3734 5948
101 228 155 290 507
564 230 591 290 S·
610 228 778 292 asiniani
800 228 940 291 sanaris
962 228 1275 291 cltnmvslmdsls
1386 178 1389 183 ·
1697 229 1777 301 Μ,

102 373 162 415 rum
175 357 391 431 trepidationem,
403 370 520 426 agnosco
533 356 629 430 egroti
640 371 733 413 rocem
744 357 770 411 in
782 355 896 420 medico,
915 367 939 448 fl
954 355 1043 411 statim
1055 356 1152 425 adepta
1167 353 1253 410 salute
1266 353 1546 422 essemnmntnseai
1556 354 1640 412 timet
1650 357 1753 425 mam,

102 462 222 522 agnosco
235 446 415 500 infirmantem
426 442 554 515 gallinam
568 459 630 500 eam
647 444 739 516 pullis:
755 443 898 501 considero
955 444 992 498 ait
1005 444 1128 514 Sapiens,
1156 445 1243 515 (namt
1256 443 1328 502 lone
1343 442 1441 515 (tiocli
1468 458 1512 511 ar,
1528 441 1566 515 t).
1588 442 1641 498 Sed
1655 459 1753 515 parum

102 535 272 598 charitatem,
282 543 379 604 stupeo
393 527 602 601 miserationem,
622 547 773 602 expavesco
799 531 901 604 digna·
955 538 997 590 est
1013 533 1158 603 :scriptam
1183 539 1226 588 eat
1239 532 1311 587 enim
1327 548 1335 586 ι
1351 531 1467 589 Deelt'rte
1481 532 1595 599 oculo,
1611 536 1640 589 et
1653 535 1756 604 feow-

102 622 212 679 tienem.
237 619 391 677 Misericors
406 620 537 677 Dominus
558 634 612 676 non
631 620 704 676 beati
721 619 838 676 tndreae
853 634 901 674 ro·
955 622 1271 694 remeatremeat
1281 620 1651 695 etperseprtersoomfPral.
1662 637 1754 691 surr,

101 713 211 767 bustum
229 708 281 764 sibi
306 709 426 778 suscepit
449 707 589 776 aifeclmn3
611 710 674 782 qnia
696 725 750 765 non
765 722 807 765 est
828 709 904 766 ιιιίι
956 713 1013 780 27).
1035 710 1096 767 Noli
1118 725 1179 766 esse
1204 711 1464 767 saluteeontentus:
1483 724 1576 783 qnare
1599 724 1704 781 mmm,
1719 725 1755 767 ne

101 814 170 870 opus
180 798 310 867 medicus,
328 796 457 854 sedmale
466 797 629 854 habentibus
637 798 748 871 (nette.
761 815 800 866 rx,
810 800 865 870 ta).
874 797 903 855 Si
957 798 1053 856 tibisit
1066 800 1092 854 in
1109 796 1227 868 periculo
1246 800 1325 854 etiam
1344 797 1419 854 sales
1438 798 1507 869 ipsa.
1522 797 1594 853 ludi
1607 812 1677 869 erge
1701 813 1756 854 sn·

104 902 185 960 quem
199 885 572 957 fortedignatioscandaliaat,
584 885 661 958 plane
673 888 901 944 mereturandirc:
957 889 1048 961 gelum
1063 895 1126 943 nato
1141 903 1184 956 ιο,
1199 886 1246 959 qni
1268 886 1356 943 faetus
1368 896 1410 943 eet
1422 902 1474 960 pax
1497 895 1600 956 nostra,
1615 886 1757 942 exsulan-

104 979 204 1036 donne
223 977 321 1033 eccles
342 979 408 1031 turta
429 991 554 1046 aequem
568 980 622 1040 est,
650 976 716 1048 gaia
731 991 777 1049 ego
797 975 904 1033 lones?
957 986 1010 1034 tem
1025 987 1104 1048 atque
1117 985 1257 1033 canentem
1270 993 1276 1033 :
1289 979 1350 1034 Poe
1362 978 1482 1033 interra
1500 975 1662 1033 hammites
1678 977 1757 1034 lose

104 1066 218 1138 (lleltlt
236 1081 280 1130 rr,
293 1066 349 1134 ld.)
363 1063 431 1119 lluic
444 1063 518 1118 enim
531 1064 600 1120 odor
613 1066 676 1122 vitea
690 1065 717 1118 in
727 1074 843 1121 mortem
852 1072 905 1120 est·
956 1067 1113 1125 voluntatis
1127 1067 1203 1136 (late.
1214 1081 1245 1122 ιι.
1263 1064 1319 1137 fl).
1334 1065 1402 1134 Qum
1416 1071 1507 1121 autem
1525 1065 1604 1130 bona,
1615 1064 1668 1120 nisi
1680 1063 1758 1121 ordi·

139 1155 167 1210 o.
191 1151 261 1222 Quid
276 1165 405 1221 magnum
428 1149 526 1219 fuerat,
551 1150 667 1206 Domine
683 1153 760 1215 lesu,
785 1153 807 1206 si
826 1167 904 1207 acce·
958 1164 1018 1210 nata
1041 1154 1187 1211 rolantasf
1214 1153 1347 1223 Quanam
1361 1163 1403 1210 est
1428 1153 1484 1222 iila,
1498 1151 1617 1225 inquis?
1632 1152 1757 1210 Profecto

103 1241 185 1297 dente
196 1239 264 1295 hora
278 1246 390 1310 propter
403 1254 482 1311 qnam
501 1254 624 1307 veneras,
643 1239 792 1312 intrepidus
805 1248 902 1309 stares,
957 1260 1018 1316 quer
1033 1241 1129 1299 rationi
1141 1250 1379 1311 consentaneaest,
1392 1241 1512 1299 dicenti:
1527 1242 1600 1311 Quin
1612 1257 1674 1298 nort
1686 1244 1757 1299 sant

105 1324 370 1402 tanquam’wtta
397 1326 442 1398 qui
463 1333 622 1398 potestatam
643 1327 762 1383 habebas
784 1328 903 1399 ponendi
957 1333 1255 1405 eondipeoepersiorter
1268 1330 1354 1404 lajas
1366 1329 1757 1403 temporisealsatsrnmgle·

103 1420 222 1474 animam
239 1427 323 1482 tuam,
340 1423 368 1471 et
382 1428 461 1472 nemo
482 1431 542 1471 eam
562 1415 673 1472 tollebat
684 1432 702 1472 a
715 1421 762 1474 tei
775 1417 832 1473 Ant
849 1432 904 1474 non
957 1423 1043 1490 mem,
1058 1437 1119 1494 eure
1132 1419 1305 1478 revelabitur
1319 1421 1350 1475 t'n
1361 1418 1440 1475 nolis
1450 1416 1540 1490 (Rom.
1552 1433 1611 1487 ann,
1628 1416 1687 1491 ts).
1701 1418 1758 1474 lloe

105 1508 186 1581 longe
210 1504 356 1578 gloriosius
374 1503 437 1571 fuit,
450 1505 771 1577 quandoquidemtotum
793 1516 902 1578 propter
957 1509 982 1563 si
993 1509 1048 1576 jam
1062 1507 1162 1564 sentire
1174 1506 1291 1575 credisti,
1306 1506 1380 1563 haud
1388 1507 1501 1562 dubium
1516 1504 1580 1577 quin
1598 1505 1711 1560 libenter
1719 1503 1757 1561 fe·

105 1611 156 1653 uos
179 1596 317 1667 agebatur,
345 1601 448 1650 utnon
472 1592 555 1649 modo
583 1592 675 1665 passio
704 1595 828 1668 corporis
855 1595 901 1651 aad
957 1612 1112 1654 rasorucem
1126 1595 1244 1665 Domini,
1254 1594 1685 1665 etdimmPemrerremetnon
1694 1612 1758 1652 runt

104 1683 286 1743 ctiamrordis
298 1681 406 1739 affectio
419 1696 470 1754 pro
484 1682 562 1739 nobis
577 1682 691 1739 laceret:
709 1692 737 1740 et
749 1699 818 1755 quos
832 1683 901 1741 riri·
919 1645 942 1724 n
956 1687 1139 1756 tariotarmt
1149 1683 1758 1759 castodtemmertdetotaetPselaxvrtr,dtt).

104 1773 202 1830 imber
219 1788 294 1829 mors
312 1780 368 1840 tna,
384 1779 430 1826 tua
449 1771 623 1828 nihilominus
641 1779 668 1828 et
688 1772 830 1844 trepidatio
854 1789 902 1830 ro-
992 1780 1018 1831 9.
1037 1776 1158 1830 Attamen
1175 1774 1198 1828 si
1221 1773 1262 1830 ris
1290 1774 1426 1844 perfectus
1458 1788 1530 1842 esse,
1558 1789 1642 1829 unum
1671 1773 1760 1831 mbae

105 1860 209 1927 bustos,
229 1868 256 1915 et
270 1858 397 1915 maestitia
408 1860 494 1927 lectos,
510 1864 538 1914 el
552 1857 660 1914 tedium
669 1860 783 1927 alacres,
799 1868 826 1917 et
839 1869 901 1917 tur·
952 1865 1001 1921 tini
1021 1866 1065 1919 cst
1091 1862 1287 1918 necessarium.
1305 1860 1387 1931 <Qum
1402 1861 1480 1929 illud,
1498 1861 1589 1934 inquis
1604 1860 1759 1919 tProtecto

104 1951 175 2008 bario
202 1950 308 2021 quietos
331 1946 442 2013 faceret,
470 1947 602 2003 desolatio
629 1948 803 2005 consolatos?
826 1949 902 2023 Lege
953 1952 1082 2025 gaudium
1096 1951 1124 2006 in
1141 1948 1242 2021 Spiritu
1258 1959 1359 2009 sancto.
1369 1949 1509 2023 Siquidem
1521 1950 1582 2006 etis
1594 1950 1645 2022 qai
1660 1950 1758 2007 timore

104 2038 213 2111 quidem
229 2039 255 2093 in
269 2035 359 2091 Lazari
376 2035 578 2104 resurrectione,
590 2035 652 2107 quia
667 2039 823 2109 infremuit
840 2040 900 2111 spi·
954 2050 1104 2109 coercetur,
1125 2049 1152 2096 et
1167 2040 1275 2110 patiens
1285 2048 1344 2111 ειη
1364 2047 1392 2094 et
1415 2039 1462 2111 qui
1477 2039 1583 2095 ratione
1600 2039 1661 2110 spei
1682 2038 1759 2096 duci·

104 2132 178 2195 rite,
194 2132 222 2187 et
232 2124 593 2199 lerteottseiprumfloert.
605 2141 643 2191 st,
655 2129 700 2198 ³3,
713 2130 768 2195 38).
779 2126 831 2183 Sed
843 2134 901 2184 esto
954 2126 1008 2200 fur,
1023 2140 1050 2186 et
1064 2128 1214 2185 benevolas
1233 2135 1293 2198 est3
1310 2127 1362 2184 nisi
1376 2127 1458 2184 ctiam
1473 2126 1555 2184 fuerit
1575 2126 1686 2185 fervens
1696 2127 1758 2198 spi-

104 2219 224 2286 interim,
238 2217 302 2288 quia
320 2230 350 2270 se
367 2215 425 2286 ipse
440 2214 576 2284 turbavit,
600 2229 655 2270 non
670 2214 831 2272 conditionis
852 2231 901 2271 ne·
951 2220 1019 2288 ritu,
1040 2216 1119 2274 facile
1148 2217 1204 2273 labi
1232 2224 1332 2289 potest.
1361 2216 1445 2273 Porro
1468 2230 1529 2287 quae
1552 2230 1603 2286 par
1625 2216 1759 2287 Spiritum

104 2305 241 2372 cessitate,
263 2304 312 2360 sed
332 2318 389 2358 snae
403 2304 572 2377 beneplacito
591 2304 745 2362 voluntatis.
759 2305 836 2362 Nune
850 2320 901 2361 au·
956 2307 1118 2363 diffunditur
1132 2306 1259 2374 charitas,
1284 2313 1311 2360 et
1325 2306 1441 2374 patiens,
1458 2311 1485 2360 et
1499 2304 1616 2376 benigna
1633 2315 1693 2370 esst
1720 2312 1758 2374 et,

108 2403 162 2451 tem
171 2391 270 2464 aliquid
284 2393 340 2462 jam
354 2391 471 2463 amplius
485 2393 575 2449 audio.
590 2393 680 2465 Usque
688 2394 756 2450 adeo
770 2393 903 2464 siquidem
957 2396 1030 2468 qrrod
1043 2402 1085 2451 est
1098 2395 1225 2467 amplius,
1243 2408 1380 2465 nunquam
1395 2394 1505 2450 excidit.
1521 2392 1550 2448 ln
1574 2391 1662 2461 primo
1676 2391 1759 2448 deni·

106 2481 244 2557 praevaluit
259 2496 290 2535 aa
304 2494 364 2552 quae
375 2479 451 2536 fortis
465 2487 507 2535 est
519 2490 549 2536 ut
559 2496 632 2536 mora
648 2481 768 2549 dilectio,
784 2490 813 2536 ut
826 2481 905 2537 Citri-
958 2502 1009 2557 quc
1023 2484 1148 2540 mandate
1174 2484 1249 2555 quod
1270 2483 1427 2552 parentibus
1440 2481 1542 2536 nostris
1556 2481 1649 2536 datam
1664 2488 1716 2550 est,
1736 2482 1759 2538 ti

107 2580 178 2632 stum
192 2570 308 2641 angelus
323 2568 371 2624 Dei
386 2567 589 2625 confortaverit.
607 2567 685 2636 Quis,
700 2571 799 2640 quand?
814 2571 905 2624 Evan-
960 2574 1104 2644 diligenter
1117 2570 1284 2639 consideres,
1300 2578 1328 2625 et
1339 2572 1398 2625 Eva
1413 2569 1528 2642 patiens,
1537 2577 1564 2625 et
1578 2568 1664 2624 Adam
1675 2569 1759 2625 bene·

106 2658 228 2728 gelistum
248 2657 487 2729 auditlpparnit,
504 2656 725 2730 inquit,ertgeltts
739 2661 906 2730 confortares
959 2662 1037 2719 volus
1062 2660 1145 2716 fuisse
1171 2660 1306 2717 uidentur.
1329 2658 1397 2725 Quia
1411 2667 1498 2714 temen
1523 2665 1637 2731 uoerque
1651 2657 1759 2725 cecidit,

107 2761 173 2802 eam
194 2748 269 2816 (lec.
290 2760 356 2815 nxrr,
383 2744 439 2817 dt).
462 2745 549 2816 Quem
568 2746 650 2802 cami
674 2746 755 2802 Plane
770 2763 842 2814 cum,
863 2748 906 2805 eui
962 2751 1047 2823 liquet
1060 2749 1132 2822 quod
1146 2747 1235 2803 stabili
1251 2762 1306 2803 non
1319 2756 1376 2804 erat
1390 2746 1486 2803 illerel
1501 2745 1544 2801 illa
1558 2747 1656 2819 gradu.
1686 2745 1760 2803 vidit

107 2837 244 2890 nascituro
266 2834 376 2889 clausus
389 2832 475 2904 patuit
495 2833 615 2906 Virginis
629 2839 734 2900 uterum
750 2835 828 2905 eujus
840 2843 909 2891 notu
961 2839 1066 2896 mulier
1080 2838 1200 2910 ligeum,
1216 2837 1253 2892 ait
1267 2835 1415 2906 Scriptura,
1424 2836 1498 2908 qaod
1520 2840 1593 2894 esset
1605 2833 1762 2909 pateinter

105 2925 133 2980 in
151 2924 242 2981 vinum
263 2939 332 2995 aqua
345 2930 447 2979 memte
461 2932 503 2979 est
511 2939 520 2992 ;
533 2925 611 2994 cujus
625 2928 697 2981 tactu
711 2927 785 2998 lepra
799 2925 904 3002 lugata3
961 2931 1022 2987 eise
1040 2931 1068 2984 et
1080 2926 1117 2982 nd
1131 2925 1298 2984 emerodcm
1306 2941 1404 2984 raooe.
1420 2926 1521 2981 Nonne
1535 2923 1585 2981 tibi
1598 2923 1706 2980 videtu
1717 2923 1762 2980 aix

106 3015 159 3071 aab
171 3014 250 3084 cujus
263 3012 361 3084 plantis
374 3012 492 3069 solidum
511 3027 585 3069 mare
599 3013 687 3085 stetit;
703 3014 737 3067 ad
759 3015 837 3084 cuins
849 3031 902 3073 ro-
919 3027 941 3106 0
955 3016 1095 3075 continere
1108 3029 1218 3070 manum
1231 3015 1246 3070 ‘l
1260 3014 1307 3071 Sic
1325 3022 1352 3070 et
1360 3013 1407 3070 ubi
1420 3028 1437 3068 a
1455 3019 1582 3085 serpente
1596 3012 1763 3083 interrogata

106 3119 163 3160 cern
187 3101 285 3159 mortui
300 3111 488 3158 surrexerunt:
515 3101 632 3174 denique
648 3117 720 3171 eam,
745 3103 791 3176 qui
815 3113 904 3174 portat
959 3113 1009 3174 est,
1029 3105 1092 3163 ride
1107 3103 1131 3160 si
1146 3117 1201 3159 non
1223 3101 1365 3158 manifeste
1379 3108 1477 3157 sonant
1490 3101 1573 3158 rerba
1585 3100 1648 3170 eins
1671 3099 1762 3156 mola·

105 3191 195 3248 omnia
216 3192 299 3246 verbo
318 3189 423 3247 virtutis
437 3205 509 3256 suae3
526 3206 574 3261 per
591 3190 752 3264 quemfacta
767 3200 830 3248 sunt
844 3207 906 3249 om·
959 3204 1030 3250 stum
1053 3193 1078 3249 ei
1106 3192 1192 3248 fuisse
1216 3191 1381 3247 mandatnm.
1407 3192 1451 3248 De
1463 3191 1553 3256 emat,
1569 3189 1666 3262 inqut,
1683 3189 1761 3262 ligno

104 3279 161 3335 nia:
176 3295 225 3351 per
243 3293 323 3350 quem
338 3278 465 3335 universa
479 3279 640 3346 subsistunt,
657 3282 737 3336 etiam
753 3288 780 3336 et
793 3282 906 3355 angelus
962 3280 1209 3356 imperante
1217 3278 1761 3350 comedimmaettpaooatrmreiesttoe

7 3359 9 3362 ’
104 3366 172 3438 ipse.
187 3368 223 3422 lit
235 3367 299 3438 quid
314 3367 423 3422 dicamf
443 3363 532 3434 Quem
546 3373 634 3425 eum?
656 3367 745 3424 liinas
759 3369 830 3425 enim
845 3386 905 3426 mo-
960 3373 1024 3429 torri
1037 3375 1068 3427 et
1081 3371 1153 3426 meli
1165 3369 1242 3426 dicit
1255 3370 1409 3426 noltsrlfe
1421 3368 1698 3438 comedomaswots.
1713 3381 1756 3433 ιιι,

105 3470 190 3521 rerer,
216 3456 240 3510 si
263 3470 318 3510 non
342 3457 450 3527 penitus
473 3466 545 3512 esset
565 3455 720 3512 indicibilis.
744 3457 906 3515 confortans
959 3464 986 3528 2,
1001 3461 1040 3530 3).
1056 3459 1115 3515 Non
1128 3457 1214 3529 dieit3
1231 3457 1276 3513 Sic
1290 3466 1332 3513 est
1349 3457 1475 3514 voluntas
1503 3456 1661 3513 creatoris:
1676 3469 1762 3529 quaro

106 3559 173 3619 ergo
191 3560 265 3613 eum,
283 3544 364 3614 enjus
385 3559 421 3599 ne
442 3543 500 3615 ipse
519 3544 628 3617 quidem
652 3543 819 3602 confortator
839 3560 906 3604 sans
960 3549 1010 3615 sio,
1036 3547 1096 3619 ipse
1118 3545 1215 3603 novit:
1250 3545 1330 3601 nobis
1357 3544 1458 3603 sufficit
1481 3543 1761 3616 obedientiariis

107 3649 203 3704 capere
222 3634 516 3707 poteratmajestatem.
960 3645 1051 3694 nostra
1064 3635 1238 3694 involuntatc
1260 3636 1330 3706 eius.
1360 3635 1453 3707 ltaque
1471 3632 1553 3691 facile
1581 3631 1695 3690 sedum
1719 3641 1763 3690 est

140 3725 167 3780 f.
185 3724 262 3797 liogo
276 3731 313 3794 te,
337 3724 445 3798 angele,
461 3739 540 3797 quem
554 3724 721 3781 consolaria?
736 3726 778 3780 lin
793 3725 907 3798 ignora·
961 3725 1063 3783 mulier
1080 3733 1109 3782 et
1137 3723 1310 3796 promissioni
1323 3723 1445 3790 credere,
1459 3731 1489 3778 et
1501 3721 1678 3794 aoqmemere
1695 3736 1759 3794 pcr-

105 3813 154 3870 bas
165 3812 226 3885 quis
237 3821 320 3882 esset,
335 3814 368 3868 ad
379 3829 457 3884 quiem
470 3813 664 3872 consolandum
673 3815 908 3875 veniebasfcerte
961 3815 1094 3871 suasioni.
1110 3813 1159 3869 Vir
1172 3820 1262 3868 autent
1276 3827 1330 3869 non
1341 3813 1470 3869 seductas
1479 3819 1522 3868 est
1533 3809 1564 3883 (l
1574 3813 1643 3868 lim.
1652 3823 1687 3877 ιι,
1702 3811 1759 3882 rt),

107 3901 263 3958 consolator
284 3907 336 3967 est,
360 3910 434 3957 certe
457 3902 610 3960 Paracletus
634 3910 689 3959 est:
709 3902 831 3976 alioquin
853 3918 908 3960 non
962 3904 1007 3959 sed
1022 3904 1168 3961 subversas
1187 3900 1309 3956 mulieris
1324 3899 1635 3972 amore.0ptaretenim
1652 3914 1762 3971 super

107 3988 221 4055 diceret,
240 3987 323 4044 alium
340 3988 508 4045 Paracletum
529 4007 544 4047 a
563 3992 639 4049 Patre
663 3991 823 4050 mittendum
841 4007 909 4063 apo·
963 4007 1070 4048 servare
1097 3991 1263 4058 mandatum,
1279 3989 1352 4062 qood
1371 3989 1422 4045 sibi
1436 3989 1502 4045 utile
1525 3994 1648 4058 novant,
1667 3987 1762 4044 sim

106 4077 184 4135 stolis
199 4077 291 4148 (loen.
311 4091 369 4146 rra,
393 4079 449 4146 li),
466 4078 488 4133 si
502 4094 557 4136 non
576 4090 650 4138 esset
663 4090 692 4137 et
704 4081 764 4154 ipse
783 4082 909 4137 Paracle·
964 4079 1064 4137 mulier
1076 4081 1101 4136 ei
1117 4080 1189 4136 aliud
1204 4079 1338 4138 suaderet.
1355 4079 1412 4134 Nec
1438 4078 1558 4150 aliquam
1574 4076 1602 4132 in
1624 4076 1761 4134 serendo

106 4177 156 4224 tus.
183 4166 306 4240 lienique
330 4181 449 4240 agnosco
476 4175 504 4224 et
529 4168 557 4225 ia
583 4171 634 4227 ltoc
655 4169 715 4241 ipso
740 4170 907 4227 Paracletum
964 4169 1093 4225 mandato
1116 4168 1190 4224 risus
1207 4178 1247 4224 cst
1262 4168 1316 4239 peti
1331 4165 1518 4224 difficultatem
1533 4165 1600 4235 ;sed
1614 4180 1675 4239 quae
1689 4165 1763 4222 bena

106 4256 264 4322 maximam,
288 4269 408 4328 agnosco
422 4255 586 4313 Paracletum
608 4258 845 4331 benignissimum,
860 4259 908 4330 qui
962 4259 1086 4315 voluntas
1114 4267 1181 4325 eret,
1203 4272 1256 4313 non
1285 4255 1378 4312 habuit
1403 4254 1598 4321 fortitudinem,
1612 4253 1678 4326 quia
1705 4268 1762 4310 non

106 4360 191 4417 propc
205 4343 241 4401 sit
255 4345 297 4400 iris
319 4344 365 4417 qui
382 4343 507 4401 tribulato
522 4353 584 4400 sunt
605 4345 699 4403 corde.
715 4347 777 4402 Non
790 4346 907 4420 despero
922 4363 945 4442 ὓ
960 4346 1054 4403 habuit
1070 4347 1212 4401 fervorem.

105 4435 174 4506 jam,
193 4432 317 4503 Domine,
337 4432 443 4489 etiamsi
461 4433 575 4490 molesta
594 4433 660 4490 milti
678 4434 801 4492 rideatur
821 4437 906 4492 tribu·
998 4438 1043 4492 to.
1059 4433 1147 4491 Fertis
1161 4432 1262 4504 quippe
1280 4442 1322 4509 est
1344 4439 1374 4488 ut
1401 4447 1486 4501 mors,
1502 4446 1557 4489 non
1570 4430 1764 4503 praenotant

108 4524 173 4581 latio
187 4538 268 4596 quam
289 4522 386 4595 patior,
405 4523 509 4579 etiamsi
524 4523 702 4594 pusillanimis
715 4539 786 4590 snm,
802 4523 906 4580 etiamsi
961 4539 1036 4594 spes,
1052 4523 1100 4578 sed
1116 4521 1328 4594 dilectio(dertt.
1344 4536 1403 4587 rm,
1416 4522 1445 4591 6)
1458 4537 1465 4589 ;
1476 4534 1534 4576 non
1545 4519 1683 4577 timerent
1694 4520 1764 4576 ratio

106 4613 231 4670 desidero
252 4618 281 4666 nt
303 4610 478 4668 transferatur
494 4611 564 4669 calix
587 4627 602 4667 a
625 4627 680 4667 me.
699 4612 760 4667 Non
780 4612 906 4683 despero,
963 4613 1012 4668 sed
1043 4611 1156 4683 spiritus
1180 4609 1342 4667 fortitudinis
1369 4621 1420 4666 ιιι.
1449 4608 1522 4665 Dicit
1549 4607 1680 4681 patientia
1693 4624 1702 4662 ε
1717 4607 1764 4665 Sic

107 4702 229 4775 inquam,
244 4699 395 4756 dummodo
405 4699 501 4756 addam
511 4708 538 4756 et
552 4701 626 4772 ipse:
645 4702 842 4759 Verumtamen
851 4716 910 4758 rton
963 4707 1069 4772 oportet
1096 4699 1165 4768 ieri,
1193 4699 1259 4771 quia
1286 4700 1383 4756 timore
1401 4705 1522 4771 urgetur.
1542 4697 1615 4754 Dicit
1637 4696 1763 4755 voluntas

107 4793 181 4849 ticet
195 4790 324 4863 epovolo,
338 4789 724 4863 scdrmattatlfeltltmrvr,
743 4790 799 4862 39).
819 4789 911 4847 Didici
963 4790 1052 4845 bona:
1079 4787 1125 4844 Sic
1144 4788 1267 4859 expedit,
1283 4787 1511 4861 atsicagendam
1524 4792 1582 4857 est;
1612 4786 1676 4860 quis
1702 4785 1763 4857 spei

105 4879 190 4935 ctiam
213 4894 246 4934 er
261 4879 313 4935 hoc
336 4878 405 4951 ipso,
429 4893 482 4933 non
497 4878 532 4933 rtd
551 4879 686 4934 carnalem
708 4877 767 4934 sive
781 4878 909 4935 caducam
963 4877 1106 4936 attrahitur
1121 4876 1237 4934 mione.
1251 4877 1377 4932 Charites
1394 4891 1460 4935 varo
1487 4891 1550 4949 qum
1580 4875 1764 4932 inflammatur

107 4982 249 5024 recurrere
271 4965 496 5034 consolationem,
520 4966 567 5024 sed
582 4966 616 5023 ad
631 4964 791 5036 angelicam,
813 4967 863 5023 sed
875 4968 910 5023 ad
963 4967 1102 5039 aspirita,
1117 4981 1223 5038 neque:
1239 4966 1284 5023 Sic
1298 4973 1414 5038 oportet,
1434 4965 1616 5036 diciturque
1632 4979 1641 5018 ι
1656 4963 1703 5021 Sic
1717 4978 1763 5020 eu·

108 5055 909 5128 coelestemlttplane,dummodononmurmurem(ideuim
964 5056 1055 5129 pedit;
1071 5056 1119 5112 sed
1135 5072 1142 5113 :
1163 5055 1209 5112 Sic
1226 5055 1300 5125 volo,
1320 5055 1416 5127 inquit,
1432 5054 1471 5111 sic
1484 5053 1575 5124 cupio,
1585 5047 1626 5110 sic
1638 5052 1763 5111 desidero

111 5144 219 5217 penitus
233 5154 368 5216 separaret
388 5155 454 5212 ate,
481 5146 503 5201 si
519 5161 574 5201 non
597 5144 675 5203 citius
695 5143 909 5216 resipiscerem);
963 5148 1150 5203 vehementer.
1188 5145 1290 5202 Videtis
1328 5154 1426 5214 quanta
1463 5143 1634 5212 sublimitas,
1663 5142 1764 5200 ridetis

110 5250 166 5292 non
177 5248 272 5303 renuo,
289 5232 395 5290 etiamsi
404 5250 473 5305 opus
483 5237 570 5292 habeo
582 5233 725 5292 consolari.
736 5234 809 5304 Quid
819 5233 910 5289 enim?
963 5245 1063 5306 quanta
1077 5232 1218 5303 securitas,
1235 5241 1387 5305 quantaque
1401 5233 1521 5289 suavitas
1534 5230 1683 5289 marteris.
1708 5231 1763 5289 Fc-

109 5339 228 5399 agnosee
242 5337 433 5381 vocemmeam
447 5323 665 5392 inSalaatore,et
677 5323 910 5395 desaluledespe-
964 5325 1000 5381 fir
1015 5325 1113 5395 anima,
1136 5339 1198 5395 qum
1221 5322 1342 5380 adhunc
1363 5322 1505 5380 charitatis
1530 5321 1684 5394 pervenerit
1711 5328 1767 5377 sta·

109 5412 277 5470 remiPlane
287 5411 517 5486 inpatientiamea
527 5413 673 5486 possidebo
682 5414 799 5470 animam
811 5427 910 5470 meam.
966 5414 1042 5471 tamf
1058 5414 1115 5471 Nec
1127 5428 1194 5470 sane
1223 5410 1421 5483 desperandum
1433 5411 1524 5481 nobis,
1543 5410 1764 5483 qundoquidem

147 5507 174 5561 8.
196 5505 392 5562 Verumtamen
412 5500 541 5577 proficere
565 5503 637 5572 volo,
667 5501 691 5560 si
704 5517 835 5574 -possmn,
860 5517 910 5560 nec
964 5503 1035 5573 eins,
1050 5502 1098 5576 qui
1110 5502 1144 5557 td
1161 5504 1234 5560 nnnc
1257 5501 1381 5574 parvenit
1394 5501 1519 5576 gradum,
1533 5500 1570 5558 ob
1582 5500 1764 5559 noemmime
