3734 5948
102 207 156 270 895
588 203 615 261 S.
635 202 803 265 titutum
820 203 957 264 ABBleS
975 201 1290 290 ctam-vatianus
1703 197 1757 259 896

105 334 231 404 (Cant-t,
247 330 286 403 3).
302 330 368 386 Puto
383 336 494 402 propter
505 328 608 402 aliquas
628 330 663 385 de
684 345 797 386 numero
820 329 897 403 ipsa·
914 345 937 424 Ι
956 346 1028 386 mum
1053 329 1161 403 quidem
1194 342 1224 386 se
1254 329 1342 402 ipsum
1367 328 1455 401 prodit
1481 341 1593 385 menum
1613 324 1756 384 charitate.

104 437 174 486 rum,
191 436 250 493 quae
264 433 318 475 non
335 419 404 474 idem
425 426 561 488 saperent,
580 418 645 475 licet
659 420 759 492 pariter
786 434 898 476 currere
954 418 1057 476 Deinde
1080 417 1145 489 quid
1166 417 1240 474 aliud
1260 416 1427 475 detrahendo
1451 413 1576 486 intendit,
1601 413 1654 470 nisi
1674 421 1709 471 ut
1722 412 1757 479 ia,

105 511 263 568 riderentur
279 523 359 579 ;quae
374 523 422 562 sus
437 515 668 580 suntquaerentes,
684 516 712 562 ot
725 523 780 565 non
804 510 899 565 ambu-
954 509 997 565 cai
1011 507 1138 576 detrabit,
1153 506 1243 562 veniat
1257 506 1284 561 in
1307 507 1400 563 odium
1418 505 1461 561 rel
1476 509 1662 575 contemptum
1677 501 1756 572 ipsis,

104 599 189 654 lantes
208 595 367 663 simpliciter
380 611 468 667 neque
478 596 593 663 sincere,
608 598 654 653 sed
670 596 781 666 speciali
805 598 900 671 glorie
953 597 1024 668 apud
1038 612 1107 668 quos
1121 595 1261 652 detrabit?
1276 595 1348 651 Ferit
1360 609 1430 666 ergo
1444 592 1605 650 charitatem
1624 590 1653 646 in
1667 591 1758 647 omni·

104 685 197 743 matris
212 684 373 753 inridentes,
387 693 412 741 et
426 694 566 756 captantes
580 684 751 741 occasionem
776 701 899 741 murmu-
953 685 1005 741 bus
1020 684 1066 758 qui
1081 701 1110 741 se
1125 686 1237 741 audiunt
1260 684 1351 753 lingua
1374 683 1514 752 maledica,
1534 690 1561 738 et
1583 682 1758 755 quantumin

104 774 180 831 randi
194 775 326 830 adversus
346 789 415 839 eam,
441 791 473 829 ex
493 791 526 830 eo
549 774 677 832 nimirum
704 775 776 847 quod
791 775 850 831 sola
873 776 900 829 in
955 791 984 831 se
996 785 1045 841 est,
1065 783 1143 832 necat
1158 775 1279 831 funditus
1295 780 1321 830 et
1343 773 1509 845 exstinguit:
1525 786 1580 827 non
1597 770 1692 828 solum
1707 786 1756 825 au·

104 864 211 920 cellaria
235 864 382 919 introisset.
402 864 480 936 Quod
509 872 626 922 nonest
649 862 721 921 aliud
750 864 800 919 nisi
827 864 901 936 quod
954 870 1020 930 tem,
1041 863 1129 920 sedet
1144 864 1170 918 in
1190 863 1344 918 absentibus
1365 861 1510 927 universis,
1526 860 1559 917 ad
1578 875 1648 934 quos
1663 859 1759 917 volans

105 951 251 1024 Apostolus
265 953 317 1008 ait:
330 954 493 1009 Periculum
508 955 630 1024 insulsis
639 953 780 1025 frutribus
789 954 830 1023 (ll
838 955 898 1011 Gor.
954 952 1066 1007 verbum
1076 951 1145 1007 lorte
1158 966 1206 1021 per
1217 966 1271 1016 eos,
1289 949 1335 1023 qui
1351 957 1508 1022 praesentes,
1523 958 1595 1017 sunt,
1610 946 1759 1021 pervenire

104 1055 146 1110 ιι,
162 1043 206 1096 26.
222 1039 292 1114 Ipsae
320 1048 382 1097 sunt
406 1040 522 1114 denique
549 1041 647 1112 quibua
676 1041 902 1111 exprobrantibus
955 1039 1109 1110 contigerit.
1126 1037 1206 1093 Vides
1224 1054 1304 1110 quam
1319 1035 1399 1093 laeile
1418 1046 1445 1092 et
1467 1035 1495 1091 in
1518 1036 1593 1091 beri
1614 1035 1757 1107 ingentem

105 1130 221 1187 subinde
243 1145 291 1200 pro
311 1146 340 1187 se
358 1130 514 1187 mustacem
537 1129 653 1201 cogitur,
669 1128 714 1184 ubi
737 1130 777 1187 eis
799 1129 835 1185 its
859 1146 901 1185 re·
955 1126 1154 1183 multitudinem
1185 1133 1335 1182 animarum
1368 1124 1496 1181 velociter
1526 1138 1640 1180 currens
1670 1138 1760 1180 sermo

104 1220 239 1290 spondet:
257 1220 430 1292 Nigrorum,
446 1220 641 1291 redformosu,
658 1218 729 1288 filiae
743 1219 902 1276 ierusalem
956 1216 1018 1272 tabe
1041 1215 1148 1271 malitie
1162 1216 1245 1287 bujus
1273 1215 1382 1271 inlicere
1405 1213 1502 1285 possit.
1524 1214 1674 1283 Propterea
1694 1211 1761 1268 dicit

110 1309 408 1381 (astantumque
436 1315 548 1380 propter
557 1316 757 1362 murmurantes
781 1315 808 1362 et
824 1309 899 1363 blas·
956 1306 990 1362 de
1004 1306 1100 1360 talibus
1123 1305 1296 1376 propheticus
1323 1303 1453 1374 spiritus:
1482 1304 1607 1372 Quarum
1620 1318 1649 1358 or
1670 1302 1760 1359 mole-

105 1397 263 1468 pbemantos
278 1394 375 1450 dicitur
389 1395 422 1450 ab
436 1394 555 1468 hisquae
570 1395 658 1465 bonae,
676 1408 737 1466 quae
751 1393 901 1465 simplices,
957 1393 1079 1451 dictione
1098 1399 1126 1450 et
1145 1393 1342 1451 amaritudine
1354 1393 1474 1466 pienum
1492 1395 1545 1456 est,
1558 1391 1664 1449 remees
1676 1390 1761 1464 pedes

106 1499 168 1555 quaa
187 1482 304 1539 humiles
325 1493 352 1539 et
370 1490 519 1539 mansuetu
545 1489 621 1549 sunt3
650 1481 684 1536 ab
702 1483 755 1549 his,
779 1481 901 1553 iuquam,
958 1498 1056 1542 eorum
1075 1483 1112 1539 od
1126 1481 1333 1555 effundendum
1351 1482 1519 1552 sanguinem
1536 1478 1624 1549 (Paul.
1640 1494 1708 1547 atu,
1719 1481 1758 1548 ³).

107 1572 206 1629 dicitnr
218 1587 325 1641 aponsae
344 1570 500 1628 consolandi
514 1571 618 1644 gratia:
637 1572 714 1628 ilenti
727 1571 853 1643 diligunt
865 1575 900 1629 ie.
959 1571 1057 1641 Utique
1066 1579 1122 1628 tarn
1132 1572 1337 1644 veloces,quam
1347 1568 1474 1626 velociter
1483 1568 1567 1625 currit
1576 1567 1761 1624 sermo.llnns

107 1661 165 1715 Non
180 1658 215 1715 sit
228 1659 286 1724 tibi,
301 1658 435 1732 inquiunt,
451 1675 515 1714 cura
529 1659 563 1713 de
577 1658 670 1729 iniqua
694 1660 904 1729 reprehensione
920 1654 943 1733 Β
958 1669 1000 1717 est
1014 1660 1058 1732 qui
1072 1660 1199 1732 loquitur,
1212 1669 1240 1716 et
1253 1677 1336 1716 unum
1352 1667 1455 1715 tantum
1471 1658 1582 1714 terbum
1597 1655 1704 1729 profert
1715 1666 1762 1725 3et

107 1747 321 1817 blasphemarum
334 1749 440 1812 barum,
456 1764 515 1802 curn
531 1755 635 1802 constet
657 1749 720 1819 quia
734 1750 811 1804 Raeti
838 1749 903 1805 diti·

107 1840 179 1910 gunt
197 1841 232 1893 te.
254 1836 456 1907 ilonaproleeto
470 1836 629 1906 consolatio,
650 1852 712 1892 eum
727 1836 902 1908 blasphema-

108 1941 170 1980 mur
182 1941 199 1979 a
213 1924 289 1979 malis
304 1926 374 1979 bene
398 1923 537 1993 iacientes,
562 1924 584 1978 si
601 1925 667 1980 reeti
695 1924 809 1999 diligant
841 1942 901 1983 nos.

106 2013 223 2071 Omnino
232 1999 331 2068 sulltclt
344 2013 474 2069 adversus
488 2027 519 2067 os
536 2012 705 2083 loquentium
724 2011 825 2084 iniqua,
842 2016 900 2086 opi-

106 2101 151 2159 nio
166 2102 300 2156 bonorum
314 2116 374 2157 oum
389 2099 544 2156 testimonio
559 2100 743 2156 conscientia.
759 2103 792 2157 ln
804 2104 902 2158 Domi-

107 2208 144 2249 no
152 2190 317 2247 laudabitur
326 2192 434 2258 anima,
442 2189 645 2253 meu,nudiunt
654 2191 808 2255 mansueti,
818 2197 844 2248 et
856 2192 915 2267 tta-¹

108 2281 372 2345 tentumidansueti,
388 2277 483 2351 inquit,
496 2282 632 2336 laetentur
647 2278 845 2350 (Pratxttxtu,
863 2283 902 2353 2).

106 2368 254 2425 liausuetis
279 2369 409 2438 placeam,
426 2376 453 2422 et
465 2367 652 2439 equanimiter
666 2367 746 2424 audio
774 2368 903 2442 quidquid

959 1759 1048 1806 tamen
1065 1748 1133 1806 illud
1149 1767 1234 1806 unum
1248 1749 1372 1816 terbum,
1388 1763 1442 1804 utto
1457 1747 1484 1802 in
1498 1753 1646 1815 momento,
1663 1745 1761 1802 multi·

958 1840 1061 1895 tudinis
1076 1839 1256 1907 audientium,
1272 1839 1337 1895 dunt
1352 1853 1433 1893 aures
1446 1834 1537 1900 inlicit,
1550 1835 1655 1892 animas
1671 1835 1760 1893 inter·

958 1926 1023 1994 licit,
1038 1928 1092 1983 Cor
1105 1926 1240 1999 siquidem
1255 1924 1317 1981 iolla
1339 1925 1432 1981 litoris
1453 1940 1572 1980 amarum
1594 1941 1644 1996 per
1659 1924 1761 1998 lingnae

957 2015 1162 2070 instrumentum
1187 2031 1316 2087 spargere
1337 2014 1389 2068 nisi
1411 2030 1502 2069 amara
1527 2030 1582 2070 noa
1603 2022 1705 2084 potest,
1719 2014 1760 2070 di·

958 2114 1035 2160 eente
1041 2104 1166 2161 Domino:
1178 2104 1401 2162 Ecubunduntia
1409 2103 1758 2177 cordisosloquiturlluc·

958 2210 999 2259 vt,
1015 2193 1071 2264 ta).
1092 2195 1126 2249 Et
1141 2199 1206 2249 sunt
1220 2192 1326 2265 speeies
1345 2191 1431 2264 pestis
1445 2193 1535 2262 buius,
1551 2192 1615 2247 dum
1635 2192 1683 2248 alii
1697 2189 1760 2265 qui·

957 2283 1020 2338 dem
1036 2283 1108 2339 uude
1123 2292 1204 2354 atque
1217 2281 1407 2348 irreverenter,
1424 2280 1463 2336 uti
1476 2280 1503 2335 itt
1518 2281 1632 2336 buccam
1646 2279 1756 2347 venerit,

958 2372 1032 2431 tirus
1047 2380 1172 2429 evomant
1187 2371 1379 2439 detractionis;
1400 2370 1445 2425 alii
1468 2378 1557 2425 antem
1579 2369 1700 2441 quodam
1722 2369 1758 2424 si·

107 2458 136 2514 in
150 2474 193 2514 me
205 2458 306 2528 jactare
319 2454 437 2513 voluerit
450 2456 520 2512 livor
530 2456 706 2528 perditarum.
958 2463 1065 2518 mutatae
1080 2461 1253 2518 verecundiae
1269 2458 1331 2516 luco
1344 2467 1502 2531 conceptam
1517 2456 1660 2528 malitiam,
1680 2473 1757 2531 quant

144 2549 170 2602 3.
186 2547 259 2619 Ergo
273 2545 299 2600 in
314 2547 367 2602 boo
380 2560 462 2601 sensu
475 2551 542 2615 puto
556 2544 720 2616 appositum,
743 2548 822 2604 liectt'
836 2548 903 2604 dili·
958 2551 1075 2607 retinere
1089 2566 1143 2606 non
1160 2558 1285 2621 possunt,
1309 2548 1470 2603 adumbrare
1493 2555 1636 2605 conentur.
1663 2547 1760 2605 Videas

108 2639 181 2708 gunt
192 2639 230 2691 te.
246 2634 302 2690 Nec
316 2633 442 2699 absurde,
458 2641 488 2689 ut
503 2633 608 2689 aestlmo
623 2651 630 2688 :
647 2648 708 2688 oum
724 2636 823 2707 ubique
835 2653 904 2709 pene
957 2639 1010 2695 alta
1024 2638 1152 2711 premitti
1171 2638 1300 2710 suspiria,
1314 2636 1406 2709 sieque
1419 2637 1537 2708 quadam
1551 2651 1612 2692 eum
1627 2637 1760 2711 gravitate

107 2723 136 2778 in
163 2723 247 2778 choro
269 2720 530 2777 adolescentularum
556 2721 622 2776 tales
645 2721 825 2789 inveniantur,
843 2742 904 2796 quae
957 2735 984 2782 et
1005 2728 1141 2794 tarditate,
1167 2728 1245 2783 vultu
1273 2732 1381 2795 moesto,
1406 2725 1526 2780 dimissis
1549 2723 1712 2795 superciliis,
1734 2731 1761 2780 et

108 2822 284 2885 aetaspousae
298 2809 406 2868 curioso
425 2810 580 2880 observent,
597 2810 757 2885 derogandi,
774 2829 827 2871 nou
843 2815 903 2869 imi·
957 2832 1025 2874 voce
1052 2815 1189 2890 plangenti
1219 2815 1313 2888 egredi
1346 2812 1562 2871 maledictionem
1590 2818 1618 2866 et
1650 2811 1760 2884 quidem

110 2901 183 2960 tandi
197 2916 288 2957 eausa.
303 2901 473 2972 Torquentur
486 2898 512 2953 iu
526 2898 607 2954 bonis
623 2899 761 2956 seniorum
780 2916 901 2971 suorum,
957 2911 1030 2961 tanto
1055 2901 1310 2975 persuasibiliorem,
1327 2913 1429 2973 quanto
1452 2901 1571 2957 ereditur
1594 2900 1628 2955 ab
1650 2900 1695 2955 bia
1714 2899 1757 2971 qui

109 2989 188 3045 malis
204 2996 359 3060 pascuntur.
375 2987 474 3044 Videas
494 2987 635 3043 ambulare
650 3004 783 3059 seorsum,
802 3008 903 3050 conve-
921 2953 1080 3056 caudiunt,
1096 2989 1178 3047 corde
1193 2988 1291 3054 intrito,
1311 2997 1339 3044 et
1357 2989 1444 3058 magis
1462 2987 1631 3045 condolentis
1645 2987 1755 3054 allecta,

110 3078 170 3134 nire
184 3077 235 3131 sibi
251 3074 384 3132 etsedere
412 3073 521 3145 pariter,
538 3089 653 3146 moxque
667 3075 756 3132 latare
777 3094 904 3149 procaces
957 3096 1038 3152 quam
1053 3077 1186 3134 malitiose
1199 3075 1324 3148 prolerri.
1339 3075 1436 3141 Doleo,
1453 3075 1550 3147 inquit,
1570 3077 1761 3142 vehementer,

108 3165 216 3237 linguas
229 3165 255 3219 in
277 3163 463 3220 detestandum
478 3164 641 3220 susurrium.
656 3166 715 3221 Una
726 3167 772 3239 qui
784 3171 904 3240 ronjun-
959 3183 1007 3240 pro
1025 3183 1058 3224 eo
1074 3166 1149 3240 quod
1165 3165 1249 3240 diligo
1267 3181 1329 3220 eum
1343 3163 1420 3232 satis,
1441 3173 1469 3220 et
1484 3177 1620 3234 nunquam
1635 3165 1714 3230 potui
1731 3165 1766 3220 de

109 3254 191 3330 gitur,
219 3267 271 3311 nee
286 3249 397 3309 1817
413 3251 579 3322 spiraculum
594 3254 695 3310 incedit
708 3255 735 3309 in
749 3258 807 3325 eis;
833 3267 905 3314 tanta
958 3259 1010 3313 bac
1032 3271 1061 3311 re
1084 3253 1221 3327 corrigere
1242 3268 1316 3311 eum.
1331 3252 1363 3307 Et
1381 3249 1468 3306 alius:
1485 3249 1551 3305 tlibi
1574 3247 1697 3320 quidem,
1714 3253 1766 3321 ait,

110 3353 152 3401 est
166 3341 250 3398 libido
264 3339 432 3405 detrahendi,
456 3339 616 3397 audiendive
640 3342 835 3400 detrahentem.
860 3349 904 3402 ln·
957 3345 1027 3399 bene
1046 3350 1213 3413 compertum
1239 3340 1323 3396 luerat
1344 3340 1378 3395 de
1396 3338 1445 3393 illo
1467 3338 1559 3394 istud:
1580 3335 1628 3391 sed
1648 3350 1698 3405 per
1721 3351 1767 3392 me

110 3441 177 3489 eunt
190 3429 396 3486 familiaritatem
411 3427 446 3483 ad
461 3429 687 3496 maledicendum,
708 3433 858 3490 concordes
871 3438 903 3492 ad
958 3447 1098 3502 uunquam
1112 3428 1284 3485 innotuisset.
1299 3426 1476 3500 aequoniam
1498 3440 1548 3499 per
1571 3424 1687 3480 alterum
1712 3441 1762 3495 pa·

109 3521 281 3578 discordiam.
296 3517 444 3575 conciliant
472 3517 542 3573 inter
560 3533 589 3572 se
620 3517 820 3577 inimicissimas
838 3523 906 3578 anti·
958 3520 1055 3578 telacla
1069 3527 1111 3576 est
1123 3537 1178 3585 res,
1195 3518 1332 3576 reutatem
1345 3533 1445 3591 negare
1455 3533 1510 3573 nott
1525 3531 1653 3588 possum:
1667 3513 1763 3572 dolens

108 3611 195 3676 citias,
211 3619 238 3666 et
253 3607 508 3680 pariconsentaueae
522 3604 696 3677 malignitatis
711 3607 808 3666 ellectu
832 3609 905 3667 cele·
959 3609 1030 3682 dico,
1059 3625 1157 3667 revera
1180 3608 1216 3664 ita
1237 3617 1288 3664 est.
1313 3607 1347 3663 Et
1367 3605 1459 3662 addit:
1477 3604 1587 3661 Grande
1613 3603 1761 3659 damnum!

109 3701 203 3756 bratur
221 3698 313 3755 odiosa
331 3694 448 3752 collatio.
467 3693 543 3748 Haud
562 3707 640 3750 secus
661 3709 743 3768 egero
769 3698 906 3768 quondam
958 3716 1020 3755 nam
1036 3698 1102 3755 alias
1115 3697 1224 3771 quidem
1239 3696 1268 3753 iu
1283 3695 1408 3768 pluribus
1422 3694 1512 3766 ralet3
1527 3702 1654 3750 caeterum
1670 3691 1699 3746 in
1713 3693 1764 3748 hac

110 3786 232 3843 llerodes
247 3795 275 3840 et
287 3785 399 3848 Pilatus,
414 3782 448 3837 de
470 3781 569 3852 quibus
596 3790 688 3839 narrat
723 3785 906 3858 Evangelium
960 3799 1045 3862 parte,
1063 3795 1092 3842 ut
1107 3803 1199 3843 terunt
1219 3786 1359 3853 fateamur,
1379 3782 1501 3841 excusari
1527 3781 1639 3837 minime
1664 3787 1762 3851 potest.

105 3874 173 3945 ‚quia
186 3870 838 3947 factimntamt'oit'nilludie(l.uc1xrtt,12),
855 3875 907 3930 hoe
996 3882 1023 3935 t.
1053 3877 1101 3933 llis
1132 3875 1224 3949 paucis
1254 3875 1384 3933 adversus
1410 3871 1638 3947 malignissimum
1665 3869 1761 3927 vitium

111 3967 154 4017 est
168 3960 194 4014 in
210 3957 253 4013 die
268 3955 415 4012 Dominioae
439 3956 581 4025 passionis.
612 3955 844 4019 convenientibas
868 3963 908 4019 sic
960 3965 1189 4034 commemoratis,
1205 3974 1372 4019 revertamur
1394 3962 1427 4016 ad
1447 3958 1608 4033 explanandi
1627 3957 1763 4024 ordinem,

111 4048 248 4117 inunum,
264 4053 373 4102 nonest
399 4042 571 4098 Dominieam
601 4059 706 4102 coenam
733 4052 906 4118 manducare,
962 4064 989 4112 et
1002 4051 1272 4122 demonstremusqui
1286 4051 1340 4106 sint
1353 4049 1476 4106 hocloco
1489 4047 1658 4121 intelligendi
1676 4049 1766 4105 Recti.

113 4136 161 4192 sed
175 4136 262 4210 magis
269 4135 414 4207 propinare
428 4141 456 4189 et
470 4132 563 4188 bibere
576 4131 686 4190 calicem
697 4137 906 4206 daemoniorum
961 4144 1023 4199 Nou
1036 4141 1108 4197 enim
1122 4141 1238 4199 arbitror
1256 4140 1356 4195 sentire
1380 4137 1535 4209 quempiam
1560 4145 1640 4192 reotae
1663 4134 1765 4191 intelli·

113 4225 177 4282 dum
190 4225 396 4297 importantibus
409 4220 511 4295 linguis
525 4221 640 4277 aliorum
653 4224 813 4292 perditionis
819 4225 907 4292 virus,
963 4229 1071 4305 gantiae,
1083 4230 1228 4285 meandum
1242 4242 1342 4298 eorpus
1357 4233 1445 4282 rectos
1455 4226 1507 4281 dici
1519 4224 1621 4297 eosqui
1636 4239 1766 4294 sponsam

113 4314 226 4370 aliorum
240 4330 319 4370 aures
334 4317 479 4369 intrantem
493 4321 608 4366 mortem
623 4310 736 4368 libenter
760 4312 907 4384 excipiunt.
967 4314 1084 4374 1348
1105 4317 1231 4387 diligunt.
1246 4317 1390 4387 Propterea
1406 4314 1619 4370 demonstranda
1633 4312 1715 4371 uobis
1727 4320 1770 4369 est

113 4404 159 4461 Sic
171 4405 281 4477 quippe,
294 4404 373 4473 jnxta
387 4403 557 4474 prophetam,
569 4400 662 4456 intrat
674 4419 751 4460 mora
764 4418 816 4475 per
829 4404 908 4473 seue·
963 4403 1122 4477 spiritualis,
1137 4406 1165 4459 id
1183 4414 1224 4460 est
1238 4405 1319 4460 animi
1334 4403 1468 4469 cordisve,
1488 4402 1632 4459 rectitudo.
1649 4402 1770 4474 Spiritus

113 4497 189 4550 strar
203 4498 313 4551 nostras
326 4493 431 4566 (terem
444 4508 485 4560 xl,
498 4495 555 4563 ll),
570 4508 632 4547 eum
637 4493 791 4564 pmrieutes
797 4491 910 4546 auribus
963 4493 1062 4565 estqui
1079 4493 1208 4565 loquitur,
1220 4493 1409 4565 spiritualibus
1424 4492 1575 4564 spiritualia
1593 4507 1769 4562 comparans.

113 4591 141 4638 tl
154 4582 259 4647 ‘tribum
274 4582 372 4639 lethale
386 4584 512 4653 poculum
526 4580 701 4639 detractionis
723 4580 843 4637 invicem
854 4593 908 4634 uo·
963 4586 1035 4656 Ergo
1050 4584 1201 4641 secundnm
1213 4583 1344 4647 animum,
1361 4597 1414 4638 non
1429 4581 1578 4638 seeundum
1590 4590 1731 4637 terrenam
1745 4589 1773 4640 et

114 4670 167 4738 bia,
187 4670 338 4727 ministrare
357 4670 555 4727 contendimus.
568 4671 630 4726 Nou
645 4671 734 4726 teniat
747 4670 836 4724 anima
850 4681 910 4723 mea

116 4760 144 4816 in
163 4761 277 4819 coneilio
295 4762 502 4828 detrahentium,
518 4761 647 4833 quoniam
670 4764 743 4818 Deus
770 4760 828 4817 odit
851 4774 909 4826 eos,

117 4850 380 4922 dieentenpoatoto:
397 4855 575 4911 detractores
589 4854 643 4910 Deo
653 4848 769 4909 odibiles
780 4850 872 4921 (Rom.
889 4864 909 4918 t,

118 4939 176 5010 30).
191 4941 277 5011 Quam
293 4942 451 4997 sententiam
465 4942 538 4997 Dens
549 4941 607 5009 ipse
622 4940 739 5012 loquens
752 4938 780 4993 in
795 4936 909 5009 psalmo,

116 5031 179 5087 audi
195 5033 331 5102 quomodo
345 5030 487 5088 confirmat
500 5028 713 5096 detrahentem,
730 5028 826 5099 inquit,
841 5043 910 5101 pro·

117 5121 195 5177 nimo
209 5137 258 5179 ruo
278 5121 352 5177 ltunc
364 5121 548 5195 persequebar
561 5119 649 5192 (Prot.
664 5135 690 5175 c.
706 5120 745 5190 b).

152 5209 211 5266 Nee
225 5208 335 5274 mirum,
368 5225 429 5266 eum
453 5209 482 5266 id
509 5209 647 5284 precipue
674 5207 771 5266 titium
800 5209 914 5265 ebarita-

118 5304 182 5364 tem‚
206 5314 268 5370 quaa
287 5299 360 5356 uana
374 5308 425 5365 est,
440 5307 467 5356 et
491 5301 600 5375 quidem
625 5300 730 5357 caeteris
752 5298 851 5370 acrius,
866 5298 916 5354 im·

965 4673 1133 4731 luculentam
1149 4674 1301 4740 materiam,
1319 4675 1391 4729 Deus
1414 4671 1552 4727 bominem
1571 4678 1677 4727 rectum
1694 4669 1772 4729 lecit.

964 4764 1163 4835 coimaginata
1188 4762 1290 4835 quippe
1304 4771 1330 4817 et
1353 4761 1555 4817 similitudinem
1575 4776 1652 4817 suam
1668 4760 1774 4818 crearit

966 4856 1040 4924 illum
1055 4856 1137 4924 (Gen.
1148 4870 1168 4920 t,
1180 4853 1237 4925 27).
1253 4855 1314 4926 lpse
1327 4868 1404 4922 tero,
1415 4852 1642 4922 quemadmodum
1657 4851 1772 4923 psallis:

966 4947 1071 5002 Rectus
1085 4946 1223 5001 Dominus
1235 4945 1305 5000 Deua
1314 4945 1455 5006 noster,et
1464 4958 1522 4998 non
1531 4945 1574 4998 est
1588 4941 1731 5015 iniquitas
1741 4943 1774 4998 in

968 5049 998 5091 eo
1029 5034 1118 5104 (Paul.
1148 5034 1206 5101 lo).
1228 5033 1328 5088 Rectus
1358 5031 1449 5103 itaquo
1476 5030 1550 5085 Deus
1575 5037 1681 5086 reolum
1711 5028 1775 5087 feeit

968 5124 1102 5179 bominem
1123 5121 1237 5178 similem
1255 5120 1318 5189 sibi,
1343 5119 1426 5176 idest
1448 5118 1507 5174 aine
1530 5119 1684 5191 iniquitute,
1699 5119 1775 5177 sicut

968 5228 1022 5270 non
1038 5221 1081 5268 ost
1097 5209 1227 5282 iniqnitas
1244 5210 1272 5265 in
1285 5224 1329 5265 eo.
1352 5210 1436 5265 Porro
1458 5207 1594 5280 iniquitas,
1611 5206 1706 5264 cordis
1720 5216 1773 5275 est,

969 5318 1024 5359 uon
1037 5299 1127 5358 carnis
1146 5299 1254 5365 titium,
1270 5305 1300 5354 ut
1323 5313 1370 5370 per
1388 5298 1440 5353 boo
1464 5296 1573 5354 noteris
1592 5296 1775 5364 inspirituali

119 5395 282 5459 pugnasset
296 5388 915 5462 parssqtioagnosastnr,qnemadmodumvns
969 5391 1096 5465 portione
1118 5387 1167 5456 tui,
1189 5396 1217 5443 et
1238 5399 1293 5442 nou
1314 5387 1343 5442 in
1360 5402 1454 5442 crassa
1477 5386 1604 5458 luteaque
1618 5385 1776 5444 substantia

120 5488 230 5546 quoque
249 5476 362 5548 potestis
380 5475 532 5534 aduertere.
545 5477 641 5537 Omnis
655 5478 701 5550 qui
716 5477 840 5550 detrabit,
860 5477 916 5550 pri·
972 5480 1021 5539 Dei
1040 5479 1242 5538 similitudinem
1256 5475 1466 5537 conaerrsndam
1483 5475 1551 5543 lore,
1567 5477 1626 5536 aire
1640 5491 1774 5551 reptamu-
