3734 5948
122 220 174 281 483

588 215 615 274 S.
636 213 801 278 bllllllblllll
818 216 953 278 hBBthS
966 216 1275 280 filiumfamilias

1719 224 1772 285 tet

122 344 344 417 dispositionibus
358 341 424 411 suis,
440 340 513 413 quod
528 339 813 414 indignosnosbeatae
823 344 956 439 mortisfl
974 352 1018 400 tur
1046 344 1199 419 malignari.
1222 345 1361 419 Tanquam
1390 347 1501 404 malleus
1523 339 1643 406 colans
1666 347 1774 421 opificis

122 437 182 506 ejus
198 436 332 490 honorare
348 430 502 505 praesentia,
514 431 585 502 quod
600 447 733 502 pauperes
743 448 807 489 suos
817 434 917 504 pretio·
967 434 1058 492 faetus
1072 443 1121 501 est,
1138 433 1250 492 malleus
1270 438 1401 493 universae
1415 439 1494 493 terrae
1510 456 1516 495 :
1537 437 1601 495 terit
1620 437 1725 495 electos
1738 436 1773 494 ad

123 524 232 581 sissimo
252 521 374 592 eorporis
401 520 461 589 ejus
489 518 657 591 locupletare
684 523 822 589 thesauro,
844 523 916 594 quod

124 613 246 668 infirmos
266 628 315 666 nos
340 619 413 666 tanta
440 610 568 666 Ecclesiae
596 626 653 666 suae
669 611 754 666 voluit
777 611 856 667 facile
871 627 917 666 co-

124 702 227 757 lumna.
244 701 369 756 Alterum
398 698 530 773 siquidem
545 699 680 755 eduohus
707 700 816 772 signum
833 700 914 768 istud,

120 791 192 862 quod
215 790 295 846 nobis
310 790 336 845 in
350 790 453 845 bonum
466 789 564 846 factum
589 801 641 856 est,
673 790 824 861 persuadet,
844 790 915 861 quod

120 888 165 936 aut
180 880 296 952 placitus
311 873 370 936 Deo
385 881 420 934 sit
437 879 522 945 locus,
544 886 592 935 aut
606 878 655 934 sibi
680 880 806 949 placitum
823 878 916 936 facere

120 970 196 1037 velit,
222 970 256 1024 ad
280 984 359 1041 quem
383 974 463 1022 antae
487 969 637 1024 sanctitatis
660 968 752 1025 virum
783 966 915 1025 afinibns

119 1067 198 1116 terra
213 1058 383 1127 moriturum,
400 1056 640 1128 sepeliendumque
655 1057 791 1128 perduxit.

156 1149 323 1205 3.Caeterum
339 1147 441 1219 populo
461 1147 500 1202 illi
518 1146 695 1204 affectuosius
718 1147 872 1214 condolere,
889 1155 916 1203 et

119 1236 179 1308 ejus
195 1253 255 1310 qnae
278 1244 332 1294 tam
349 1235 496 1292 miserabili
510 1236 639 1295 Ecclesiae
652 1237 740 1293 dirum
755 1238 806 1293 hoc
820 1236 915 1294 vulnus

120 1326 234 1383 1044
250 1343 304 1383 non
332 1325 453 1397 pepercit
480 1326 590 1395 inferre,
615 1326 800 1382 crudelitatem
821 1326 914 1381 mortis

117 1415 307 1476 vehementius
331 1415 487 1485 abhorrere,
511 1417 584 1471 beati
600 1414 681 1488 hans
695 1415 782 1489 patris
796 1413 914 1472 charitas

119 1506 178 1580 ipsa
191 1505 338 1576 compellit.
363 1505 427 1560 Dira
457 1503 582 1578 profecte
597 1512 623 1561 et
638 1503 815 1562 inexorabilis
829 1520 912 1572 mors,

117 1612 177 1669 qum
194 1603 296 1651 mutum
315 1595 454 1649 hominum
470 1593 668 1650 multitudinem
693 1594 774 1650 unius
796 1610 912 1667 pereus-

117 1685 193 1741 sione
208 1684 332 1741 multavit
347 1700 353 1740 :
378 1698 449 1739 caeca
473 1690 499 1738 et
514 1682 676 1755 improvida,
700 1699 761 1755 quae
776 1683 913 1741 Malachiae
929 1652 951 1731 fl

116 1774 210 1848 ligavit
225 1774 356 1847 linguam,
378 1771 518 1845 impedivit
526 1789 650 1846 gressus,
667 1771 790 1831 dissolvit
804 1789 911 1846 uranus,

117 1865 212 1921 oculos
229 1863 335 1921 clausit.
360 1863 434 1930 Illos,
461 1862 579 1936 inquam,
610 1862 841 1933 devotosoculos,
866 1862 912 1934 qui

116 1953 246 2027 piissimis
272 1953 382 2009 fletibus
405 1952 719 2024 divinampeecatoribus
733 1951 912 2008 reconciliare

115 2043 232 2118 gratiam
240 2058 408 2099 consuevere
425 2042 502 2098 :illas
522 2041 712 2098 mundissimas
726 2057 833 2111 manus,
850 2057 911 2114 quae

113 2132 256 2189 laboriosis
279 2140 306 2187 at
328 2131 476 2189 humilibus
499 2130 628 2204 operibus
655 2131 777 2188 exerceri
805 2147 911 2202 semper

114 2229 280 2291 amaverant,
297 2237 358 2292 quae
377 2220 511 2278 Dominici
533 2220 657 2293 eorporis
686 2220 800 2277 hostiam
814 2219 911 2276 saluta-

115 2328 173 2366 rem
187 2327 237 2383 pro
252 2311 439 2394 peccatoribus
462 2309 542 2367 totins
567 2310 739 2380 offerebant3
754 2318 781 2367 et
797 2309 856 2365 sine
869 2309 911 2364 ira

114 2411 141 2456 et
155 2399 351 2471 disceptatione
370 2399 397 2454 in
416 2401 539 2456 oratione
553 2401 715 2458 levabantur
736 2400 764 2456 in
789 2398 908 2464 coelurn;

114 2505 174 2562 quac
189 2488 304 2544 infirmis
324 2489 408 2544 multa
426 2488 556 2545 beneficia
578 2491 744 2560 praestitisse,
771 2497 799 2546 et
825 2487 910 2562 signis

114 2579 194 2636 variis
216 2577 351 2634 effulsisse
375 2591 522 2635 noscuntur
539 2596 545 2636 :
563 2579 624 2635 illos
650 2594 758 2651 quoque
772 2578 911 2650 speciosos

113 2686 227 2742 gressus
242 2669 451 2744 evangelizantis
466 2686 568 2740 pacem,
588 2669 798 2741 evangelizantis
817 2668 907 2736 bona;

970 538 1067 578 eorum
1082 524 1233 594 utilitatem,
1243 527 1376 594 reprobos
1391 525 1506 583 eonterh
1520 525 1547 581 in
1577 542 1673 584 eorum
1693 527 1771 584 dam-

969 611 1221 682 nationem.Qualis
1232 630 1299 686 ergo
1309 615 1509 686 paterfamilias,
1536 617 1602 673 tales
1620 624 1648 673 et
1673 617 1772 675 dome·

970 703 1029 758 stiei
1046 704 1115 771 ejus,
1132 704 1422 775 peccatumscilieetet
1441 721 1523 762 mers.
1539 706 1607 762 Nam
1622 713 1650 762 et
1673 723 1772 780 pecca·

970 798 1036 855 tum,
1053 791 1115 847 licet
1128 791 1208 849 simul
1224 810 1285 849 enm
1310 793 1418 850 Christo
1436 795 1510 850 cruci
1528 795 1616 868 ipsius
1639 811 1693 852 non
1715 795 1771 852 du·

970 879 1069 936 bitetur
1084 880 1205 949 affixum,
1220 882 1310 939 adhuc
1331 891 1418 939 tamen
1443 883 1552 940 interim
1570 900 1625 940 non
1653 901 1770 957 regnare

968 971 1090 1040 quidem,
1111 972 1158 1026 sed
1173 971 1294 1028 habitare
1312 972 1393 1028 ctiam
1412 973 1439 1028 in
1468 975 1538 1044 ipso,
1564 974 1629 1029 dum
1656 975 1768 1045 viveret,

968 1060 1098 1130 Apostolo
1108 1060 1324 1133 permittebatur.
1336 1062 1452 1118 llantior
1465 1061 1488 1117 si
1497 1079 1552 1117 non
1564 1062 1623 1133 ipse
1633 1065 1669 1119 ait
1682 1079 1688 1121 :
1705 1065 1769 1120 lam

969 1166 1027 1205 non
1041 1166 1088 1221 eqo
1099 1167 1197 1222 operor
1209 1151 1292 1219 ittet,
1307 1152 1353 1210 sed
1362 1152 1434 1226 qued
1449 1151 1559 1209 bamini
1572 1153 1605 1208 in
1618 1169 1664 1210 me
1671 1170 1770 1225 pecea-

970 1241 1034 1295 tum
1045 1239 1136 1311 (hom.
1151 1256 1197 1296 ιιι.
1214 1243 1270 1311 l'l).
1282 1240 1326 1296 Sic
1336 1250 1364 1297 et
1378 1256 1453 1296 mors
1463 1240 1522 1312 ipsa
1534 1241 1647 1298 minime
1656 1241 1768 1315 quidem

968 1327 1161 1385 adhncabesse
1176 1329 1295 1401 cupitur,
1312 1331 1359 1386 sed
1375 1331 1482 1403 cogitur
1500 1344 1554 1386 non
1572 1332 1680 1387 obesse.
1710 1332 1769 1386 Erit

968 1426 1059 1473 antem
1073 1434 1134 1474 curn
1146 1417 1250 1474 dicetur
1268 1436 1275 1472 :
1295 1419 1342 1478 det
1355 1425 1409 1490 est,
1431 1435 1516 1486 mers,
1537 1420 1660 1476 uictoria
1676 1423 1725 1477 tua
1740 1423 1766 1493 (l

970 1506 1031 1562 Cor.
1044 1522 1092 1575 xv,
1108 1507 1166 1579 55.)
1180 1507 1214 1563 Et
1227 1507 1286 1578 ipsa
1296 1507 1428 1580 siqnidem
1443 1506 1552 1563 inimica
1562 1507 1708 1566 novissima
1718 1509 1767 1564 de·

966 1597 1187 1652 struatur.Nunc
1215 1611 1279 1653 vero
1303 1597 1462 1652 moderante
1494 1612 1527 1653 eo
1546 1596 1593 1669 qui
1621 1597 1766 1669 imperium

967 1683 1049 1740 habet
1062 1686 1161 1742 vitaeet
1175 1687 1281 1758 mortis,
1297 1693 1324 1742 et
1345 1702 1420 1741 mare
1435 1685 1523 1757 ipsum
1544 1684 1621 1741 certis
1644 1685 1766 1743 littorum

966 1781 1074 1833 coercet
1085 1775 1174 1849 metis,
1198 1791 1271 1831 mors
1298 1776 1357 1846 ipsa
1381 1774 1488 1830 dilectis
1517 1774 1624 1831 Domini
1651 1790 1766 1833 somnus

967 1863 1097 1936 refrigerii
1112 1871 1164 1935 est,
1192 1865 1329 1936 Propheta
1355 1871 1512 1934 attestante,
1543 1864 1589 1937 qui
1612 1862 1671 1921 ait:
1695 1865 1765 1922 Cum

967 1953 1196 2012 dederitdilectis
1206 1952 1766 2018 saissommumaceehoeredt‘tnsbcmini

966 2042 1054 2112 (Psal.
1070 2058 1168 2113 cxxvi,
1183 2046 1210 2109 a,
1232 2045 1272 2113 3).
1286 2041 1407 2098 Pessima
1420 2041 1528 2114 quidam
1549 2058 1622 2099 mors
1637 2053 1764 2114 peecato-

965 2147 1037 2198 rum,
1049 2147 1164 2204 quorum
1183 2138 1210 2186 et
1225 2130 1352 2187 nativitas
1365 2130 1446 2200 mma,
1466 2141 1493 2187 ct
1513 2131 1568 2190 vita
1588 2133 1686 2202 pejor3
1715 2131 1764 2188 sed

964 2221 1084 2293 pretiosa
1095 2231 1135 2279 est
1144 2236 1218 2278 mors
1228 2221 1480 2293 sanctornm(Psel.
1491 2235 1561 2292 cxv,
1572 2222 1628 2290 lh).
1643 2219 1765 2278 Pretiosa

963 2313 1054 2384 plane,
1077 2320 1205 2384 tanquam
1233 2311 1294 2367 finis
1325 2312 1458 2382 laborum,
1488 2320 1616 2382 tanquam
1645 2309 1765 2368 victorias

964 2403 1169 2468 consummatio,
1187 2411 1313 2473 tanquam
1328 2400 1390 2458 vitre
1407 2402 1501 2472 janua,
1522 2407 1548 2456 et
1567 2399 1695 2470 perfecte
1720 2415 1765 2457 sa-

964 2491 1087 2547 curitatis
1103 2493 1250 2562 ingressus.

1000 2582 1027 2635 b.
1044 2581 1269 2654 congratulemur
1284 2580 1384 2654 itaque,
1399 2579 1507 2649 fratres,
1528 2578 1762 2653 congratulemur,

964 2675 994 2725 nt
1007 2670 1118 2741 dignum
1135 2677 1185 2740 est,
1201 2668 1270 2740 patri
1289 2676 1396 2740 nostro;
1421 2670 1483 2742 quia
1505 2676 1532 2724 et
1554 2667 1633 2741 pium
1656 2677 1698 2724 est
1712 2669 1762 2723 de-

113 2758 173 2815 illos
187 2759 281 2829 pedes,
301 2758 348 2829 qui
364 2757 442 2814 toties
467 2757 569 2830 fatigati
588 2766 650 2814 sunt
673 2757 763 2813 studio
778 2757 906 2830 pietatis;
963 2759 1085 2816 functum
1100 2760 1229 2832 plangere
1243 2756 1409 2826 hlalachinm,
1433 2766 1460 2813 et
1482 2757 1557 2830 pium
1572 2757 1661 2829 magis
1676 2755 1761 2813 hiala·

112 2847 229 2921 vestigIa
242 2846 297 2914 illa,
312 2847 394 2919 digna
406 2862 466 2920 quae
481 2861 588 2916 semper
603 2846 707 2902 devotis
726 2845 825 2903 osculis
840 2863 906 2917 prae·
961 2848 1029 2904 ehiae
1050 2851 1221 2922 congaudere
1246 2849 1355 2904 viventi.
1375 2847 1504 2919 Nunquid
1532 2861 1587 2903 non
1611 2845 1699 2904 vivit‘l
1728 2846 1763 2901 Bt

113 2945 253 2993 merentur
270 2953 276 2990 :
293 2945 386 2993 sancta
400 2935 517 3008 denique
532 2934 604 2990 labia
619 2935 666 2990 illa
681 2936 910 3008 sacerdotisque
925 2937 947 3017 e
962 2938 1050 2994 beate.
1067 2936 1199 2994 Nimirum
1218 2937 1294 2995 visus
1308 2946 1350 2994 est
1367 2936 1453 2994 oculis
1466 2933 1649 3008 insipientium
1677 2935 1760 3004 mori,

112 3026 300 3083 custodiebant
327 3025 488 3095 scientiam3
509 3041 541 3081 os
567 3024 644 3095 justi,
661 3025 736 3096 quod
751 3024 908 3095 sapientiam
962 3027 1008 3083 ille
1025 3025 1137 3084 attae
1152 3037 1239 3082 auem
1253 3038 1294 3083 est
1309 3027 1336 3083 in
1350 3042 1424 3098 pace.
1437 3023 1560 3097 Denique
1571 3024 1628 3095 jam
1640 3022 1761 3080 concivis

110 3117 290 3174 meditabatur
302 3134 309 3170 ι
320 3128 346 3172 et
357 3116 478 3190 linguam
487 3116 558 3186 ejus,
571 3132 632 3187 quae
642 3113 777 3187 judicium
785 3116 908 3188 loquens,
963 3124 1117 3173 sanctornm
1131 3124 1158 3172 et
1172 3118 1336 3174 domesticus
1351 3116 1412 3182 Dei,
1431 3115 1521 3185 psallit
1544 3111 1644 3185 pariter
1657 3119 1686 3168 at
1701 3129 1762 3186 gra·

110 3205 166 3261 imo
182 3217 208 3261 et
222 3205 444 3270 misericordiam,
461 3205 541 3260 tantis
568 3203 672 3260 mederi
700 3204 804 3261 solebat
817 3205 909 3260 vulne·
962 3207 1014 3261 tias
1028 3205 1194 3278 agit,diccns
1210 3223 1217 3260 ε
1238 3207 1430 3263 Transioimus
1440 3220 1491 3277 per
1501 3205 1593 3277 ipnetn
1606 3204 1634 3258 et
1644 3217 1759 3276 equum,

110 3293 185 3348 ribus
200 3293 360 3349 animarum.
377 3295 432 3349 Nec
449 3293 560 3360 mirum,
576 3292 684 3358 fratres,
698 3292 819 3365 iniquam
830 3308 907 3350 mor·
961 3299 990 3353 et
1005 3295 1228 3353 edueistinosin
1238 3295 1421 3368 resripert'am
1432 3290 1760 3364 (Psoi.nxv‚li).Trans·

111 3391 164 3439 tem
179 3398 247 3448 esse,
264 3397 347 3453 quam
362 3381 500 3454 generavit
510 3381 905 3455 iniquitas:inconsideratam
959 3381 1007 3438 ivit
1026 3385 1105 3455 plane
1119 3383 1239 3450 viriliter,
1269 3389 1297 3439 et
1315 3382 1432 3439 feliciter
1453 3379 1638 3454 pertransivit.
1668 3379 1758 3437 Verus

112 3486 195 3543 qnam
209 3474 332 3527 noscitur
345 3471 468 3528 seductio
498 3470 646 3542 peperisse.
676 3471 760 3540 Nihil,
784 3471 905 3542 inquam,
960 3471 1088 3529 ltebraus
1102 3474 1203 3528 Pascha
1218 3470 1361 3548 celebravit
1374 3471 1402 3526 in
1413 3470 1521 3542 spiritu,
1541 3481 1568 3526 et
1582 3468 1660 3526 nobis
1670 3472 1758 3525 trans-

109 3564 218 3623 mirum,
233 3563 256 3617 si
271 3561 332 3617 ferit
345 3561 402 3616 sine
417 3559 591 3627 discretione,
614 3576 674 3634 quae
698 3561 771 3618 venit
785 3576 818 3615 ex
832 3577 905 3631 prae—
959 3561 1017 3619 iens
1036 3562 1216 3633 loquebatur:
1238 3562 1380 3618 Desiderio
1408 3559 1560 3617 desideravi
1584 3559 1637 3615 hoa
1656 3559 1758 3616 Pascha

109 3650 290 3720 varicatione;
307 3651 329 3706 ai
346 3649 381 3707 sit
394 3649 512 3706 crudelis
527 3647 649 3718 etimne,
672 3665 733 3723 quta
756 3666 789 3706 ex
804 3647 904 3720 antiqui
960 3652 1125 3707 manduc-are
1141 3651 1210 3723 apud
1220 3666 1280 3709 vos.
1296 3649 1429 3707 Transivit
1440 3665 1488 3722 per
1501 3647 1594 3725 ignem
1608 3655 1635 3704 et
1648 3663 1756 3722 aquam,

108 3741 241 3810 serpentis
267 3739 385 3806 fallacia,
415 3747 442 3794 et
470 3739 591 3795 mulieris
614 3737 772 3810 insipientia
794 3737 905 3812 prodiit.
957 3756 1039 3812 quem
1054 3757 1105 3798 nec
1124 3740 1211 3798 tristia
1224 3740 1361 3818 frangere,
1384 3756 1435 3798 nec
1452 3739 1574 3796 detinere
1588 3738 1681 3795 mollia
1698 3754 1771 3811 po·-

107 3828 178 3899 Quid
194 3842 281 3886 umen
296 3845 440 3886 causamur
454 3829 526 3899 quod
543 3827 698 3883 blalachiam
713 3844 780 3885 ausa
801 3828 836 3884 sit
860 3835 904 3883 at·
958 3837 1079 3887 tuerunt.
1096 3831 1146 3887 Est
1160 3831 1232 3887 enim
1255 3830 1380 3887 deorsum
1400 3845 1451 3885 nos
1477 3829 1565 3896 locus,
1593 3843 1674 3900 quem
1701 3825 1756 3883 sibi

108 3927 223 3987 tentare,
248 3917 328 3973 fidele
343 3917 468 3990 equidem
495 3918 646 3973 membrum
666 3915 774 3986 Christi,
796 3918 903 3989 quando
957 3924 1042 3976 toturn
1057 3919 1272 3994 vindicatiqnis
1288 3920 1355 3974 adeo
1375 3927 1404 3974 ιιι
1426 3933 1460 3974 ne
1479 3916 1618 3972 minimam
1645 3914 1756 3989 quidem

107 4015 135 4065 et
149 4009 237 4081 ipsum
252 4004 392 4064 Malachiae
403 4004 503 4077 pariter
518 4013 545 4061 et
561 4007 683 4063 omnium
698 4007 848 4063 electorum
859 4023 902 4063 ca·
956 4025 1032 4081 aquae
1047 4016 1150 4082 guttam
1166 4008 1199 4066 de
1213 4007 1307 4066 Lazari
1322 4007 1407 4080 digito
1436 4006 1517 4062 misor
1544 4005 1590 4061 illa
1617 4004 1695 4061 dives
1718 4003 1758 4060 ibi

86 4098 88 4105 ’
106 4105 157 4172 put
171 4096 315 4154 furibunda
328 4094 462 4168 pervasit?
487 4095 607 4151 Pervasit
628 4095 721 4166 utique
742 4095 900 4163 immunem,
956 4098 1056 4155 habere
1069 4098 1198 4171 potuerit.
1223 4098 1273 4154 Est
1293 4103 1321 4153 et
1342 4113 1452 4152 sursum
1470 4095 1565 4152 civitas
1593 4094 1653 4165 Dei,
1673 4109 1756 4167 quam

106 4189 156 4245 sed
170 4204 224 4244 non
247 4185 375 4242 immunis
390 4183 485 4241 evasit.
501 4185 616 4260 lmpegit
631 4183 659 4238 in
674 4183 755 4240 vitam
770 4201 854 4254 mors,
875 4194 902 4242 et
918 4228 940 4306 u
957 4186 1077 4245 laetificat
1090 4186 1209 4244 fluminis
1223 4186 1350 4258 impetus,
1374 4183 1520 4258 voluptatis
1550 4192 1663 4255 torrens,
1685 4181 1755 4240 calix

105 4277 214 4336 inclusit
227 4277 298 4334 intra
317 4292 346 4332 se
361 4273 417 4331 vita
435 4284 562 4342 mortem,
578 4283 605 4330 et
632 4274 757 4346 absorpta
771 4283 813 4331 est
828 4290 902 4331 mors
957 4277 1094 4334 inebrians
1108 4276 1347 4349 quampraeclarus.
1373 4275 1403 4331 ln
1422 4275 1475 4330 hoc
1497 4288 1564 4330 sane
1590 4271 1678 4329 medio
1691 4271 1756 4328 boni

107 4367 199 4425 avita.
229 4367 341 4421 llamum
371 4363 423 4419 sibi
451 4364 593 4437 devorans,
609 4363 673 4420 inde
700 4365 786 4420 teneri
810 4364 902 4437 coepit,
956 4374 984 4423 et
999 4367 1061 4422 mali
1076 4366 1190 4423 seientia
1207 4366 1372 4436 continetur,
1387 4371 1415 4420 et
1429 4361 1578 4433 voluptatis
1600 4371 1627 4419 et
1641 4361 1756 4418 tribula·

106 4459 178 4516 unde
192 4457 249 4511 visa
263 4465 306 4512 est
322 4454 451 4521 tenuisse,
941 4455 1037 4513 tionis
1049 4455 1094 4512 hic
1117 4471 1215 4527 capere
1230 4462 1271 4511 est
1293 4453 1518 4526 experimentum.
1538 4450 1632 4509 lnfelix
1654 4452 1711 4508 Eva
1725 4450 1755 4506 in

142 4549 171 4603 i.
181 4547 218 4602 ht
237 4545 350 4602 fortasse
364 4545 426 4616 quis
440 4543 510 4600 dieat
523 4561 529 4598 :
544 4543 686 4613 Quomodo
700 4559 775 4601 mors
788 4542 902 4615 scopite
954 4545 1004 4602 has
1018 4544 1218 4605 vicissitudines
1230 4543 1403 4600 nosindnxit.
1419 4543 1468 4599 llic
1478 4542 1559 4615 plane
1569 4541 1663 4597 diasat
1676 4555 1752 4597 nox:

104 4647 232 4710 superata
247 4635 365 4701 videtur,
379 4650 440 4707 qnae
455 4641 528 4689 tanta
541 4633 629 4690 adhuc
643 4633 766 4690 libertate
785 4632 861 4690 saevit
873 4633 900 4690 in
954 4651 1017 4692 nam
1034 4635 1062 4692 in
1083 4634 1187 4691 inferno
1202 4640 1304 4690 tanmm
1319 4648 1383 4699 nox,
1400 4641 1426 4691 et
1440 4633 1467 4688 in
1482 4631 1553 4689 coelo
1566 4635 1670 4687 mutum
1683 4628 1754 4690 dies.

105 4725 255 4783 membra?
271 4726 381 4782 Simors
397 4735 512 4795 mortua,
526 4725 664 4795 quomodo
679 4723 836 4779 llalaehiam
852 4739 899 4778 oc·
953 4724 1035 4781 Beata
1051 4724 1164 4796 proinde
1179 4723 1270 4779 anima
1283 4739 1345 4794 quae
1365 4734 1511 4795 utrumque
1532 4721 1690 4793 pertransit,
1707 4735 1758 4776 nec

105 4817 194 4876 oiditv
209 4819 232 4874 si
246 4816 326 4886 victa,
345 4815 483 4888 quomodo
502 4813 590 4871 adhuc
605 4813 732 4886 praevalet
747 4812 898 4879 universis,·
952 4814 1083 4885 voluptati
1098 4814 1244 4881 inhaerens,
1256 4829 1305 4870 nec
1317 4812 1445 4870 deficiens
1455 4812 1482 4869 in
1499 4810 1685 4867 tribulatione.

103 4917 131 4966 et
158 4923 215 4962 non
230 4914 270 4962 est
285 4909 365 4962 homo
380 4903 426 4977 qui
441 4903 521 4968 vivat,
537 4910 563 4958 et
577 4918 632 4957 nnn
646 4902 737 4960 videat
760 4903 899 4958 mortem‘l
990 4907 1016 4960 b.
1035 4904 1158 4962 breviter
1174 4904 1251 4961 vobis
1266 4919 1351 4960 unum
1366 4902 1476 4973 aliquod
1502 4917 1536 4957 aa
1564 4898 1656 4956 multis
1672 4897 1760 4968 hujus

105 4992 186 5054 Victa
209 4995 287 5067 plane
309 5010 393 5066 mors,
418 5008 487 5063 opus
510 4990 622 5060 diaboli,
639 4999 665 5047 et
678 4989 779 5061 peccati
793 5006 897 5066 poena3
952 4994 1004 5050 viri
1018 4992 1169 5067 magnificis
1183 4993 1287 5049 actibus
1301 4993 1418 5049 arbitror
1440 4989 1622 5055 referendum,
1646 4989 1673 5043 in
1701 5002 1758 5057 quo

102 5087 203 5146 victum
217 5094 453 5156 peccatum‚eeusa
476 5081 592 5146 murtis;
619 5079 704 5137 victus
716 5088 744 5136 et
762 5080 898 5156 malignus
951 5093 1063 5141 strenue
1079 5083 1145 5139 satis
1160 5090 1188 5139 et
1201 5083 1305 5157 ignem,
1322 5090 1349 5137 et
1365 5096 1461 5153 aquam
1481 5078 1603 5137 noscitur
1615 5086 1757 5149 pertrans·

103 5179 173 5249 ipse,
189 5184 216 5231 et
235 5174 338 5248 peccati
353 5181 456 5238 auctor,
477 5180 502 5228 et
528 5169 632 5229 mortis.
658 5169 716 5226 Nec
734 5170 897 5229 modoviete
951 5172 1014 5230 isse.
1043 5174 1133 5245 llagni
1158 5171 1230 5229 illius
1254 5169 1368 5227 Patricii
1385 5169 1603 5226 hiberniensium
1637 5167 1757 5240 apostoli

108 5274 175 5324 aunt
193 5269 262 5334 haec,
278 5264 325 5319 sed
348 5262 613 5332 ctjudicatajamet
632 5258 767 5316 damnata.
783 5258 897 5316 Definita
950 5265 1043 5322 sedem
1073 5263 1305 5334 metropolitanam
1336 5259 1477 5332 tyrannica
1513 5257 1565 5314 sibi
1595 5255 1756 5330 progenies,

102 5356 282 5432 quidem,sed
296 5352 418 5410 nondum
434 5352 604 5424 promulgata
619 5349 751 5406 sententia
762 5361 813 5406 est.
839 5350 896 5406 De·
950 5352 1135 5412 successionis
1157 5351 1252 5409 ordina
1271 5364 1366 5406 creans
1383 5346 1615 5421 archiepiscopos,
1630 5344 1757 5403 vindiea-

104 5448 187 5521 nique
196 5449 250 5518 jam
264 5444 375 5503 diabolo
397 5441 468 5517 ignis
482 5450 604 5514 paratus,
627 5433 679 5499 etsi
710 5441 831 5499 nondum
848 5440 894 5499 ille
947 5441 1005 5518 bat,
1020 5441 1176 5501 hereditate
1190 5439 1335 5514 possidens
1348 5439 1532 5496 sanctuarinm
1551 5433 1612 5492 Dei.
1638 5434 1761 5507 Rogatus

101 5535 285 5615 praecipitatus
303 5535 448 5609 inignem,
468 5531 575 5590 modico
588 5530 676 5590 adhuc
691 5535 813 5603 ternpore
826 5530 893 5588 sini·
949 5531 1039 5606 itaqua
1060 5547 1077 5589 a
1097 5529 1222 5589 fidelibus
1248 5526 1394 5587 hananias
1418 5532 1522 5601 nester,
1551 5531 1583 5586 ut
1601 5522 1684 5583 nnds
1697 5537 1761 5580 sese
