3734 5948
103 146 236 247 llllv

562 187 590 241 S.
607 185 783 242 canutam
796 182 939 241 anellis
955 185 1299 255 CLARAE-VALLENSIS

1627 190 1754 244 ·328

104 330 162 368 rum
179 312 320 380 incumbit,
341 326 375 367 ne
393 326 444 365 nos
457 307 585 381 perderet
601 310 628 363 in
647 317 790 367 aeternnm.
806 309 839 362 lit
850 325 901 379 po·
918 324 941 401 n
958 318 1037 366 terrae
1060 317 1178 373 medium
1200 321 1360 392 appellatur.
1377 319 1507 376 ncillam
1532 313 1618 380 enim,
1634 312 1706 369 sicin
1717 290 1754 367 ad

102 411 194 458 tenter
212 403 321 474 quidem
348 399 438 454 omnia
460 397 573 464 lecerat,
598 406 624 452 et
646 398 784 468 sapienter
811 397 902 453 omma

102 497 282 568 gubernabat,
304 501 330 547 et
357 500 533 564 utrarumque
562 508 663 554 reruni,
698 498 751 544 tam
775 492 902 561 potentiae

102 601 184 655 quam
201 581 349 652 sapientia,
364 580 441 654 signa
461 579 679 635 manifestissima
694 580 856 634 tenebantur
875 580 901 633 id

102 673 241 727 creatione
261 677 287 726 el
307 669 514 725 conversatione
539 668 671 723 macbinae
695 667 848 723 n‘ntndialis.
870 669 901 722 ιιι

103 760 208 816 bonitas
223 759 332 830 quidem
347 759 375 812 in
388 759 444 812 [leo
463 765 529 820 erat,
546 764 573 808 et
585 756 693 811 bonitas
707 757 790 811 niulta
804 757 901 822 einais,

102 849 149 904 scd
165 849 266 904 latebat
280 849 306 902 in
327 847 409 902 corde
434 847 527 908 Patris,
553 845 714 900 currtulanila
738 845 901 916 quatrdoque

102 954 179 1009 super
205 954 292 1008 genus
307 936 420 992 filiorum
445 934 532 989 adam
547 933 573 986 in
599 940 720 1002 ternpore
738 941 899 1003 opportuno.

103 1025 216 1081 Dicebat
238 1035 327 1079 tamen
351 1024 497 1079 Dominus:
531 1026 584 1093 Epo
608 1022 695 1092 sopito
718 1022 901 1091 cogitationes

101 1116 181 1186 pacis
194 1116 306 1184 (larem.
324 1129 407 1180 xxix,
425 1115 480 1182 ll),
496 1112 651 1166 ntmitteret
666 1110 744 1165 nobis
759 1108 843 1174 illum,
856 1108 901 1180 qui

104 1208 145 1257 est
170 1215 221 1273 pax
246 1209 347 1265 nostra,
374 1200 420 1273 qui
446 1200 508 1255 lecit
530 1207 645 1270 utraque
674 1215 767 1263 nunni,
793 1206 822 1252 ut
845 1199 900 1266 jam

94 1291 180 1346 ,daret
201 1306 297 1361 pacem
311 1305 394 1361 snper
410 1305 504 1360 pacem
521 1289 561 1341 bis
576 1289 621 1360 qni
642 1289 734 1360 longe,
760 1295 786 1342 el
806 1302 900 1357 pacem

103 1379 144 1433 bis
163 1379 209 1449 qui
234 1393 319 1449 prope
343 1378 455 1448 tb'pltcs.
481 1394 509 1444 n,
536 1377 579 1445 tt,
599 1378 651 1446 17).
678 1376 796 1431 Verbum
820 1375 901 1448 igitur

103 1467 152 1522 Dei
168 1466 195 1520 ia
210 1466 317 1520 sublimi
332 1467 516 1531 constitutum,
538 1473 567 1519 ut
588 1466 621 1519 ad
651 1481 699 1521 nus
723 1465 902 1519 descenderet

104 1556 213 1627 propria
228 1556 382 1630 benignitas
398 1553 479 1611 931
500 1555 631 1620 invitavit,
648 1553 833 1608 misericordia
847 1561 901 1607 tra-

957 401 1087 465 metlium,
1103 407 1172 462 sicut
1191 410 1223 463 ad
1244 427 1336 466 arcam
1361 409 1420 473 Dei,
1445 407 1515 463 sicut
1530 403 1673 458 adrerum
1687 398 1755 457 cartss

956 508 1024 558 sam,
1041 494 1109 549 sicut
1131 498 1164 550 ad
1190 500 1330 571 negotium
1357 497 1528 560 saeculorum,
1557 490 1708 562 respicient
1723 498 1752 546 et

956 582 1001 651 qui
1017 582 1042 636 in
1058 585 1127 639 caelo
1151 587 1283 659 habitant,
1298 597 1326 644 et
1349 589 1394 661 qui
1420 587 1446 640 in
1466 584 1583 648 inlerno,
1598 580 1689 653 etqui
1704 596 1756 638 nos

957 686 1163 741 praecesserunt,
1180 687 1206 731 et
1222 693 1272 730 nos
1290 678 1335 748 ιμιι
1359 691 1461 739 sonim,
1477 682 1506 729 et
1529 672 1573 744 qui
1588 679 1753 743 sequentur.

956 770 983 815 ct
998 762 1051 815 nali
1081 772 1214 831 natorum,
1231 766 1317 836 etqui
1333 773 1491 828 nascentur,
1513 763 1547 816 ab
1563 760 1625 815 illis.
1650 759 1691 813 llli
1707 758 1755 840 qui

956 858 1016 904 sinit
1037 849 1062 903 in
1077 853 1156 918 culo,
1171 863 1200 907 ut
1214 853 1411 919 resarciantur3
1439 861 1466 906 ct
1481 850 1528 923 iani
1544 849 1571 904 in
1586 848 1706 910 inl'erno,
1724 855 1755 902 nt

956 939 1121 1010 eripiantur;
1137 941 1182 1012 qui
1212 950 1418 1013 praecesserunt.
1440 950 1468 995 nt
1491 941 1630 1010 propbetae
1657 935 1755 992 lideles

956 1025 1145 1095 inveniantur3
1175 1029 1220 1100 qui
1248 1035 1455 1102 sequuntur,ut
1474 1025 1670 1101 glorificentur.
1707 1024 1750 1078 Eo'

956 1114 1063 1168 beatam
1083 1125 1109 1170 te
1124 1117 1216 1172 dicent
1231 1134 1327 1173 omnes
1347 1116 1539 1190 generationes
1563 1116 1640 1185 (Lac.
1658 1129 1678 1179 ι,
1695 1115 1752 1177 tst.

955 1203 1078 1258 Genitrix
1094 1205 1153 1273 Dei,
1170 1206 1278 1261 domina
1302 1205 1404 1269 mundi,
1429 1204 1523 1277 regina
1542 1200 1614 1258 coeli.
1635 1200 1752 1268 Omnes,

956 1293 1076 1363 inquam,
1092 1295 1292 1364 generationes.
1309 1296 1377 1350 Sunt
1392 1294 1464 1348 enim
1479 1278 1753 1364 generationes'cceli

955 1390 981 1434 et
1000 1389 1088 1436 tarrae.
1117 1386 1201 1440 Pater
1224 1385 1387 1455 spiritatem,
1413 1382 1448 1436 ait
1469 1378 1626 1452 Apostolus,
1643 1394 1681 1434 ex
1695 1393 1750 1448 quo

955 1471 1045 1523 omnis
1075 1472 1231 1536 paternitas
1249 1474 1280 1525 ιιι
1301 1472 1367 1525 celo
1390 1477 1418 1525 et
1433 1471 1464 1523 itt
1486 1473 1562 1522 terra
1580 1467 1751 1520 nominatur

955 1556 1064 1627 (Epltcs.
1076 1572 1116 1623 ru,
1135 1557 1188 1628 l5).
1201 1558 1239 1611 Ex
1252 1559 1302 1612 hoc
1312 1572 1378 1627 ergo
1389 1558 1497 1612 beatam
1508 1561 1534 1609 te
1547 1553 1638 1609 dicent
1653 1567 1753 1608 omnes

104 1645 152 1713 xit,
168 1643 268 1699 veritas
290 1659 342 1715 qua
362 1660 391 1698 se
418 1642 580 1713 promiserat
606 1650 747 1697 venturum
774 1641 901 1710 compulit
918 1629 939 1704 Β
955 1645 1156 1715 generationes,
1174 1663 1234 1717 quae
1253 1647 1378 1702 omnibus
1397 1642 1620 1716 generationibus
1630 1643 1714 1698 vitam
1726 1647 1755 1696 et

104 1733 207 1802 puritas
221 1732 289 1787 uteri
305 1731 444 1804 virginalis
458 1730 531 1787 salva
557 1730 674 1800 Virginis
698 1730 818 1800 suscepit
832 1731 901 1783 inte·
956 1735 1069 1804 gloriam
1080 1735 1206 1805 genuisti.
1216 1736 1245 1788 ln
1257 1744 1282 1789 te
1294 1736 1366 1790 enim
1379 1735 1468 1806 angeli
1479 1732 1609 1798 laetitiam,
1619 1731 1685 1802 J'usti
1696 1746 1756 1799 gra·

103 1821 212 1889 gnitate,
251 1821 372 1892 potentia
400 1820 503 1885 eduxit,
537 1820 692 1875 obedientia
718 1819 745 1873 in
777 1818 902 1873 ornnibus
956 1823 1565 1895 tiam,peccatoresreniamiureninnt[nlins,
1577 1819 1754 1892 invenerunt}

103 1909 223 1975 deduxit,
241 1909 369 1981 patientia
392 1909 514 1974 armavit,
541 1908 762 1964 charitasverbis
782 1908 903 1963 etmira-
957 1914 983 1965 in
1004 1918 1148 1966 aeternum.
1177 1912 1273 1968 Merito
1301 1912 1327 1966 in
1353 1922 1379 1968 te
1400 1911 1547 1983 respiciunt
1574 1908 1643 1965 oculi
1671 1908 1755 1964 totius

103 1998 170 2053 culis
185 1998 376 2057 manifestavit.
957 2008 1098 2066 creatura,
1129 2000 1192 2070 quia
1214 2001 1239 2054 in
1264 2009 1301 2066 te,
1324 2009 1352 2056 et
1372 2017 1421 2071 per
1445 2009 1481 2066 te,
1500 1997 1575 2054 etde
1591 2006 1618 2053 te
1632 1996 1753 2068 benigna

139 2091 166 2143 3.
183 2089 294 2144 Prorsus
308 2086 473 2159 amplissima
485 2088 550 2142 mibi
565 2104 636 2143 nunc
658 2087 771 2141 materia
794 2095 822 2141 et
846 2103 903 2142 ma·
957 2102 1052 2141 naanns
1076 2086 1278 2157 Omnipotentis
1301 2087 1430 2159 quidquid
1453 2093 1594 2142 creaverat
1606 2083 1752 2140 recreavit.

104 2176 190 2231 lorum
214 2193 336 2233 meorum
354 2176 483 2249 suppetit,
502 2187 530 2233 et
557 2177 688 2232 bonorum
712 2175 818 2230 Domini
839 2174 901 2238 nrei,
929 2197 931 2200 ·
994 2179 1019 2229 5.
1037 2175 1191 2231 Placebitne
1215 2176 1273 2241 tibi,
1300 2176 1415 2231 bomine
1438 2178 1514 2245 lesu,
1533 2183 1563 2230 nt
1577 2175 1664 2228 dones
1684 2171 1752 2226 mibi

106 2274 132 2320 ul
155 2282 215 2320 enm
244 2266 418 2342 cogitaverim
447 2266 502 2322 rias
528 2282 611 2325 meas.
640 2273 798 2321 convertam
820 2263 904 2334 pedes

105 2369 181 2409 meos
195 2354 222 2409 in
237 2354 391 2410 testimonia
405 2370 463 2409 sua.
479 2355 525 2410 llla
544 2356 617 2411 enim
638 2355 709 2411 bena
736 2352 903 2408 innell'abilia

104 2452 175 2512 arunt,
191 2442 255 2514 quia
270 2452 300 2498 ut
313 2443 390 2499 brevi
417 2442 500 2499 verbo
525 2452 621 2498 cuncta
650 2441 821 2507 concludam,
837 2440 904 2494 nibil

105 2532 202 2588 melius
215 2531 337 2588 invenire
352 2531 448 2603 putuit,
465 2531 536 2586 unde
551 2546 602 2586 nos
625 2530 772 2586 redimeret
786 2530 901 2601 Sapien-

957 2264 1038 2317 vitam
1054 2271 1136 2331 tuam,
1157 2263 1226 2319 sicut
1245 2264 1344 2319 dedisti
1370 2260 1598 2334 conceptionem?
1620 2261 1753 2333 quianon

957 2352 1043 2408 solum
1058 2353 1199 2423 conceptio
1214 2368 1274 2409 mea
1290 2353 1440 2422 immunda,
1457 2353 1506 2408 sed
1522 2366 1596 2406 mors
1607 2365 1748 2421 perversa,

959 2442 1011 2497 vita
1031 2442 1190 2513 periculosa,
1207 2450 1235 2497 et
1250 2451 1310 2512 post
1324 2451 1441 2498 mortem
1453 2448 1534 2497 restat
1549 2438 1751 2509 morsgravior,

958 2546 1030 2585 mors
1044 2532 1173 2587 secunda.
1183 2531 1243 2586 Non
1258 2532 1356 2596 solnm,
1372 2532 1418 2599 ait,
1428 2530 1635 2600 conceptionem
1650 2543 1751 2594 meam,

106 2621 142 2676 tia
157 2621 206 2677 Dei
221 2621 247 2676 in
263 2620 337 2676 omni
360 2619 495 2690 sapientia
517 2634 574 2673 sna.
592 2618 646 2674 Sed
661 2619 773 2674 etmala
791 2617 904 2673 circum-
957 2619 1004 2674 scd
1025 2621 1147 2675 etvitam
1174 2636 1277 2686 meam;
1299 2628 1325 2675 ct
1346 2620 1397 2675 boc
1419 2634 1469 2689 per
1493 2618 1615 2692 singulos
1641 2623 1754 2671 aetatum

105 2710 238 2767 dederunt
266 2724 326 2773 nos,
355 2720 470 2780 quorum
498 2722 553 2762 non
580 2714 637 2761 erat
662 2721 810 2773 numerus;
840 2706 903 2774 quia
956 2708 1066 2777 gradus,
1087 2706 1575 2777 infantiae,pueritiae,adolescentiae,
1589 2705 1752 2775 iuventutis,

104 2794 903 2870 treceaeiljustusloquiturlscpernumerumurertaemn-
958 2795 1005 2850 tibi
1033 2797 1152 2865 donabo,
1187 2794 1321 2864 adjiciens
1356 2804 1481 2863 mortem,
1511 2793 1752 2863 resurrectionem,

105 2888 342 2957 rt‘s,·et:Propter
351 2901 454 2941 nomen
465 2889 556 2950 taum,
570 2885 695 2948 Domine,
705 2883 902 2957 propitiaberis
956 2883 1154 2948 ascensionem,
1184 2892 1211 2939 et
1234 2883 1389 2938 missionem
1419 2882 1535 2954 Spiritus
1569 2881 1666 2936 sancti.
1693 2880 1754 2935 Hoc

103 2980 219 3050 peccato
232 2991 292 3032 meo
308 2995 317 3030 .·
332 2975 459 3030 attulturrt
474 2978 515 3030 est
540 2974 616 3028 enirn
639 2973 725 3041 (Psoi.
742 2986 822 3037 xxiv,
844 2972 899 3042 ll).
919 2931 1047 3026 eautem
1062 2971 1134 3037 ideo,
1150 2978 1180 3026 ut
1194 2972 1337 3042 conceptio
1365 2987 1426 3026 mea
1443 2970 1569 3026 emundet
1593 2976 1678 3038 tuam,
1696 2969 1753 3024 rita

104 3067 202 3122 llissus
215 3074 257 3121 est
276 3064 387 3121 coluber
402 3070 539 3119 tortuosus
553 3077 569 3116 a
584 3060 702 3126 diabolo,
716 3069 746 3114 ut
765 3076 901 3117 venenum
957 3075 1017 3114 mea
1029 3059 1143 3114 instruat
1157 3068 1241 3127 tuam,
1258 3075 1332 3115 mors
1346 3075 1407 3114 mea
1421 3062 1542 3114 ‹lestmat
1556 3067 1639 3128 tuam,
1657 3073 1753 3113 resur-

105 3171 247 3226 perennes
262 3153 383 3209 mulieris
398 3151 425 3206 in
442 3151 525 3223 ipsius
541 3156 661 3205 mentem
689 3148 899 3219 transfunderet,
957 3147 1040 3203 rectio
1057 3164 1116 3203 mea
1136 3147 1274 3220 praecedat
1288 3154 1370 3215 tuam,
1396 3148 1520 3203 ascensio
1535 3163 1596 3202 mea
1615 3156 1754 3219 praeparet

104 3243 185 3297 etsie
210 3240 368 3296 refunderet
392 3240 517 3295 intotius
546 3237 715 3308 posteritatis
742 3236 898 3307 originem:
956 3244 1039 3306 tuam,
1065 3251 1146 3307 porro
1173 3236 1287 3307 Spiritus
1315 3234 1402 3292 932
1431 3236 1541 3307 adjuvet
1570 3234 1753 3292 infirmitatem

104 3333 259 3386 missnsest
278 3329 386 3383 interim
411 3326 518 3384 Gabriel
542 3328 655 3400 angelus
679 3327 777 3388 aDeo,
792 3333 820 3380 ut
835 3325 902 3380 Ver·
957 3333 1038 3380 tuam.
1064 3325 1109 3381 Sic
1129 3325 1200 3380 enim
1230 3326 1311 3396 plane
1338 3325 1443 3381 videbis
1459 3325 1572 3381 elriam
1598 3341 1648 3397 per
1669 3341 1751 3396 quam

105 3411 168 3472 bum
186 3417 270 3471 Patris
284 3432 334 3486 per
347 3430 441 3469 aurem
464 3413 580 3485 Virginis
597 3416 624 3469 in
639 3421 763 3468 ventrem
777 3420 804 3467 et
819 3429 901 3468 men·
955 3413 1090 3478 ambulcs3
1111 3422 1139 3469 et
1166 3415 1298 3469 cautelam
1326 3431 1379 3484 qua
1407 3414 1539 3480 ambules,
1561 3422 1589 3469 et
1611 3415 1645 3468 ad
1669 3429 1752 3485 qnam

105 3513 160 3562 lem
174 3504 260 3576 ipsius
273 3509 420 3564 eructaret,
436 3502 574 3557 uteadem
600 3502 641 3557 via
656 3501 772 3555 intraret
795 3501 901 3556 antido·
955 3502 1077 3557 ambules
1100 3501 1279 3557 mansionem.
1301 3503 1330 3557 ln
1345 3503 1399 3559 rita
1423 3519 1484 3558 mea
1507 3518 1657 3577 cognosces
1680 3503 1752 3556 riam

109 3604 176 3660 tuni,
192 3609 246 3666 quc
259 3607 396 3651 renenmn
411 3591 567 3647 intraverat.
580 3591 650 3645 Vere
661 3589 777 3646 vidimus
785 3589 900 3660 gloriam
955 3597 1038 3657 tuam,
1061 3598 1089 3645 ut
1109 3590 1178 3646 sicut
1201 3606 1253 3664 ego
1277 3593 1442 3662 paupertatis
1464 3600 1490 3648 et
1510 3591 1684 3660 obedientiae,
1705 3593 1753 3645 bu-

106 3687 175 3756 eJ'us,
201 3683 317 3755 gloriam
341 3681 417 3753 quasi
446 3679 577 3751 unigeniti
599 3680 722 3746 aPatre;
738 3678 917 3749 qniatotum
955 3678 1073 3734 militatis
1102 3686 1128 3736 et
1161 3680 1308 3751 patientiae,
1347 3681 1484 3736 charitatis
1508 3688 1536 3736 et
1558 3680 1753 3738 misericordiae

107 3783 252 3846 paternum
267 3781 320 3840 est,
341 3770 414 3843 quod
434 3769 467 3825 de
482 3769 565 3825 corde
580 3768 665 3823 Patris
679 3767 801 3823 Christus
813 3766 901 3823 attulit
954 3768 1163 3825 indeclinabiles
1177 3770 1288 3824 semitas
1304 3770 1394 3840 tenni,
1415 3771 1454 3825 sic
1470 3778 1497 3825 et
1513 3778 1540 3825 tu
1552 3770 1655 3826 eisdem
1669 3771 1753 3826 resti-

107 3859 195 3923 nobis,
212 3865 239 3910 ut
254 3855 320 3909 nibil
343 3855 370 3908 in
386 3855 452 3909 Filio
475 3854 523 3908 [lei
548 3853 600 3908 nisi
623 3852 712 3918 dulce,
731 3852 783 3907 nisi
807 3859 899 3922 pater·
955 3854 1007 3925 giis
1020 3853 1140 3922 incedas,
1156 3869 1211 3909 non
1231 3853 1370 3909 declinans
1389 3855 1422 3908 ad
1442 3853 1592 3921 dexteram,
1612 3852 1752 3927 nequead

105 3957 183 4008 num,
199 3938 309 3994 hnmani
324 3938 434 4008 generis
445 3937 589 4009 trepidatio
599 3936 762 4008 suspicetur.
774 3938 797 3991 Α
809 3935 900 4006 planta
953 3938 1100 3994 sinistram.
1117 3939 1146 3992 ln
1162 3946 1249 3994 morte
1271 3946 1359 3994 antem
1375 3955 1436 3994 mea
1459 3939 1531 4016 dabo
1554 3939 1602 3995 tibi
1620 3938 1752 4009 justitiam

107 4025 185 4097 pedis
199 4038 285 4096 usque
304 4022 338 4076 ad
354 4021 484 4077 verticem
498 4037 553 4076 non
577 4030 635 4076 erat
649 4022 677 4076 in
696 4021 775 4078 nobis
788 4021 897 4076 sanitas.
954 4039 1052 4092 meam,
1069 4023 1229 4094 dirumpens
1242 4022 1338 4094 jugum
1349 4024 1511 4095 captivitatis
1524 4032 1587 4093 tnae,
1603 4031 1631 4080 et
1644 4040 1752 4096 expug-

104 4109 303 4166 Errateramus
316 4107 351 4160 ab
374 4112 462 4171 utero,
483 4104 511 4158 in
525 4112 603 4160 utero
618 4104 739 4160 damnati
754 4114 899 4176 antequam
955 4124 1023 4164 nans
1047 4109 1138 4164 hostes
1152 4108 1198 4180 qui
1214 4115 1276 4163 sunt
1290 4109 1317 4163 in
1335 4108 1388 4177 via,
1405 4110 1447 4164 rel
1462 4111 1538 4179 juxta
1556 4110 1636 4178 viam,
1653 4117 1752 4165 utnon

106 4193 173 4260 nati,
188 4192 251 4265 qnia
266 4192 301 4248 de
320 4196 433 4262 peccato
446 4197 475 4246 et
488 4189 517 4244 in
532 4198 643 4260 peccalo
657 4189 792 4260 concepti.
960 4201 1097 4264 apponant
1115 4193 1231 4264 amplius
1244 4207 1345 4249 nocere
1362 4193 1419 4249 tihi.
1436 4194 1483 4248 llis
1497 4201 1587 4250 autem
1601 4193 1754 4266 eompletis,

143 4280 169 4335 l.
185 4276 309 4334 Christus
324 4290 390 4347 ergo
403 4273 442 4329 ibi
455 4272 573 4346 primum
583 4272 749 4330 medicinam
763 4275 897 4345 apposuit,
915 4237 938 4314 n
961 4285 1082 4334 revertar
1109 4278 1136 4332 in
1161 4278 1271 4335 domum
1299 4293 1387 4333 meam
1413 4278 1485 4334 unde
1512 4277 1599 4347 exivi;
1616 4285 1643 4334 et
1656 4278 1755 4336 ovibus

104 4364 152 4420 ubi
174 4363 279 4436 primus
293 4359 396 4419 vulneri
412 4359 523 4429 patebat
534 4360 608 4415 locus
626 4375 631 4414 :
649 4368 677 4416 et
689 4358 900 4416 substantialiter

110 4457 188 4506 utero
203 4445 324 4522 Virginis
340 4445 460 4518 illapsus,
476 4443 511 4499 de
525 4443 625 4516 Spiritu
647 4453 740 4501 sancto
753 4453 901 4516 conceptus

107 4542 170 4604 est,
186 4541 217 4589 nt
235 4530 444 4603 conceptionem
457 4539 577 4586 nostram
586 4531 740 4601 mundaret,
754 4546 835 4602 quam
845 4530 901 4601 spi-

110 4619 178 4676 ritus
207 4617 304 4687 malus,
327 4615 350 4670 si
365 4629 420 4671 non
447 4614 559 4684 lecerat,
586 4625 676 4672 tamen
704 4613 834 4672 infecerat
848 4632 855 4670 :
871 4620 900 4670 ut

106 4719 161 4761 non
176 4710 249 4758 esset
264 4700 346 4757 etiam
361 4699 389 4755 in
404 4705 482 4756 utero
496 4699 551 4756 rita
566 4700 650 4772 ipsius
665 4701 761 4770 otiosa,
777 4700 842 4756 dnm
855 4716 900 4755 no

106 4803 168 4845 vem
182 4784 323 4843 mensibus
346 4791 444 4856 purgat
466 4782 563 4839 vulnus
588 4783 739 4857 antiquum,
765 4792 898 4854 scrutans,

106 4879 137 4926 ut
150 4872 258 4937 dicitur,
289 4868 425 4942 usquead
440 4867 524 4923 imum
538 4868 710 4940 putredinem
728 4867 897 4934 virulentam,

107 4963 135 5010 ut
149 4954 249 5014 sanitas
262 4954 429 5025 sempiterna
447 4952 617 5009 succederet.
635 4954 665 5006 lit
691 4959 753 5008 tunc
766 4953 823 5021 jum
838 4967 901 5022 ope

107 5040 218 5093 robatur
245 5038 357 5093 salutem
386 5045 508 5093 nostram
522 5037 549 5092 in
563 5037 654 5093 medic
674 5045 764 5106 terrae,
780 5037 808 5091 in
822 5044 901 5093 utero

107 5123 247 5188 uidelicet,
260 5121 375 5191 Virginis
389 5123 489 5190 llariae,
506 5138 578 5194 quae,
594 5122 708 5178 mirabili
722 5121 899 5193 proprietate,

148 5245 372 5375 (logdertissima
387 5253 466 5302 vocat
480 5247 557 5320 signa
569 5263 602 5304 eo
617 5248 760 5320 modoque
775 5263 901 5304 sermone

109 5322 168 5377 ltin
212 5328 289 5377 ctava
310 5317 431 5382 Paschae,
445 5335 520 5374 num.
538 5324 564 5385 3,
580 5320 624 5376 nbi
641 5341 655 5372 a
674 5319 808 5376 certitudo
825 5319 902 5374 nobis

109 5393 222 5449 omnino
246 5398 371 5462 negatur.
397 5407 410 5439 n
432 5388 531 5445 Conler
545 5406 701 5449 sermonem
717 5395 729 5445 l
744 5391 773 5446 in
786 5391 902 5462 Septua-

107 5462 223 5539 gesimn,
238 5479 314 5521 nnm.
332 5465 343 5516 l
365 5477 372 5514 ι
390 5480 403 5511 ι
424 5459 620 5520 certitudinem
639 5463 732 5535 utiquc
746 5478 801 5519 non
819 5463 902 5518 babe-

954 4362 1017 4431 illis,
1034 4378 1095 4434 quac
1108 4362 1135 4417 in
1150 4361 1289 4418 montibus
1303 4369 1501 4433 remanserunt,
1518 4370 1546 4418 et
1558 4377 1625 4434 quas
1639 4371 1753 4435 propter

955 4456 981 4504 te
1005 4447 1178 4518 reliqueram,
1195 4455 1224 4503 nt
1240 4455 1267 4503 te
1287 4462 1341 4504 non
1366 4448 1535 4515 reducerem,
1559 4448 1609 4504 sed
1633 4456 1753 4520 reporta-

955 4549 1022 4601 rem,
1039 4533 1150 4588 rcddam
1164 4532 1260 4588 faciem
1280 4549 1378 4590 meum.

990 4620 1016 4672 6.
1038 4618 1073 4671 Et
1082 4633 1117 4671 ne
1132 4617 1166 4672 de
1183 4617 1308 4672 absentia
1320 4633 1382 4672 mea
1395 4616 1439 4674 vel
1452 4632 1614 4687 murmures,
1628 4616 1672 4675 vel
1684 4633 1751 4673 con-

954 4701 1080 4771 tristeris,
1104 4700 1207 4754 mittam
1229 4701 1282 4755 tibi'
1299 4701 1427 4772 Spiritum
1451 4701 1629 4769 Paracletum,
1642 4703 1689 4774 qui
1703 4702 1752 4757 libi

954 4786 1038 4841 donet
1061 4785 1159 4857 pignus
1178 4785 1281 4855 salutis,
1306 4787 1389 4843 robur
1411 4786 1483 4857 vitae,
1511 4787 1632 4843 scientiae
1646 4785 1748 4842 lumen.

953 4870 1054 4941 Pignus
1069 4869 1171 4939 salutis,
1184 4879 1214 4926 ut
1234 4871 1292 4942 ipse
1317 4871 1432 4944 Spiritus
1456 4872 1552 4927 reddat
1566 4871 1750 4928 testimonium

953 4953 1057 5026 spiritui
1087 4962 1141 5023 tuo,
1175 4955 1246 5027 quod
1276 4953 1345 5011 lilius
1368 4956 1420 5010 Dei
1449 4956 1508 5012 sis:
1536 4955 1581 5027 qui
1600 4956 1750 5012 certissima

954 5039 1030 5110 signa
1055 5039 1300 5110 predestinationis
1330 5049 1382 5094 tuae
1404 5040 1478 5094 cordi
1503 5048 1548 5095 tuo
1572 5040 1706 5111 imprimat
1724 5048 1751 5095 et

955 5123 1079 5179 ostendat
1097 5126 1174 5196 idib:
1191 5124 1237 5196 qui
1265 5124 1347 5179 donet
1371 5124 1490 5178 laetitiam
1506 5124 1532 5179 in
1549 5124 1702 5194 cordetuo,
1724 5137 1751 5179 et

957 5264 1026 5315 mus,
1043 5249 1091 5302 sed
1106 5247 1165 5328 spei
1186 5247 1283 5303 fiducia
1305 5248 1461 5303 consolatur
1484 5265 1543 5305 nos.
1571 5250 1685 5320 Propter
1700 5250 1752 5304 boc

957 5319 1019 5374 data
1030 5325 1093 5374 snnt
1101 5335 1179 5393 signa
1189 5318 1313 5390 quaedam
1324 5326 1352 5373 et
1362 5318 1459 5375 indicia
1470 5319 1612 5375 manifesta
1623 5320 1750 5375 salutis..

958 5398 987 5446 ut
1002 5391 1100 5462 quibus
1114 5390 1303 5446 certitudinem
1314 5398 1398 5462 negat
1408 5407 1488 5446 causa
1499 5390 1695 5458 sollicitudinis,
1709 5391 1752 5446 rel

961 5460 1088 5518 fiduciam
1103 5468 1212 5537 praestet
1226 5461 1312 5536 gratia
1328 5461 1529 5518 consolationis.
1551 5483 1563 5511 t
