3734 5948
63 231 121 290 933
681 223 854 285 salvitates
876 224 909 284 ΙΝ
929 223 1084 284 catalla.
1663 235 1714 294 934

60 370 138 410 amor
152 353 263 424 Christi,
283 368 344 424 quae
368 351 460 407 itariae
474 349 593 404 animam
617 364 671 405 uon
686 350 767 404 modo
796 363 866 404 con·
879 363 904 443 Ι
917 347 981 402 rasti
997 347 1011 403 t
1025 346 1123 402 Audite
1137 355 1163 402 et
1178 347 1331 420 iutelligite,
1356 349 1493 408 sinouse
1512 353 1548 408 ab
1563 354 1616 411 illis
1650 357 1719 429 ipsis

60 442 129 511 fixit,
146 444 193 500 sed
217 442 295 499 etiam
319 440 503 512 pertransivit,
528 445 559 494 ut
573 437 674 494 nullam
703 437 731 492 iu
757 446 865 508 pectore
919 433 1081 491 taururista
1096 444 1257 506 promotam,
1278 437 1406 509 aquibus
1420 449 1446 495 ot
1462 456 1583 512 passam.
1601 447 1718 503 Necmi·

60 533 184 606 virginali
204 532 362 604 particulam
378 545 488 588 vacuam
507 544 600 584 amore
616 527 791 600 relinqueret,
814 528 863 583 sed
919 541 979 579 rum
994 534 1093 594 tamen,
1110 526 1242 598 siquidem
1262 527 1342 583 tuerit
1357 544 1438 585 causa
1459 533 1597 604 pugnandi
1605 534 1719 596 intentio

60 620 223 684 totocorde,
254 628 312 676 tota
343 619 445 685 anima,
474 624 529 672 tota
556 618 655 672 virtute
675 615 811 690 diligeret,
835 624 862 671 et
915 614 1078 687 corrigendi.
1107 616 1178 670 Nam
1201 617 1261 687 quis
1285 617 1387 673 nesciat
1418 618 1518 674 multos
1546 620 1722 682 amicabiliter

59 717 132 764 esset
146 709 233 780 gratia
261 710 349 779 plena.
367 712 420 763 Aut
438 713 511 765 certe
534 704 703 777 pertransivit
733 720 803 771 eam,
831 711 864 760 ιιι
916 701 1070 775 utiliterque
1082 703 1220 760 multoties
1233 706 1430 778 oppugnatos?
1444 705 1531 774 Quam
1541 710 1719 784 multosque-

59 798 161 855 veuiret
183 812 268 869 nsque
294 798 326 851 ad
341 812 401 861 nos,
417 804 444 850 et
471 794 504 850 de
522 793 688 865 plenitudine
701 793 747 850 illa
768 809 862 850 omnes
916 791 981 849 tidie
994 793 1149 865 experimur
1164 794 1216 865 piis
1231 794 1481 868 impugnationibus
1496 797 1664 866 praelatorum
1685 804 1719 859 ad

60 885 252 955 acciperemus,
267 894 294 940 et
316 885 392 941 fieret
415 892 499 940 mater
517 883 662 953 charitatis,
686 884 765 954 cujus
786 891 861 955 pater
914 880 1176 953 melioraprofieere,
1189 883 1300 954 provehi
1316 882 1721 960 adaltiora‘lErgoilludpotins

59 982 101 1032 est
123 973 237 1030 charitas
250 976 336 1042 Deus,
353 974 503 1045 parturiens
526 981 552 1029 et
576 973 602 1028 in
619 974 675 1029 sole
690 988 795 1044 ponens
816 979 860 1026 ta·
914 968 1140 1039 demonstremus,
1160 971 1183 1026 si
1198 986 1354 1044 possumus,
1369 973 1597 1044 quemadmodum
1617 977 1719 1035 adver·-

59 1062 234 1118 bernaculum
263 1063 331 1132 ejus,
363 1070 391 1116 ut
426 1060 564 1134 Scriptura
600 1058 769 1131 impleretur,
798 1075 860 1131 quae
915 1073 963 1117 sus
976 1058 1124 1115 Ecclesiam
1140 1069 1286 1132 pugnatum
1311 1061 1345 1118 sit
1372 1060 1465 1118 atiliie
1491 1064 1667 1134 matrissuae,
1692 1074 1720 1124 ει
1822 1059 1824 1063 ’

60 1149 125 1207 dicit
144 1168 151 1207 ι
168 1152 321 1208 Dediteia
338 1151 583 1222 lucemqeatium,
600 1150 781 1206 ululatatus
799 1167 862 1206 mea
914 1145 1006 1203 lrostili
1024 1148 1123 1216 animo,
1138 1157 1165 1204 et
1187 1149 1285 1207 damno
1299 1149 1368 1205 utili.
1397 1151 1427 1206 ld
1454 1152 1526 1207 enim
1557 1153 1717 1223 jucundius,

60 1241 188 1315 usquead
203 1244 366 1297 extremum
381 1240 641 1308 terre(1sa.xerx,
659 1242 700 1308 6).
716 1238 859 1294 ilocenim
915 1252 979 1291 oum
1010 1237 1057 1309 qui
1081 1252 1178 1294 nocere
1211 1238 1363 1306 intendunt,
1390 1251 1505 1311 prosunt
1527 1247 1554 1298 et
1581 1245 1717 1303 nolentes.

59 1331 198 1400 impletum
230 1337 270 1385 εει
293 1344 341 1398 per
367 1328 488 1396 Mariam,
513 1345 573 1401 quae
590 1329 617 1384 in
631 1344 713 1385 carne
727 1327 862 1386 visibilem
916 1324 1065 1396 Utrumque
1079 1341 1145 1384 vero
1158 1342 1269 1383 sensum
1285 1331 1361 1384 tenet
1375 1329 1500 1400 superior
1512 1331 1716 1404 interpretatio:

61 1417 156 1482 edidit,
171 1433 251 1488 quem
265 1417 429 1474 invisibilem
437 1433 487 1472 nee
498 1417 532 1472 de
541 1433 632 1483 earne,
643 1430 695 1474 nec
708 1430 772 1472 eum
782 1431 863 1472 earne
917 1415 1045 1482 quoniam
1064 1415 1172 1488 quidem
1186 1431 1241 1472 non
1256 1416 1410 1488 defuerunt,
1430 1420 1517 1492 etqui
1531 1421 1611 1494 bene,
1626 1431 1652 1478 et
1671 1423 1718 1497 qui

61 1507 191 1577 suscepit.
212 1506 245 1562 Et
258 1506 305 1562 illa
318 1507 428 1578 quidem
443 1507 471 1561 in
485 1512 543 1563 tota
557 1521 586 1562 se
600 1504 705 1581 grande
728 1515 755 1562 et
778 1521 862 1564 suave
917 1504 987 1559 male
1001 1505 1192 1561 aemularentur
1214 1521 1285 1573 eam,
1302 1505 1409 1565 diversa
1420 1507 1568 1566 intentione
1592 1526 1719 1586 pugnan-

60 1594 274 1651 amorisvulnus
292 1595 395 1666 accepit
411 1613 418 1648 ι
435 1609 567 1667 egerere
594 1610 636 1650 me
656 1593 760 1652 felicem
782 1602 862 1666 puta·
918 1600 977 1662 tes3
993 1595 1039 1649 sed
1050 1593 1158 1666 utrique
1173 1595 1343 1663 protuerunt.
1361 1597 1392 1652 ln
1424 1604 1527 1652 tantum
1555 1598 1719 1672 deniquese

60 1683 154 1748 verim,
171 1683 194 1737 si
208 1699 314 1739 summa
342 1684 436 1738 saltem
451 1682 528 1754 qnasi
554 1681 664 1753 cuspide
688 1683 767 1752 liujus
782 1682 862 1756 gladii
920 1681 1067 1753 proiecisse
1080 1699 1113 1737 ex
1130 1681 1162 1737 iis
1174 1698 1235 1753 quae
1249 1683 1282 1738 ab
1302 1684 1408 1740 aemulis
1423 1699 1503 1756 passa
1517 1693 1559 1742 est
1573 1685 1720 1759 gloriatur,

61 1770 146 1844 pungi
160 1772 287 1827 interme
302 1787 425 1842 sensero,
440 1778 471 1827 ιιι
484 1771 527 1828 vel
542 1770 649 1827 modico
665 1780 863 1841 acceptoamo·
920 1778 949 1826 ut
962 1785 1013 1841 pro
1028 1787 1082 1826 una
1095 1771 1185 1839 vinea,
1206 1788 1289 1843 quam
1313 1772 1365 1829 sibi
1395 1773 1542 1833 abstulisse
1575 1775 1718 1846 visisunt,

61 1860 100 1915 ris
129 1860 339 1928 vulnere,dieat
367 1863 448 1916 etiam
475 1861 565 1916 anima
598 1875 659 1915 mea
678 1876 685 1914 :
707 1861 863 1918 Vulnerata
917 1859 1482 1932 supermultassegaudeatconstitutam.
1499 1863 1557 1920 Hoc
1584 1865 1663 1936 mitri,
1679 1866 1721 1922 in·

62 1950 204 2006 ctoritate
219 1949 443 2023 egosum(Caut.
455 1964 486 2018 u,
499 1949 537 2022 ὅ).
553 1947 622 2018 Quis
638 1947 703 2005 mihi
719 1950 820 2006 tribunt
836 1949 864 2004 in
919 1946 986 2019 quit,
1004 1947 1155 2018 prestitere
1182 1948 1331 2023 pugnando
1346 1958 1498 2007 contremo
1521 1960 1549 2006 et
1572 1964 1666 2010 contra
1679 1954 1721 2012 vi·

61 2038 136 2094 laune
151 2040 260 2094 modum
275 2054 330 2094 non
345 2039 427 2094 modo
447 2037 596 2104 vulnerari,
610 2037 657 2094 sed
671 2047 698 2094 et
712 2039 865 2112 expugnari
919 2051 997 2091 neam
1008 2050 1106 2103 meam,
1120 2035 1283 2108 quidicunt:
1294 2037 1460 2104 Euiuauito,
1473 2041 1623 2097 ammanite
1633 2057 1720 2115 usque

62 2126 172 2183 omnino
188 2143 273 2198 usque
290 2127 324 2182 ad
349 2126 598 2183 exterminationem
614 2126 711 2184 coloris
729 2136 754 2183 et
768 2127 866 2183 caloris
918 2124 954 2180 ad
968 2124 1189 2195 [undamentum
1202 2126 1236 2180 iu
1249 2140 1283 2181 ea
1297 2126 1385 2195 (Paul.
1401 2142 1522 2192 cxxxvi,
1538 2128 1577 2198 7),
1595 2138 1625 2185 ut
1638 2144 1720 2185 unam

62 2214 143 2282 illius,
160 2216 206 2287 qui
220 2215 460 2273 militatadversus
477 2218 616 2273 animam?
920 2212 1042 2283 pluribus
1060 2213 1259 2270 commutarim.
1275 2215 1332 2270 Hoc
1347 2216 1448 2286 quippe
1463 2225 1505 2271 est
1524 2218 1598 2288 quod
1628 2216 1719 2286 interr,

99 2306 125 2358 9.
143 2304 170 2359 Si
182 2304 402 2375 exprobraverint
420 2302 482 2360 tiliae
502 2304 584 2373 hujus
597 2302 690 2358 saculi
713 2303 750 2358 illi
771 2303 866 2359 anime
926 2301 1039 2357 Vineam
1053 2319 1146 2360 meam
1156 2320 1213 2360 uera
1224 2303 1381 2360 custodivi:
1396 2306 1722 2377 tanquamcausam·sub·

61 2409 124 2465 quae
139 2393 296 2462 huiusmodi
310 2402 360 2458 est,
380 2392 505 2448 dicentes
520 2390 645 2464 pallidam
661 2397 687 2446 et
703 2390 761 2446 sine
775 2392 867 2448 colore
918 2388 1036 2460 jungens
1064 2391 1136 2446 unde
1148 2392 1200 2446 hoe
1216 2389 1255 2445 illi
1273 2391 1396 2462 contigit,
1413 2401 1443 2448 ut
1467 2407 1520 2448 non
1537 2393 1564 2447 in
1580 2410 1635 2449 una
1651 2394 1718 2465 jam,

63 2497 137 2548 esse;
153 2496 243 2537 nonne
259 2480 307 2535 tibi
329 2495 450 2551 congrue
478 2494 559 2551 posse
576 2479 747 2553 respondere
762 2479 867 2536 videbi·
920 2478 969 2533 sed
984 2479 1014 2533 in
1027 2478 1150 2550 pluribus
1164 2489 1257 2537 eustos
1280 2479 1368 2551 posita
1382 2480 1427 2536 sit.
1452 2480 1486 2537 Et
1500 2480 1587 2538 littera
1611 2483 1721 2555 quidem

63 2579 109 2627 tur
120 2586 127 2627 ι
139 2570 230 2626 Nolite
240 2585 285 2625 me
299 2568 477 2625 emsiderare
490 2569 562 2641 quod
575 2572 656 2640 fusca
671 2570 726 2625 sim
739 2570 807 2641 quia
817 2567 867 2626 tle·
921 2566 961 2623 sic
970 2574 1022 2623 est.

63 2658 202 2714 colorauit
215 2674 261 2714 me
276 2656 339 2713 soll
352 2656 385 2712 Et
399 2659 423 2713 si
437 2672 467 2713 se
481 2657 515 2712 ad
528 2656 580 2714 hoc
594 2656 748 2712 meminerit
769 2672 867 2729 perve-
921 2657 948 2710 t.
968 2655 1021 2712 Sed
1048 2656 1072 2713 si
1099 2671 1158 2711 eam
1186 2655 1345 2728 simpliciter
1365 2657 1517 2731 sequimur,
1540 2660 1660 2717 conteuti
1686 2676 1721 2719 eo

63 2745 138 2800 nisse
152 2743 387 2801 adhortationibus
404 2760 452 2800 seu
462 2743 696 2818 increpationibus
710 2745 865 2816 aliquorum
921 2746 979 2801 solo
991 2745 1064 2817 qnod
1080 2759 1178 2801 sonare
1192 2745 1220 2800 in
1249 2743 1391 2817 superficie
1411 2742 1457 2804 illa
1471 2748 1585 2817 videtur,
1613 2750 1721 2821 putabi-

64 2850 207 2890 eervorum
222 2833 273 2889 Dei
301 2833 486 2890 aemulantium
509 2850 569 2891 eam
594 2834 645 2891 Dei
667 2836 863 2903 aemulatione3
922 2848 981 2889 mus
995 2849 1047 2890 nos
1065 2834 1197 2909 lagereio
1222 2833 1360 2906 Scriptura
1388 2845 1481 2893 saneta
1512 2838 1547 2894 de
1561 2837 1602 2894 his
1632 2837 1721 2895 vineis

63 2938 153 2980 nonne
183 2929 381 2994 ranaequenter
406 2922 593 2996 veraciterque
617 2923 718 2980 interra
754 2923 861 2996 poterit,
879 2923 1053 3008 ccorporeis
1066 2932 1094 2979 ει
1107 2922 1223 2980 terrenis
1240 2939 1308 2995 quas
1326 2924 1450 2997 quotidie
1463 2925 1643 2983 cernimueda
1659 2942 1721 2985 rora

64 3013 128 3084 quia
141 3013 197 3083 filii
212 3013 316 3070 matris
330 3029 399 3069 meoe
414 3016 609 3086 pugnauerant
620 3018 722 3073 eontra
735 3012 867 3072 meiErit
920 3011 981 3069 eoeli
995 3013 1067 3069 etde
1081 3011 1244 3084 pinguedine
1268 3019 1348 3069 terra
1362 3013 1495 3085 accipere,
1514 3016 1587 3071 unde
1601 3014 1720 3072 tundunt

66 3116 136 3173 ergo
152 3118 257 3173 sensus,
271 3101 348 3170 juxta
362 3102 435 3173 quod
446 3102 549 3159 dictum
571 3104 622 3168 est,
638 3110 668 3157 ut
681 3100 802 3157 Ecclesia
816 3117 868 3158 seu
919 3101 1023 3172 vinum,
1042 3101 1070 3155 in
1087 3116 1141 3173 quo
1164 3109 1205 3156 est
1221 3099 1347 3157 luxuria:
1366 3107 1394 3156 et
1409 3101 1448 3158 sic
1463 3102 1542 3171 nibil,
1576 3118 1632 3161 non
1658 3104 1719 3162 dico

65 3191 294 3262 studiosaquaevie
308 3192 396 3249 anima
410 3191 436 3246 id
451 3193 589 3264 loquatur,
599 3191 740 3264 nonquasi
753 3205 868 3264 gemens
920 3189 1031 3245 Domini
1045 3204 1152 3260 sponsae
1165 3189 1291 3261 dignum,
1326 3190 1375 3246 sed
1386 3206 1436 3247 nec
1451 3190 1538 3248 cuivis
1560 3201 1720 3251 ceterarum

64 3288 111 3336 ant
125 3295 304 3353 conquerens,
319 3279 452 3353 sedquasi
466 3280 592 3355 gaudens
615 3288 642 3336 et
657 3278 758 3352 gratias
771 3295 865 3352 agens,
920 3293 1072 3352 congruum
1086 3277 1152 3351 qnid
1174 3279 1209 3336 de
1223 3289 1276 3335 tam
1296 3288 1387 3336 sancta
1402 3291 1430 3336 ει
1463 3280 1552 3339 divina
1581 3282 1721 3355 Scriptura

65 3371 176 3441 iusuper
191 3380 218 3427 et
232 3371 359 3441 glorians,
371 3372 444 3442 quod
460 3387 508 3441 pro
525 3372 634 3427 nomine
648 3378 775 3427 elamore
788 3370 868 3427 Cirri-
920 3368 1042 3426 attulisse
1054 3368 1214 3426 ridebimur.
1231 3368 1298 3439 Quae
1318 3368 1390 3426 euim
1410 3370 1598 3430 convenientia
1612 3374 1721 3445 sponsis

64 3461 98 3517 sti
112 3461 192 3532 digna
216 3458 340 3516 sittusca
354 3475 402 3515 seu
416 3459 526 3516 decolor
540 3475 603 3516 esse
631 3467 659 3516 et
674 3459 754 3517 dici:
785 3468 867 3533 atque
919 3456 1091 3515 etcustodiae
1105 3458 1242 3516 vinearum
1256 3458 1332 3516 ‘lSed
1348 3457 1399 3515 etsi
1433 3461 1579 3517 convenire
1599 3472 1721 3534 putetur,

64 3551 118 3606 hoc
131 3549 222 3622 ipsum
250 3547 367 3603 ascribat
381 3563 436 3603 non
449 3564 506 3604 suae
522 3548 676 3620 industriae,
702 3550 751 3605 sed
771 3549 867 3624 gratiae
920 3546 990 3605 unde
1000 3547 1157 3605 docebimus
1171 3547 1256 3604 inisse
1279 3549 1426 3621 aliquando
1450 3547 1600 3606 Ecclesiam
1625 3550 1720 3608 iebus·
1819 3574 1823 3581 ²

65 3648 92 3694 et
114 3636 306 3693 misericordia
332 3635 522 3707 praevenientis
536 3653 565 3693 se
580 3646 606 3692 et
628 3636 764 3695 mittentis
777 3638 812 3693 ad
826 3655 866 3696 se.
918 3637 994 3693 modi
1003 3638 1160 3708 deputatam
1173 3635 1289 3693 cilicini
1302 3633 1432 3708 Nu'nquid
1445 3639 1481 3693 de
1496 3637 1583 3693 vineis
1601 3647 1722 3695 ‘curaest

64 3730 133 3785 Nam
158 3726 295 3798 quomodo
315 3724 509 3782 crederetsine
522 3725 712 3799 praedicante?
726 3728 867 3799 quomodo
919 3724 1046 3782 DeoiSi
1073 3733 1161 3781 antem
1184 3723 1319 3797 spirituali
1347 3741 1428 3781 sensu
1455 3724 1550 3783 vineas
1575 3726 1718 3798 Ecclesiae,

65 3814 341 3886 autemprnrtteareur
351 3813 403 3869 nisi
414 3814 603 3869 mitterentur?
612 3814 702 3883 (Rom.
714 3829 744 3881 x,
757 3815 801 3880 tt,
811 3813 867 3887 aa.)
919 3814 948 3870 id
967 3823 1008 3870 est
1019 3812 1114 3870 lideles
1127 3815 1335 3885 interpretamur
1349 3814 1475 3886 populos,
1488 3816 1568 3886 juxta
1580 3817 1720 3889 prophetae

66 3904 249 3959 Filiosmatris
258 3919 314 3958 suae
325 3912 418 3958 contra
427 3918 457 3958 se
469 3917 604 3975 pugnasse
615 3908 759 3975 memorat,
771 3918 826 3958 non
838 3910 867 3960 ut
919 3918 1028 3959 sensum
1038 3901 1164 3974 dicentis,
1172 3904 1255 3959 Viaca
1269 3904 1382 3960 Domini
1395 3905 1511 3962 salcetis
1523 3907 1623 3964 domm
1634 3910 1721 3967 irruet

65 3994 143 4062 irata,
159 3995 206 4050 sed
217 4003 308 4049 utnon
317 3991 509 4066 ingrataUnde
519 4000 546 4047 ct
555 3992 693 4065 sequitur:
705 3993 867 4051 Potuerunt
920 3993 1042 4062 ert(1sa.
1057 4006 1085 4056 v,
1102 3992 1142 4061 7),
1152 3990 1261 4060 incipiet
1275 3989 1398 4047 fortassis
1426 3994 1533 4050 elucere
1546 3997 1626 4053 nobis
1651 4012 1720 4067 quo-

66 4102 112 4140 me
126 4084 268 4144 custodem
280 4086 311 4140 ia
320 4085 418 4142 uineis.
429 4079 508 4152 Quod
519 4083 633 4139 verbum
644 4081 736 4153 utique
746 4081 771 4136 si
781 4080 869 4154 spiri·
923 4081 1005 4136 modo
1023 4095 1130 4152 sponsae
1152 4080 1263 4136 minime
1277 4079 1420 4156 iudignum
1434 4081 1470 4138 sit
1496 4083 1556 4140 lieri
1575 4086 1717 4142 custodem

68 4171 179 4228 tualiter
192 4173 374 4240 examinetur,
389 4181 467 4246 puto,
488 4171 525 4228 nil
540 4173 568 4227 in
584 4186 614 4228 se
629 4171 815 4243 quaerimoniae
823 4178 868 4227 aut
885 4169 952 4288 niu
965 4168 1063 4228 vineis.

70 4262 192 4317 rancoris
207 4262 310 4318 habere
324 4262 473 4332 videbitur,
489 4262 539 4319 sed
554 4261 643 4334 magis
659 4260 809 4318 favorabile
823 4259 872 4316 ali·
961 4262 987 4315 3.
1008 4259 1075 4315 Puto
1088 4260 1160 4332 quod
1176 4265 1203 4316 et
1216 4274 1271 4317 non
1286 4275 1367 4331 parra
1381 4259 1494 4331 insuper
1507 4270 1535 4316 et
1548 4260 1576 4316 in
1586 4262 1638 4320 hoe
1659 4262 1720 4335 ipso

68 4351 134 4423 quid
147 4349 279 4407 redolere.
294 4349 391 4407 Verum
402 4352 437 4407 ad
449 4351 476 4406 id
485 4350 711 4425 contingendum,
722 4349 870 4422 priussane
924 4349 1069 4420 apparebit
1082 4348 1270 4422 praerogativa,
1286 4348 1309 4403 si
1325 4348 1387 4419 quis
1400 4348 1555 4422 diligentius
1583 4361 1658 4408 curet
1671 4355 1721 4409 ad·

68 4455 151 4513 quarn
166 4455 278 4496 manum
293 4455 431 4512 apponere
446 4442 594 4498 audeamus
614 4440 791 4514 qloeusenim
806 4453 870 4497 san·
922 4447 1029 4496 vertere
1043 4444 1176 4511 quantum
1190 4436 1290 4508 ubique
1317 4452 1367 4509 per
1385 4437 1480 4492 orbem
1509 4437 1539 4494 in
1566 4439 1719 4510 huiusmodi

70 4535 140 4601 ciust
157 4531 219 4601 est),
236 4530 419 4587 conciliandus
433 4536 474 4587 est
496 4531 577 4586 nobis
591 4529 676 4586 solitis
690 4528 827 4602 precibus,
842 4538 870 4587 et
923 4527 1014 4586 vineas
1028 4526 1178 4582 dilataverit
1195 4524 1323 4581 terminos
1338 4540 1404 4581 suos
1425 4525 1498 4582 sdie
1512 4526 1557 4584 illa
1570 4545 1624 4602 qua
1644 4530 1722 4588 lero·

69 4622 109 4677 sic
124 4620 319 4676 consultandus
333 4619 377 4676 ille
392 4619 509 4691 Spiritus
523 4619 569 4691 qui
583 4622 721 4676 scrutatur
734 4619 787 4675 alta
800 4618 867 4687 Dei;
925 4615 1145 4689 solymisatiliis
1159 4612 1324 4670 matrissuae
1338 4627 1492 4688 expugnata
1514 4624 1594 4675 εειει
1625 4627 1720 4675 extur-

70 4720 116 4766 aut
130 4719 203 4766 certe
217 4710 379 4782 Unigenitus
398 4710 446 4782 qui
465 4718 505 4767 est
518 4707 547 4764 io
562 4710 624 4766 sinu
638 4709 736 4776 Patris,
751 4722 872 4780 sponsus
924 4708 998 4779 bata,
1010 4723 1064 4763 una
1077 4721 1140 4762 oum
1172 4705 1259 4778 prinu
1287 4703 1336 4760 iila
1350 4721 1398 4761 sna
1411 4705 1518 4764 aoressa
1532 4708 1718 4781 plantatione:

71 4798 181 4856 1875
194 4799 325 4857 Ecclesiae
350 4800 430 4855 lesus
456 4797 581 4855 Christus
604 4797 740 4854 Dominus
763 4801 869 4868 noster,
924 4795 1377 4866 multitudinemdicecredentinm,
1393 4810 1510 4869 quorum
1523 4797 1720 4872 legiturtuisse

70 4894 116 4961 qui
143 4898 185 4946 est
206 4905 291 4962 super
317 4888 409 4946 omnia
437 4889 509 4944 Deus
535 4887 695 4944 benedictus
719 4887 747 4943 in
769 4886 872 4944 sucula
924 4904 972 4947 ccr
986 4905 1082 4946 uuum
1103 4887 1649 4962 etaaimauuaptct.1v‚32).Etipsa
1667 4898 1719 4960 est,

71 4979 170 5033 Amen.
925 4994 1006 5052 quam
1020 4976 1211 5033 modotatetur
1225 4975 1378 5035 seminime
1406 4975 1569 5043 custodisse,
1593 4978 1721 5036 sednon

357 5066 472 5124 SEthO
490 5067 584 5123 XXX.
924 5066 959 5120 ad
977 5066 1162 5138 insipientiam
1190 5065 1252 5123 eibi.
1275 5067 1332 5122 Nec
1355 5064 1430 5121 euim
1448 5063 1559 5120 itainde
1572 5065 1668 5123 evulsa
1693 5067 1721 5125 iu

76 5175 204 5246 Qualiter
225 5176 346 5249 populus
360 5176 488 5246 fidelium
510 5193 560 5233 seu
586 5177 691 5233 animae
716 5178 872 5233 electorum
923 5155 1111 5227 Pel⁸00¹¹¹l⁰1¹0
1138 5154 1198 5224 tuit,
1223 5162 1254 5210 ul
1280 5169 1335 5211 ⁰0¹¹
1354 5153 1418 5209 alibi
1442 5152 1615 5226 l¹³¹¹l⁸f0²¹¹fr
1640 5164 1722 5228 ll(1¹¹⁰

107 5248 265 5321 percinens
280 5248 625 5320 significantur,quarum
640 5247 764 5304 Ecclesia
778 5251 871 5305 custos
924 5245 984 5301 aliis
1006 5245 1142 5300 locaretur
1168 5243 1305 5316 agricolis,
1331 5243 1379 5317 qui
1393 5241 1506 5301 reddant
1529 5241 1632 5302 tructus
1662 5248 1722 5316 ejus

110 5321 233 5388 dicitu&
248 5323 275 5378 02
286 5319 600 5393 uepraueuttaeamis,
616 5335 680 5392 Μ
693 5325 735 5376 ⁶⁸²
747 5334 834 5376 mm·
924 5333 1090 5406 temporibus
1107 5333 1174 5389 suis.
1192 5331 1254 5389 Non
1268 5347 1391 5404 prorsus,
1405 5347 1460 5390 non
1477 5332 1568 5404 periit,
1592 5333 1639 5390 sed
1650 5333 1723 5391 uni-

112 5431 306 5486 t.Pesueruut
319 5442 365 5485 rue
378 5425 520 5484 custodem
534 5429 567 5485 iu
580 5426 671 5484 uineis
685 5424 781 5498 (Ceut.
795 5440 815 5492 ι,
831 5424 870 5497 t).
925 5423 1035 5499 gravit3
1052 5422 1136 5479 etiam
1159 5420 1243 5478 erevit
1271 5430 1299 5479 et
1317 5421 1428 5479 dilatata
1455 5429 1507 5490 est,
1526 5430 1653 5495 tanquam
1679 5425 1723 5482 cui

74 5519 150 5588 Qui?
164 5516 251 5574 Tuine
267 5517 306 5573 illi
321 5520 525 5592 oppugnatores
546 5531 615 5589 quos
629 5513 752 5589 proxime
764 5528 872 5571 memo·
925 5511 1062 5572 benedixit
1071 5509 1213 5568 Dominus.
1229 5509 1418 5584 beniqualera
1431 5512 1523 5569 oculos
1533 5519 1606 5585 taos,
1620 5520 1648 5571 et
1660 5512 1723 5573 vide
