3734 5948
108 251 176 312 lull
744 243 914 308 amandes
931 243 967 307 ln
985 243 1137 308 castlar.
1687 247 1757 310 1018

106 375 317 433 adolescentulis
331 383 455 447 tauquam
469 373 612 445 disciplina
636 371 821 445 indigentibus
835 384 905 443 opus
920 385 945 467 q
959 368 1142 438 curationum,
1157 370 1317 448 alligabam
1332 369 1494 446 linguarum,
1509 371 1556 429 alii
1568 371 1756 446 interpretatio

108 465 144 521 sit
159 465 308 522 reverendo
327 463 412 537 pronti
427 462 556 519 vocabulo
570 460 727 533 majestatis.
961 473 1128 527 sermonum,
1150 460 1255 532 aliaque
1278 460 1341 516 aliis
1363 460 1407 517 bis
1433 459 1531 517 similia
1561 460 1587 534 (l
1615 463 1678 521 Cor.
1702 477 1754 536 an,

147 544 908 618 2.lnlrodrtaitmereaincettamuiuariam.0naenam
960 550 1051 620 7·ll),
1067 564 1123 604 nou
1136 562 1226 606 tamen
1244 550 1315 622 ‘quis
1342 550 1438 606 borum
1453 565 1503 622 pro
1530 550 1686 620 hujusmodi
1712 550 1756 609 di-

110 643 160 698 ists
174 643 208 697 sit
222 643 288 698 cella
306 641 419 707 uinaria,
435 650 568 714 praetereo
596 639 696 710 dicere,
719 640 782 712 qnia
806 637 908 693 dixisse
960 651 1024 694 sera
1038 640 1145 710 poterit,
1161 639 1415 711 quodiutrodnctus
1429 638 1510 695 luerit
1527 637 1554 693 iu
1566 637 1662 694 cellam
1675 638 1755 695 nina·

107 748 151 788 me
165 734 264 788 recolo.
281 731 381 787 Tamen
396 729 420 786 si
434 729 467 785 ad
481 729 630 787 Ecclesiam
652 729 785 784 referatur
808 740 908 793 sermo,
962 725 1039 786 riam.
1055 727 1094 784 Ex
1110 727 1169 784 aliis
1195 730 1296 802 quippe
1323 727 1399 786 cellis
1426 727 1484 784 sire
1496 728 1630 785 thesauris
1643 726 1754 786 inusu-

107 833 169 874 oum
201 819 296 890 repleti
323 818 425 889 Spiritu
448 825 542 875 saneto
565 816 689 888 discipuli
703 823 794 873 musto
814 813 909 871 ebriis
961 822 1080 872 muntnr.

107 905 208 979 populo
234 914 416 978 putarentur,
446 917 509 965 tuuc
532 916 660 979 tanquam
687 905 791 961 amicus
812 896 910 975 spousi
996 906 1022 961 t.
1050 905 1103 963 Sed
1128 906 1155 963 si
1178 906 1239 978 quis
1253 907 1357 963 orando
1373 905 1495 963 obtineat
1516 911 1607 963 mente
1625 904 1757 963 excedam

107 1011 157 1066 pro
178 1012 278 1068 sponsa
301 1005 375 1052 stans
408 997 501 1052 Petrus
534 996 562 1051 in
591 994 679 1052 medio
701 1009 819 1050 eornm:
845 993 907 1050 Nora
960 991 987 1047 iu
1003 993 1029 1048 id
1041 993 1123 1049 divini
1141 995 1244 1064 arcani,
1259 996 1331 1053 uude
1349 1012 1411 1054 mox
1435 996 1525 1053 redeat
1551 995 1644 1052 divino
1663 1009 1756 1054 amore

108 1084 206 1156 inquit,
220 1087 295 1142 sicat
309 1101 354 1142 voa
363 1086 514 1143 aestimatis
524 1084 555 1142 ts·
565 1085 634 1143 ebrii
643 1087 721 1141 suut.
733 1080 852 1139 Attente
866 1081 907 1135 iu·
959 1083 1194 1140 echemcutbsime
1213 1083 1341 1159 flagrans,
1361 1092 1389 1140 et
1410 1094 1526 1142 aestusus
1548 1084 1659 1155 justitiae
1684 1085 1754 1152 uelo,

108 1174 188 1228 terim
203 1175 279 1244 qnod
297 1189 353 1229 non
370 1175 482 1231 omnino
495 1172 598 1242 ebrios,
613 1173 661 1230 aed
682 1171 774 1230 ebrios
787 1171 857 1226 sicut
871 1171 907 1225 ab
960 1186 1010 1227 nec
1020 1187 1073 1229 nou
1088 1180 1115 1229 et
1127 1172 1155 1228 in
1169 1174 1272 1231 cunctis
1286 1174 1473 1244 spiritualibus
1483 1173 1580 1230 studiis
1592 1180 1682 1246 etque
1694 1172 1756 1229 oili·

106 1260 159 1317 illis
173 1263 300 1319 aestimati
313 1273 385 1328 sunt,
404 1263 557 1336 denegarit.
572 1263 657 1320 Erant
670 1262 744 1319 enim
762 1259 842 1322 ebrii,
858 1260 906 1316 aad
959 1258 1010 1316 ciis
1023 1261 1185 1332 pernimium
1200 1262 1315 1329 lerneus,
1331 1263 1370 1319 ita
1386 1274 1416 1320 ut
1426 1263 1513 1335 possit
1523 1263 1612 1319 dicere
1629 1263 1755 1321 :Concu-

105 1349 207 1423 Spiritu
224 1361 327 1421 sancto,
347 1369 399 1410 non
424 1360 524 1410 musto.
542 1354 573 1409 Et
594 1353 673 1425 quasi
698 1349 906 1407 testificarentur
959 1349 1074 1408 tuiteor
1087 1354 1270 1409 meumintra
1287 1357 1382 1420 maci
1400 1354 1432 1411 iu
1445 1353 1676 1411 meditationibus
1687 1354 1757 1412 men

106 1439 141 1493 ad
152 1440 269 1510 plebem,
286 1456 379 1499 revera
393 1457 423 1497 se
438 1443 464 1496 iu
479 1440 574 1498 sellam
585 1440 670 1497 luisse
680 1439 808 1497 vinariam
822 1438 907 1494 intro·
959 1439 1117 1496 exardescit
1130 1440 1205 1513 iouis
1217 1441 1305 1513 (Paul.
1321 1457 1445 1508 xxxam,
1456 1443 1485 1515 t)
1497 1461 1503 1499 :
1517 1443 1541 1498 is
1552 1442 1754 1514 planc,cumex

106 1527 215 1599 ductus,
232 1545 339 1586 rursum
361 1530 458 1586 Petrus
473 1546 521 1599 pro
535 1530 681 1586 omnibns:
708 1528 761 1586 Sed
782 1527 833 1585 itae
848 1529 901 1596 est,
958 1527 1096 1584 eharitatis
1109 1530 1273 1586 abundantia
1288 1532 1385 1588 bonam
1400 1531 1639 1589 etsalutaremrini
1655 1529 1754 1587 laetitias

104 1616 151 1682 uit,
168 1619 243 1690 quod
256 1620 364 1676 dutum
377 1625 421 1678 est
431 1636 484 1692 per
492 1618 659 1693 proplietam
666 1617 739 1676 toel:
756 1619 791 1674 lit
804 1619 861 1674 erit
871 1616 903 1672 iu
957 1625 1063 1674 ructare
1087 1617 1220 1689 crapulam
1238 1620 1361 1690 ooeperit,
1384 1619 1413 1674 in
1426 1618 1520 1676 ceilam
1543 1634 1598 1677 non
1620 1620 1755 1677 immerito

106 1707 376 1773 novissimisdiebus,
392 1708 461 1764 dicit
476 1709 628 1775 Dominam
638 1705 790 1779 effandum
800 1705 903 1778 despi·
918 1665 941 1744 Β
958 1704 1144 1776 perhibebitur
1159 1707 1286 1764 vinariam
1302 1707 1438 1764 introisse.
1454 1707 1521 1764 Cum
1536 1708 1607 1764 enim
1623 1708 1678 1764 duo
1701 1709 1756 1764 dut
1827 1743 1829 1746 >

107 1794 903 1869 ritumeosuperomrtemeorrtcm,etpropbetabonttlit
955 1795 1043 1851 bestie
1056 1796 1290 1869 contemplationis
1308 1812 1445 1865 excessus,
1462 1795 1490 1852 in
1509 1797 1649 1854 intellectu
1671 1813 1753 1866 unus,

107 1885 195 1939 uestri
209 1888 237 1941 el
249 1885 334 1954 tlioe:
343 1887 465 1957 iuvenes
478 1885 565 1943 uestri
578 1885 698 1944 cumaea
712 1883 859 1954 videbunt,
875 1886 903 1938 et
955 1891 984 1939 et
997 1885 1065 1941 altor
1075 1885 1102 1940 in
1116 1883 1224 1951 allectu3
1244 1901 1314 1941 unus
1329 1885 1474 1950 inlumina,
1490 1885 1556 1941 altar
1583 1887 1611 1941 in
1630 1887 1752 1957 terrore;

107 1975 395 2032 seaesoestrisomaia
404 1975 599 2033 somniabunt.
611 1974 713 2029 Annon
724 1973 773 2028 tibi
782 1972 851 2028 cella
860 1971 902 2026 vi·
956 1988 1029 2029 uuus
1042 1974 1069 2028 in
1084 1973 1232 2047 quinione,
1244 1975 1313 2031 alter
1326 1974 1354 2031 in
1368 1973 1510 2031 deuotione
1524 1992 1532 2031 z
1548 1974 1756 2047 pinssanaalie·

108 2060 188 2116 detur
202 2062 287 2117 luisse
302 2063 402 2119 vinaria
425 2063 471 2119 illa
486 2063 594 2132 domus,
611 2063 638 2118 in
658 2078 712 2134 qua
725 2069 803 2118 erant
816 2059 901 2117 disci·
956 2068 1026 2133 ctus,
1041 2070 1068 2118 et
1081 2070 1176 2136 pectem
1189 2078 1283 2120 amore
1306 2062 1408 2130 calens,
1423 2071 1450 2118 at
1474 2072 1575 2119 sancte
1604 2062 1761 2120 devotionis·

106 2150 164 2220 puli
177 2150 273 2220 pariter
291 2152 457 2225 congregati,
478 2169 545 2209 eam
569 2155 665 2223 lacteat
682 2155 726 2209 est
740 2154 856 2224 repente
869 2150 904 2208 de
956 2149 1067 2217 inlusio,
1082 2153 1162 2208 etiam
1177 2162 1203 2208 et
1226 2153 1373 2208 vehemens
1393 2151 1505 2222 spiritus
1538 2151 1658 2222 repletus
1683 2151 1753 2217 zelo,

106 2236 905 2314 eoelosonrratunquamadnenieritisspiritusueltemerttie
957 2241 1102 2311 ncnplsne
1116 2241 1234 2307 aliunde,
1254 2257 1365 2315 quomo
1383 2241 1451 2298 calla
1478 2238 1582 2297 naaria
1610 2249 1755 2313 reportan-

106 2329 260 2398 etrepteuit
275 2333 365 2387 totum
374 2330 638 2395 domam‚udierarat
647 2327 773 2386 sedentes
785 2327 860 2399 (Aet.
871 2343 902 2397 n,
957 2334 1023 2384 tur:
1053 2339 1079 2384 et
1107 2329 1260 2401 cuicunque
1281 2346 1344 2386 curn
1368 2331 1465 2386 borum
1487 2330 1566 2401 eopia
1587 2344 1700 2404 surgere
1719 2328 1753 2384 ab

105 2417 202 2484 ls-lt,
219 2417 257 2487 2),
273 2417 483 2490 adimplevitque
495 2417 666 2490 prophetiam
678 2415 755 2473 loell
771 2416 804 2472 Et
814 2431 905 2474 nonne
957 2418 1078 2473 orations
1095 2417 1220 2485 donetur,
1235 2425 1325 2490 potest
1343 2420 1369 2473 in
1398 2419 1511 2475 ueritate
1547 2419 1633 2491 loqui,
1661 2420 1756 2475 intro·

99 2503 290 2576 unusquisqne
313 2505 423 2561 illorum
444 2507 541 2562 exiens
559 2506 707 2563 inebriatus
729 2507 763 2562 ab
783 2506 905 2562 ubertate
957 2507 1043 2563 duait
1071 2523 1116 2565 me
1139 2524 1192 2565 rea·
1218 2511 1249 2564 in
1272 2509 1374 2564 cellam
1397 2509 1551 2564 vinariam.

103 2591 202 2648 domus
216 2593 306 2663 illius,
321 2603 348 2650 et
371 2603 491 2654 torrente
511 2596 656 2665 voluptatis
679 2601 760 2650 tantae
783 2603 903 2667 potatus,
992 2599 1019 2650 5.
1031 2595 1177 2669 Sequitur:
1190 2597 1337 2655 Ordinamt
1351 2593 1621 2666 iamecltaritatem,
1641 2595 1757 2654 Omnino

102 2680 192 2737 dicere
208 2682 303 2738 rnerito
320 2684 432 2755 quibat:
456 2686 595 2755 Quoniam
608 2685 774 2742 introdusit
792 2700 838 2742 me
852 2699 904 2741 ree
957 2684 1122 2741 necessarie.
1132 2686 1311 2756 importabilis
1326 2685 1460 2758 siqnidem
1470 2688 1575 2758 absque
1588 2684 1701 2742 seleutia
1715 2693 1757 2741 est

105 2771 137 2826 ira
156 2771 258 2828 cellam
272 2772 443 2830 maumam?
956 2774 1041 2829 aelus.
1063 2773 1115 2830 Ubi
1133 2790 1199 2847 ergo
1223 2776 1369 2831 vehemens
1381 2774 1542 2858 ‘aemulatio
1575 2773 1613 2828 ibi
1641 2774 1758 2829 maxims

144 2861 170 2916 3.
186 2859 238 2915 Sed
253 2867 317 2915 ettu
328 2876 448 2934 quoqne,
469 2861 492 2918 si
505 2862 619 2920 collecto
635 2872 680 2919 tuo
691 2861 797 2934 spiritu,
812 2868 903 2917 mente
957 2860 1086 2919 diseretio
1096 2870 1137 2918 est
1151 2864 1314 2927 necessaria,
1333 2879 1394 2937 qnae
1408 2870 1451 2920 est
1460 2863 1596 2919 ordinatio
1605 2861 1754 2919 charitatis.

108 2947 200 3004 sobria
217 2959 243 3005 et
259 2965 343 3007 vacua
357 2950 439 3020 curis,
450 2951 580 3008 orationis
595 2952 707 3008 domum
720 2951 796 3009 solus
815 2952 904 3007 intro·
919 2911 942 2991 t·
958 2950 1070 3022 Semper
1084 2954 1195 3024 quidem
1211 2954 1286 3008 zelus
1300 2953 1406 3023 absque
1421 2951 1533 3007 scientia
1543 2951 1633 3006 minus
1647 2948 1755 3016 ellicax,

108 3052 164 3102 eas,
180 3043 207 3092 et
221 3049 296 3094 stans
309 3053 400 3095 coram
415 3038 469 3096 neo
484 3038 518 3095 ad
537 3055 620 3096 uuum
636 3038 744 3113 aliquod
758 3040 794 3094 de
809 3037 904 3093 altari·
958 3040 1101 3111 minumus
1116 3039 1350 3109 utilisinxenitur3
1368 3038 1527 3111 plemmque
1542 3047 1631 3094 autem
1649 3045 1678 3092 et
1692 3053 1755 3108 per·

109 3126 171 3198 bus,
191 3127 253 3184 coeli
265 3129 375 3199 januam
403 3138 498 3203 langas
520 3128 606 3186 sancti
628 3128 755 3184 desiderii
770 3143 861 3192 mann,
878 3133 906 3182 et
958 3128 1294 3185 niciosussaldesontitnr.
1319 3127 1381 3196 Quo
1397 3124 1756 3200 ipitnrseluslerridior,ac

109 3226 285 3288 praesentatus
300 3217 391 3272 choris
404 3226 571 3288 mactatum,
592 3226 637 3273 tuo
652 3224 808 3287 penetrante
821 3215 905 3272 deuo-
958 3216 1146 3273 veliementior
1158 3217 1279 3290 spiritns,
1296 3215 1488 3290 profusiorque
1501 3215 1636 3284 charitas3
1650 3230 1684 3272 eo
1710 3215 1754 3272 ri·

109 3304 182 3361 tione
197 3305 343 3378 (siquidem
358 3307 445 3362 oratio
457 3306 524 3376 iusti
538 3312 660 3378 penetrat
672 3304 769 3377 coelos)
783 3304 812 3359 in
829 3304 905 3375 ipso·
959 3304 1095 3379 gilantiori
1109 3321 1179 3379 opus
1192 3305 1301 3363 edenda
1319 3312 1372 3375 est,
1394 3321 1455 3380 que
1482 3306 1571 3362 uelum
1594 3304 1754 3376 supprimat,

108 3409 167 3448 rum
194 3394 339 3465 praesentia
368 3395 539 3451 miserandos
571 3394 696 3466 deplores
723 3392 848 3450 miserias
878 3400 907 3450 el
960 3394 1083 3466 spiritum
1100 3397 1355 3467 temperet,ordlnet
1364 3394 1535 3452 charitatem.
1546 3393 1665 3451 Proinde
1678 3408 1753 3460 sane,

107 3482 272 3539 calamitates
286 3498 353 3555 quas
363 3483 464 3555 pateris
480 3499 488 3553 ;
504 3483 607 3540 crebris
630 3483 754 3554 suspiriis
776 3490 801 3539 et
814 3483 905 3557 qemi·
959 3499 994 3539 ne
1006 3490 1136 3558 tanquam
1152 3485 1272 3541 nimiast
1286 3484 1464 3558 importabilis
1479 3499 1529 3555 pro
1549 3483 1653 3555 impetu
1673 3483 1756 3556 spiri·

108 3573 179 3628 tibus
203 3571 429 3628 inenarrabilibus
452 3573 553 3645 prodas
581 3573 776 3641 necessitatem,
800 3572 908 3644 flagites
960 3581 1013 3640 tus,
1027 3590 1134 3648 quome
1150 3574 1219 3630 cella
1237 3575 1344 3631 videtur
1358 3573 1459 3629 vinaria
1473 3583 1627 3643 reportasse
1641 3587 1756 3642 presser-

107 3661 256 3734 pietanm3
280 3660 312 3722 si,
329 3658 448 3730 inquam,
467 3661 519 3716 hoc
533 3659 634 3732 egeris,
649 3659 797 3717 conlidoiu
812 3659 905 3730 eoqui
961 3663 1006 3718 tim
1021 3663 1055 3718 ab
1068 3661 1276 3719 adolescentulis
1288 3677 1389 3733 sponsa
1403 3661 1529 3716 timeatur
1544 3658 1653 3732 ;jnngit
1680 3659 1754 3731 quod
1800 3733 1803 3737 .

108 3748 196 3815 dixit;
213 3751 312 3816 Petite,
334 3753 363 3805 et
376 3748 525 3822 accipietes
543 3747 652 3819 (unet.
674 3763 722 3814 en,
737 3750 777 3818 l),
794 3746 867 3819 quia,
882 3748 905 3803 si
959 3749 1129 3806 discretionis
1145 3759 1187 3808 ast
1199 3754 1280 3807 etiam
1290 3766 1320 3806 se
1330 3751 1428 3822 pariter
1440 3748 1589 3820 accepisse,
1603 3748 1630 3805 id
1644 3756 1686 3803 est
1710 3763 1756 3804 or·
1814 3807 1820 3813 ,

107 3840 325 3911 persevera-eris
352 3839 474 3911 pulsans,
495 3853 549 3895 non
575 3837 661 3894 exibis
675 3852 787 3894 naeuus.
803 3837 905 3892 Verum
959 3839 1050 3894 dinem
1064 3838 1213 3897 elsaritatis.
1228 3839 1359 3897 Discretio
1371 3837 1472 3910 qnippe
1486 3838 1561 3895 omni
1573 3836 1665 3895 uirtuti
1679 3835 1754 3895 ordi·

106 3944 169 3985 cnm
184 3935 210 3984 to
232 3928 311 3985 nobis
325 3928 474 3984 reddideris
489 3929 598 4000 plenum
611 3927 700 4000 gratia
712 3934 740 3982 et
763 3924 903 3992 charitate,
959 3943 1021 3983 uern
1036 3928 1131 3999 pouit;
1147 3928 1215 3986 ordo
1229 3927 1336 3985 modum
1348 3928 1440 3984 tribuit
1451 3932 1478 3984 et
1504 3927 1644 4001 decorant,
1673 3926 1754 3982 etiam

108 4033 159 4073 nec
174 4019 276 4087 poteris
290 4017 386 4088 spiritu
401 4017 512 4075 terreus
524 4016 692 4072 dissimulare
710 4030 810 4071 munus
824 4028 904 4070 acce·
958 4024 985 4074 et
999 4016 1216 4089 perpetuitatem.
1231 4018 1354 4087 Denique
1361 4017 1397 4072 ait
1409 4037 1416 4076 :
1429 4017 1614 4075 ordinatione
1629 4022 1679 4074 tua
1690 4031 1755 4089 per-

107 4113 194 4176 ptum,
216 4107 289 4179 quod
316 4107 375 4162 sine
400 4106 500 4163 invidie
527 4104 759 4171 communicabis;
796 4103 904 4175 erisque
957 4107 1240 4179 smerutdiesil’sui.
1256 4121 1350 4174 canit,
1367 4108 1431 4173 91);
1456 4105 1528 4161 diem
1559 4106 1687 4162 virtutem
1704 4121 1755 4176 ap·

107 4191 235 4248 omnibus
256 4192 284 4248 iu
309 4195 406 4267 grana,
426 4210 487 4267 quae
510 4194 573 4249 data
593 4202 634 4250 est
657 4191 716 4261 libi,
739 4206 794 4249 non
822 4191 903 4247 modo
919 4190 943 4268 n
958 4194 1072 4269 pellens.
1096 4197 1221 4271 Esterqo
1235 4196 1362 4253 diseretio
1380 4210 1435 4251 non
1463 4201 1517 4250 tam
1540 4195 1635 4259 virtus,
1675 4209 1755 4266 quam

106 4285 209 4352 gratus,
234 4282 280 4336 sed
309 4283 430 4345 fortassis
445 4283 526 4341 enam
546 4282 722 4340 admirandus
737 4302 745 4354 ;
761 4279 863 4354 poteris
877 4287 905 4336 et
957 4285 1082 4365 quaedam
1105 4285 1267 4342 moderatrix
1295 4294 1323 4341 ct
1349 4284 1446 4356 auriga
1473 4282 1610 4350 virtulum,
1645 4282 1757 4339 ordina·

107 4369 166 4441 ipse
182 4371 312 4427 veraciter
322 4373 475 4444 protestari,
490 4373 554 4447 quia
571 4372 736 4431 introduxit
747 4386 793 4429 me
806 4386 859 4430 ree
873 4370 905 4425 in
959 4374 1066 4448 trixque
1079 4373 1234 4440 alleetmm,
1249 4382 1276 4431 et
1301 4389 1408 4430 morum
1427 4371 1544 4428 doctrix.
1566 4370 1644 4429 'tolle
1671 4371 1753 4440 banc,

107 4457 373 4529 celtamvinartam,·
384 4467 486 4516 tautum
499 4473 676 4530 cautusesto,
690 4476 745 4518 non
760 4462 788 4518 in
803 4467 842 4531 te,
857 4460 906 4516 sed
961 4471 990 4520 et
1002 4463 1088 4520 uirtus
1111 4464 1204 4520 vitium
1232 4463 1292 4530 erit,
1318 4462 1433 4534 ipsaque
1451 4460 1557 4517 adonio
1582 4459 1712 4516 naturalis
1725 4460 1754 4517 id

107 4544 135 4601 in
157 4547 272 4604 Destino
285 4549 407 4623 gloriari.
422 4550 477 4605 Nec
491 4564 572 4605 omne
586 4549 697 4616 donum,
707 4549 831 4622 quamvis
849 4548 907 4621 spi·
961 4551 1190 4624 perturbationem
1205 4552 1292 4623 magis
1304 4557 1487 4620 convertetur,
1509 4549 1753 4622 exterminiumque

109 4633 214 4704 rituale,
242 4637 350 4708 prodire
377 4635 492 4696 1486
518 4637 631 4693 dixerint
654 4638 689 4694 dc
713 4638 782 4694 cella
800 4637 906 4694 sinaris
961 4651 1074 4696 naturae.
1087 4640 1517 4698 ordinauitiumecltaritatcm.
1533 4638 1642 4696 Factum
1656 4646 1755 4694 estsu-

108 4741 170 4783 cum
189 4725 243 4781 sint
257 4735 284 4782 et
297 4725 357 4783 alise
366 4743 453 4799 penes
462 4742 593 4799 sponsum
606 4727 685 4784 eelloe
699 4726 742 4783 rel
755 4725 905 4794 apotbeee,
960 4736 1014 4785 tem
1030 4730 1102 4798 boc,
1123 4745 1184 4786 eum
1208 4729 1236 4784 in
1258 4729 1380 4786 Ecclesia
1399 4728 1530 4803 quosdam
1548 4729 1657 4801 quidem
1680 4727 1755 4784 dedit

106 4813 216 4870 diuersa
234 4815 262 4870 in
276 4831 306 4870 se
322 4815 463 4872 recondita
487 4815 619 4871 babentes
638 4816 711 4871 dona
733 4822 817 4888 atqua
836 4814 904 4872 cha-
959 4817 1107 4890 apostolos,
1132 4818 1265 4892 maasiam
1294 4819 1387 4874 numm
1415 4819 1570 4890 propbetas,
1597 4817 1666 4874 alios
1690 4831 1755 4874 vero

108 4902 227 4972 rismata,
244 4904 395 4960 seeundum
417 4903 524 4959 divitias
542 4904 712 4976 gloriosius
726 4903 734 4959 Ξ
753 4901 789 4958 ‹la
806 4903 906 4976 quibus
958 4909 1146 4985 evangelistas,
1162 4908 1230 4966 alios
1242 4917 1365 4982 pastores
1377 4915 1404 4964 et
1419 4907 1544 4964 doctores
1571 4907 1605 4962 ad
1624 4920 1753 4963 mosum·

108 4993 183 5048 cellis
206 4992 317 5049 memini
343 5009 386 5049 me
408 4993 472 5050 alibi
511 4993 592 5050 latius
615 4993 768 5064 disputasse
790 4993 905 5065 (supra
958 4998 1263 5055 mationemsanctorum
1276 4997 1439 5072 (splenis,
1452 5000 1497 5067 ll,
1510 4993 1752 5069 l2).l)portatau-

84 5134 87 5140 .
108 5096 190 5136 serm.
207 5083 264 5153 23).
275 5084 372 5142 Nonne
386 5081 445 5140 iore
459 5083 665 5150 condierant,
676 5082 905 5157 inquitaprrdme
959 5093 1012 5142 tens
1027 5088 1110 5144 utbos
1124 5101 1178 5142 nna
1188 5101 1281 5142 omnes
1291 5086 1409 5143 ebaritas
1425 5085 1500 5158 liget,
1526 5092 1553 5141 et
1569 5092 1752 5155 contemperet

107 5171 750 5242 eteiqnctutntbesaurtameietweut.xxxxi,
766 5172 904 5244 ilidssrqo
956 5173 1125 5232 inunitatem
1139 5174 1369 5248 eorporiscbristi
1386 5195 1393 5230 ι
1408 5174 1482 5248 quod
1498 5173 1609 5231 minima
1641 5173 1754 5231 omnino

105 5275 157 5330 pro
180 5260 335 5318 diversitate
353 5262 493 5322 cellarum,
508 5259 656 5320 divisiones
681 5259 826 5334 gratiarnm
840 5268 904 5316 sunt
957 5262 1046 5321 lucere
1065 5264 1171 5336 poterit,
1188 5264 1211 5320 si
1224 5265 1282 5336 ipsa
1301 5278 1355 5322 uon
1371 5263 1451 5320 luerit
1477 5263 1610 5322 ordinate.
1636 5262 1705 5320 Nam
1728 5263 1752 5320 si

108 5357 134 5405 et
150 5348 296 5422 unicuique
315 5349 503 5408 manifestatur
517 5349 633 5421 Spiritus
648 5350 682 5406 ad
695 5349 852 5406 utilitatem.
869 5349 904 5405 lse
957 5353 1146 5426 unoquisque
1174 5352 1396 5426 leraturimpctu
1434 5352 1582 5411 meandum
1627 5353 1753 5424 spiritum

108 5453 260 5511 quanquam
276 5438 322 5493 alii
346 5437 455 5510 qnidam
477 5440 558 5496 datur
585 5455 677 5496 sermo
691 5438 843 5510 sapientias,
858 5437 904 5495 alii
955 5458 1038 5516 quom
1053 5441 1216 5513 accepitne
1241 5441 1276 5497 ad
1300 5456 1414 5516 quaqua
1441 5442 1516 5502 volet
1552 5441 1751 5512 indifferenter,

91 5535 196 5585 ,auum
210 5543 300 5586 sermo
309 5527 438 5598 scientie,
454 5528 574 5588 aliiuero
592 5529 743 5603 prophetia,
758 5527 804 5586 alii
817 5530 904 5602 pratis
955 5540 1038 5604 pmut
1064 5529 1191 5599 allicitur.
1222 5545 1277 5590 nou
1309 5530 1420 5590 monis
1449 5531 1552 5604 judicio
1566 5531 1750 5600 convolsum
