3734 5948
103 178 139 255 67
583 173 611 231 S.
631 171 798 237 amatim
817 169 958 231 lunaris
971 164 1282 232 -ctdttnvtutuusts
1722 166 1759 226 68

103 301 321 375 desponsationis
344 299 447 369 itariae,
469 314 530 371 que
543 307 571 354 et
594 299 768 367 dubitationis
779 298 899 355 Thomae.
961 295 1127 351 descendero
1141 295 1174 347 in
1193 294 1350 363 triferam,
1366 290 1432 346 nites
1454 291 1540 358 (Paul.
1568 303 1701 356 cxrxtru,
1717 293 1756 362 8)-

104 382 161 444 tros
176 386 311 459 siquidem
326 385 479 441 ludaeorum
494 395 561 454 erut,
579 398 607 440 nt
623 404 636 439 n
652 384 696 440 die
711 372 901 455 despumatio-
960 381 1109 454 Utrobique
1130 395 1195 435 vero
1217 378 1332 448 fortiter,
1346 377 1456 450 quando
1471 387 1497 433 et
1512 377 1545 433 de
1566 379 1691 449 supernis
1706 395 1757 435 ex-

103 474 146 530 uis
160 488 227 540 ster,
235 489 323 546 usque
337 472 370 528 ed
387 479 494 544 tempus
505 471 786 545 nuptiarum,sponsis
795 485 902 543 sponsae
959 470 1027 541 pulit
1045 469 1203 542 superbum,
1225 475 1252 522 et
1271 467 1341 538 apud
1365 467 1468 522 inferos
1493 466 1616 538 spoliavit
1635 482 1756 522 auarum.

103 563 279 621 traderentur
296 560 508 618 custodiendae:
532 568 666 633 quatenus
685 577 777 616 earum
797 558 846 632 ipsi
869 574 903 614 eo
957 557 1129 615 Conveniens
1155 572 1222 628 ergo
1245 562 1305 611 erat
1332 563 1359 609 ut
1387 555 1504 612 suaviter
1525 571 1635 627 quoquc
1658 557 1758 617 omnia,

103 653 154 709 sihi
179 651 336 725 pudicitiam
359 650 492 707 curiosius
514 658 666 719 servarent,
697 666 751 720 quo
779 648 829 705 sihi
853 647 904 720 ipsi
957 646 1079 705 eoelestia
1094 647 1196 701 scilicet
1209 652 1236 699 et
1252 651 1370 711 terrene,
1387 643 1545 714 disponeret
1562 662 1568 696 :
1586 651 1720 715 quatenus
1736 656 1760 699 et

106 741 247 798 fideliores
260 734 418 796 existerent.
442 738 515 795 Sicut
534 754 600 812 ergo
614 739 731 794 Thomas
744 738 902 801 dubitando,
957 735 1031 792 illinc
1045 734 1179 806 dejiciens
1193 733 1351 805 inquietum,
1364 730 1482 804 reliquos
1499 732 1527 786 in
1544 745 1612 803 pace
1629 731 1758 796 firmaret,

104 829 251 904 palpando,
267 829 503 887 constantissimus
518 827 605 883 factus
620 835 661 883 est
675 827 823 884 Dominieac
836 841 901 882 con·
958 834 984 881 et
999 825 1043 880 bic
1058 822 1243 879 debellaturus
1262 821 1395 886 invidum,
1410 820 1489 876 nohis
1511 820 1585 892 prius
1599 837 1656 876 suae
1669 824 1758 877 humi-

104 918 193 975 fessor
215 917 448 981 ressurrectionis,
475 915 512 970 ita
541 924 568 971 et
595 916 696 987 loseph
720 915 830 970 hiarium
853 913 904 968 sibi
958 912 1040 969 litatis
1049 921 1076 968 et
1085 910 1300 968 mansuetudinis
1311 909 1389 966 valde
1404 909 1587 965 necessarium
1604 911 1757 982 exemplum

105 1003 296 1077 desponsando
324 1006 439 1073 eiusque
463 1000 696 1058 conversationem
725 1000 753 1056 in
782 1009 904 1072 tempore
958 1002 1125 1074 relinqueret
1154 1020 1160 1055 :
1187 999 1280 1072 sicque
1317 997 1432 1053 mirabili
1460 996 1538 1054 fieret
1575 998 1759 1055 moderamine

105 1092 236 1148 custodiae
258 1090 407 1147 studiosius
425 1088 640 1163 comprobando,
664 1088 752 1145 factus
766 1095 808 1146 est
824 1086 904 1161 pudi-
959 1089 1110 1163 sapientiae,
1126 1094 1155 1144 ut
1169 1097 1194 1145 et
1210 1089 1267 1144 suis
1286 1088 1389 1153 suavis,
1403 1095 1430 1142 et
1444 1087 1567 1144 laostihus
1583 1086 1659 1144 fortis
1673 1105 1758 1159 appa-

105 1179 176 1238 citiae
191 1178 365 1236 fidelissimus
383 1179 469 1236 testis.
485 1177 600 1234 Pulchra
623 1178 764 1251 utriusque
779 1177 818 1233 rei
842 1189 905 1232 eon·
959 1189 1042 1236 reret.
1065 1177 1137 1246 Quid
1160 1176 1233 1233 enim
1258 1175 1402 1248 prodesset
1421 1174 1556 1232 diabolum
1570 1176 1658 1254 allec
1677 1177 1759 1237 vinci,

104 1266 272 1324 venientia:
302 1277 330 1323 et
356 1265 489 1323 dubitatio
520 1266 642 1338 Tlromae,
671 1273 697 1321 ct
732 1264 904 1336 desponsatio
959 1268 1037 1325 nohis
1047 1265 1219 1322 manentibus
1230 1263 1545 1337 superbistNeeessario
1555 1265 1761 1338 igiturdespon-

104 1357 206 1413 Mariae.
235 1357 362 1413 Poterant
390 1354 500 1427 quidem
528 1353 622 1410 similis
651 1353 751 1410 erroris
778 1353 905 1426 laqueum
959 1355 1298 1427 sataesthlarialosepb,
1315 1354 1491 1427 quandoper
1512 1354 1761 1410 hocetacanihus

104 1444 185 1503 uobis
207 1445 332 1516 injicere,
360 1442 424 1500 fidei
452 1441 577 1500 videlicet
600 1445 628 1498 iu
648 1443 702 1510 illo,
723 1441 853 1499 castitatis
878 1440 904 1496 in
959 1453 1082 1502 sanctum
1104 1442 1289 1508 absconditur,
1310 1450 1337 1499 et
1357 1458 1372 1496 a
1396 1456 1497 1514 sponso
1523 1440 1663 1516 virginitas
1683 1458 1760 1498 cont-

105 1531 162 1601 illa,
176 1532 319 1589 ueritatem
339 1532 366 1587 in
380 1530 561 1603 suspicionem
583 1531 742 1588 adducere:
764 1531 812 1587 sed
827 1528 905 1588 valde
960 1535 1100 1607 probatur,
1117 1541 1142 1588 et
1159 1531 1278 1606 Virginis
1292 1537 1345 1586 tam
1356 1530 1528 1588 verecundie
1542 1529 1670 1602 parcitur,
1679 1548 1760 1603 quam

105 1618 256 1692 prudenter
281 1628 310 1678 et
333 1620 377 1692 pic
406 1621 506 1678 factum
535 1629 577 1676 est
600 1619 847 1692 percontrarium,
876 1626 906 1674 ιιι
960 1623 1040 1678 famae
1067 1621 1236 1693 providetur.
1266 1617 1336 1688 Quid
1364 1619 1524 1691 sapientius,
1553 1619 1620 1692 quid
1651 1619 1761 1693 dignius

104 1710 177 1767 nude
190 1709 362 1765 metuebatur
376 1708 504 1782 suspicio,
525 1706 602 1764 firma
625 1709 659 1764 sit
675 1709 817 1766 certitudo.
836 1707 905 1763 Nam
960 1712 1050 1767 divina
1069 1709 1256 1781 providentia?
1275 1709 1334 1764 Uno
1351 1708 1397 1764 tali
1412 1707 1526 1763 consilio
1549 1708 1662 1765 secretis
1675 1706 1759 1764 etule-

106 1805 135 1853 et
162 1798 197 1853 de
224 1792 282 1853 arnt
309 1797 510 1855 resurrectione
537 1797 617 1854 citius
636 1797 745 1870 quidem
767 1813 830 1873 eqo,
860 1798 906 1871 qui
959 1801 1047 1855 stibus
1070 1807 1096 1854 et
1118 1797 1267 1853 admittitur
1291 1795 1379 1860 testis,
1404 1805 1430 1852 et
1450 1796 1601 1854 excluditur
1620 1796 1715 1861 hostis,
1732 1805 1759 1851 et

30 1892 35 1910 ¹
104 1885 228 1943 infirmus
251 1900 321 1951 mam,
339 1885 503 1944 crediderim
527 1885 640 1964 lhomae
658 1887 789 1943 dubitanti
805 1895 832 1941 et
851 1887 906 1958 pal·
960 1887 1066 1963 integra
1093 1895 1217 1943 servatur
1249 1883 1319 1940 fama
1347 1885 1465 1957 Virginis
1493 1886 1595 1941 matris.
1631 1885 1759 1957 Aliequin

105 1972 191 2047 panti,
218 1988 299 2048 quam
325 1973 426 2048 Cephea
450 1973 572 2033 audienti
596 1983 622 2034 et
646 1974 769 2033 credenti
791 1993 798 2032 :
820 1983 848 2030 et
871 1977 906 2030 de
959 1977 1069 2048 quaudo
1093 1974 1262 2048 pepercisset
1284 1974 1373 2044 justus
1397 1973 1546 2030 adulterae?
1567 1974 1757 2046 scriptumest

106 2063 200 2119 llatris
224 2063 389 2119 continentia
412 2063 517 2120 facilius
539 2079 640 2136 sponso
665 2066 724 2136 ejus
747 2063 906 2121 custodienti
958 2074 1071 2122 autem:
1091 2064 1189 2137 loseph
1204 2067 1299 2121 aaran
1313 2065 1358 2119 nir
1371 2065 1441 2134 ejus,
1458 2068 1608 2121 coenasset
1618 2065 1717 2135 justae
1730 2068 1759 2117 et

107 2156 135 2207 et
149 2149 309 2223 experienti,
327 2166 408 2224 quam
423 2151 475 2224 ipsi
488 2166 599 2226 quoque
615 2151 718 2224 Virgini
737 2154 772 2210 de
785 2152 843 2209 sola
856 2167 905 2207 sua
959 2156 1047 2214 nollet
1060 2169 1124 2210 earn
1139 2152 1296 2224 traducere,
1306 2153 1396 2210 voluit
1410 2153 1520 2211 occulte
1535 2152 1681 2210 dimittere
1697 2170 1759 2208 carn

106 2238 273 2295 couscientia
295 2255 325 2296 se
345 2238 515 2296 defendenti.
531 2240 592 2312 Die,
616 2256 719 2314 quaeso,
744 2241 805 2314 quis
822 2239 899 2297 m
959 2242 1072 2314 (dotti.
1088 2260 1108 2308 1,
1131 2243 1183 2306 ιιι).
1208 2242 1293 2307 Bene,
1308 2255 1369 2296 cum
1385 2249 1458 2295 esset
1479 2243 1578 2309 justus,
1594 2239 1682 2297 uoluit
1699 2256 1759 2295 eam

106 2338 167 2382 eam
180 2326 278 2384 videus
290 2342 346 2385 non
359 2327 553 2400 desponsatam
568 2336 596 2385 et
609 2329 761 2402 gravidam,
777 2344 831 2386 non
852 2344 904 2400 po·
960 2330 1126 2387 traducere:
1149 2327 1213 2401 quia
1233 2327 1303 2383 sicut
1325 2343 1499 2400 nequaquam
1522 2329 1612 2398 justus
1630 2336 1713 2395 esset,
1736 2327 1759 2380 si

106 2414 161 2471 tina
183 2413 287 2472 diceret
313 2415 486 2473 meretricem
510 2418 605 2487 (clins,
634 2419 801 2491 corruptam)
824 2433 905 2490 quarn
960 2419 1095 2492 cognitam
1115 2432 1190 2473 ream
1208 2415 1406 2486 consensissem
1430 2416 1469 2472 sic
1484 2415 1657 2472 nibilominus
1670 2417 1759 2485 justus

108 2498 263 2577 virginera?
277 2505 337 2560 Non
347 2510 438 2560 autem
450 2504 564 2561 decebat
572 2506 625 2561 hoc
634 2505 688 2561 dici
702 2506 738 2562 de
752 2505 836 2562 iletre
851 2507 906 2562 Du·
960 2524 1014 2563 nou
1042 2513 1125 2571 esset,
1154 2505 1177 2560 si
1205 2504 1347 2577 probatam
1376 2504 1511 2560 innoxiam
1539 2504 1756 2561 condemnasset.

108 2592 185 2648 mini.
201 2590 382 2649 Tolerabilius
401 2609 467 2651 vero
489 2600 572 2666 atque
590 2593 730 2651 honestius
752 2594 801 2651 fuit
817 2595 906 2668 putari
960 2598 1027 2654 Cum
1042 2610 1108 2667 ergo
1120 2595 1209 2664 justus
1223 2601 1297 2650 esset
1309 2601 1338 2650 et
1347 2591 1431 2650 nollet
1440 2608 1500 2649 eam
1511 2592 1663 2659 traducere,
1673 2592 1759 2650 voluit

108 2681 142 2737 ad
158 2689 266 2754 tenpus
275 2681 412 2738 Christum
425 2681 461 2738 de
470 2682 599 2756 conjugio
612 2682 697 2740 fuisse
711 2690 815 2752 natum,
825 2699 905 2757 quam
960 2683 1064 2741 occulte
1079 2683 1215 2738 dimittere
1229 2697 1299 2737 eam.
1500 2677 1501 2680 ’

108 2769 145 2826 de
158 2767 349 2826 ιοτιιὴιιιοιιο.
997 2774 1041 2832 tt.
1061 2770 1151 2840 Quare
1164 2769 1250 2827 voluit
1263 2769 1398 2826 dimittere
1414 2771 1494 2827 eamr
1509 2770 1610 2843 Accipe
1623 2778 1651 2827 et
1664 2769 1692 2825 in
1707 2770 1758 2826 boc

146 2860 189 2914 ld.
210 2857 265 2914 Sed
284 2872 339 2914 non
357 2866 475 2931 pmcrtt,
497 2859 597 2932 inquis,
620 2859 692 2916 heus
707 2871 830 2933 apertum
853 2860 906 2916 ali-
961 2874 1016 2917 non
1043 2873 1142 2923 meam,
1168 2856 1218 2914 sed
1238 2857 1347 2912 Patmm
1370 2857 1542 2914 sententiam.
1568 2857 1683 2929 l‘ropter
1705 2857 1757 2912 hoc

109 2945 181 3018 qnod
196 2944 343 3004 ostendere
362 2947 479 3020 siguum,
494 2963 548 3021 quo
562 2947 687 3006 videlicet
708 2948 785 3005 lieret
803 2956 833 3006 ut
846 2950 907 3020 ejus
921 2975 944 3056 e
960 2948 1061 3021 loseph
1074 2945 1160 3004 voluit
1174 2945 1308 3002 dimittere
1324 2961 1395 3014 eam,
1406 2955 1518 3019 propter
1532 2947 1605 3018 qnod
1620 2953 1648 3002 et
1663 2946 1758 3002 Petrus

108 3045 160 3090 nec
184 3043 262 3092 ortus
288 3035 475 3104 infamaretur,
503 3051 556 3094 nee
582 3046 669 3094 meter
696 3037 908 3094 criminaretur?
960 3037 1134 3094 Dominuma
1157 3052 1188 3091 se
1208 3033 1369 3108 repellebat,
1384 3034 1478 3090 dicens
1496 3051 1502 3090 :
1519 3037 1575 3091 Eeu'
1597 3052 1685 3102 nme,
1703 3037 1757 3091 Do-

106 3122 215 3181 Poter'at
237 3123 347 3198 urique;
369 3125 419 3183 sed
442 3138 498 3184 nou
520 3133 629 3199 poterat
652 3127 737 3184 latere
757 3126 906 3194 demones,
960 3129 1047 3190 mine,
1062 3143 1130 3199 quan
1146 3125 1226 3184 hmno
1239 3129 1443 3196 peccatorum
1456 3124 1532 3194 (hnc.
1548 3138 1575 3191 v,
1588 3123 1617 3193 8)
1628 3141 1635 3177 ε
1647 3131 1760 3194 propter

108 3213 181 3286 quod
203 3212 304 3270 scireut
327 3213 463 3271 hemines.
479 3213 631 3288 Oportebat
650 3224 740 3272 autem
755 3233 770 3272 a
784 3216 907 3290 principe
961 3214 1033 3289 quod
1048 3223 1076 3270 et
1089 3213 1218 3272 Centurio
1233 3228 1249 3268 n
1262 3213 1342 3269 donro
1356 3228 1406 3268 sua
1426 3227 1488 3269 eum
1502 3211 1674 3283 prohibebat,
1696 3227 1757 3267 curn

108 3301 203 3358 muudi
222 3299 381 3375 aliquandiu
404 3302 487 3360 celari
509 3304 592 3360 diviui
619 3304 724 3361 oonsssii
750 3320 906 3362 sacramen·
960 3303 1065 3361 diceret
1080 3325 1086 3362 :
1103 3306 1230 3370 Domine,
1254 3318 1311 3360 non
1332 3318 1395 3358 aum
1418 3302 1519 3374 dipnua
1543 3305 1575 3357 ut
1598 3303 1690 3358 intres
1708 3301 1760 3357 aab

106 3396 164 3446 tum
179 3404 187 3444 t
201 3400 258 3445 non
276 3388 349 3462 quod
373 3390 497 3459 [tenaci
517 3390 607 3464 palam
626 3406 695 3465 opus
718 3406 797 3449 auum
817 3392 906 3450 facere
962 3398 1067 3452 tectam
1080 3408 1177 3450 meam
1190 3390 1289 3463 (lieth.
1305 3406 1367 3458 vur,
1379 3391 1417 3462 8).
1429 3389 1468 3445 lta
1483 3403 1550 3463 ergo
1563 3398 1592 3446 et
1603 3389 1705 3461 loseph
1721 3391 1760 3444 in·

99 3476 199 3543 'rellan
218 3476 343 3550 impediri
366 3491 448 3551 posse
467 3479 501 3535 ab
522 3479 569 3537 illo
587 3488 723 3537 metueret
743 3501 750 3539 ι
772 3481 821 3538 sed
844 3482 907 3555 quia
961 3481 1074 3554 dignum
1097 3488 1125 3537 et
1149 3488 1304 3552 pacatorem
1327 3495 1358 3536 se
1387 3486 1527 3551 reputans,
1555 3477 1662 3536 dicebat
1687 3477 1758 3533 intra

102 3563 179 3636 ipse,
194 3563 241 3638 qul
257 3578 314 3623 uon
335 3564 425 3622 solum
448 3573 584 3638 potenter,
607 3567 756 3625 sedetiam
771 3568 907 3642 sapienter
960 3586 1001 3638 se,
1016 3585 1032 3624 a
1048 3569 1093 3625 tall
1111 3576 1140 3626 et
1154 3584 1169 3624 a
1182 3573 1257 3626 muta
1271 3584 1327 3626 non
1351 3567 1517 3625 deberasibi
1532 3565 1601 3623 ultra
1626 3566 1758 3622 familiare

108 3655 278 3732 quecunque
300 3653 384 3712 voluit
404 3652 479 3721 feeit,
497 3654 569 3712 sicut
584 3654 612 3711 in
631 3655 758 3713 omnihus
776 3659 906 3731 operibus
960 3658 1082 3731 prestari
1107 3657 1324 3727 contubernium,
1349 3658 1428 3727 cujns
1452 3673 1536 3728 supra
1556 3670 1586 3713 se
1607 3655 1757 3711 mirabilem

102 3738 165 3798 'mis
174 3741 306 3814 medam
319 3741 466 3801 rerumrel
476 3744 628 3816 temporum
643 3746 907 3821 congruentiaspro-
960 3747 1156 3822 expavescebat
1183 3747 1353 3820 dignitatem.
1379 3745 1496 3803 Videbat
1519 3753 1546 3802 et
1568 3743 1700 3802 horrebat
1712 3744 1757 3798 di·

107 3835 170 3901 pter
190 3828 296 3909 ordinis
315 3829 545 3901 pulchritudinem
570 3844 681 3890 serrare
704 3835 854 3903 cousuevit,
868 3837 906 3894 ita
959 3838 1030 3895 rinae
1044 3837 1196 3909 presentiae
1210 3836 1389 3893 certissimum
1410 3840 1563 3906 gestantem
1583 3832 1690 3907 insigne
1706 3850 1713 3888 :
1730 3842 1758 3890 et

108 3915 138 3973 la
160 3914 212 3973 hoo
234 3923 345 3990 quoque
363 3925 422 3974 tam
445 3919 589 3992 munides
607 3935 691 3996 opere
716 3938 776 3990 suo,
805 3932 906 3981 nostrae
959 3926 1024 3998 quia
1038 3927 1196 3999 mysterium
1219 3933 1363 3996 penetrare
1383 3938 1438 3980 non
1455 3930 1573 3996 poterat,
1593 3922 1701 3979 volebat
1716 3922 1758 3977 di·

107 4002 235 4063 videlicet
259 4005 520 4076 commoneamur
536 4014 641 4065 butum
657 4012 904 4084 potentiamsuam,
960 4015 1068 4071 mittere
1093 4030 1164 4071 eam.
1188 4013 1302 4087 Expavit
1324 4014 1421 4069 Petrus
1444 4011 1575 4085 potentiae
1597 4010 1759 4086 magnitudi-

108 4092 158 4150 Μ
171 4101 202 4151 0⁸
220 4093 393 4166 iimmot
416 4096 565 4154 ostendere
588 4096 683 4155 voluit.
698 4099 734 4154 lit
750 4116 905 4174 quanquam
958 4118 1034 4171 nent,
1049 4103 1158 4176 expavit
1178 4102 1306 4159 Centurio
1329 4101 1483 4173 presentiae
1505 4101 1686 4171 majestatem.
1702 4100 1758 4156 ltr-

107 4179 175 4236 ntae
187 4179 278 4247 alitem
293 4182 429 4253 montedo
441 4183 532 4251 vellet,
547 4184 680 4257 perticere
691 4186 837 4259 potuissat;
848 4189 905 4261 pla·
959 4192 1062 4249 horruit
1076 4191 1203 4247 nimirum
1223 4194 1251 4248 et
1265 4191 1377 4262 loseph,
1400 4189 1469 4246 sicut
1487 4190 1578 4255 honio,
1594 4189 1676 4260 huius
1689 4186 1758 4244 tanti

107 4269 164 4326 curt
176 4267 308 4355 ollam
322 4285 358 4326 eo
370 4271 462 4343 petias
474 4272 604 4345 almodo,
619 4281 647 4329 et
660 4275 756 4332 ordine
768 4277 904 4333 hominem
959 4279 1082 4336 miraculi
1096 4280 1256 4347 novitatem,
1272 4279 1391 4352 mysterii
1405 4278 1635 4351 profunditatem:
1652 4283 1681 4334 et
1694 4276 1758 4333 ideo

107 4355 160 4412 sibi
182 4356 370 4426 reconciliare,
386 4374 441 4432 quo
462 4368 576 4418 noverat
600 4363 734 4419 cecidisse
751 4383 758 4420 ε
774 4373 814 4434 nt,
836 4365 907 4423 sicut
959 4368 1063 4425 occulte
1091 4368 1176 4425 voluit
1197 4368 1335 4425 dimittere
1359 4383 1429 4424 eam.
1457 4365 1540 4424 m
1556 4365 1661 4421 ltiraris
1685 4365 1757 4438 quod

107 4444 233 4502 hmine
246 4446 323 4519 prius
336 4447 444 4504 seduxit
467 4448 606 4522 feminam,
623 4458 649 4508 et
670 4454 842 4524 postmodum
864 4456 904 4511 vi·
959 4455 1059 4529 loseph
1074 4456 1241 4530 praegnantis
1257 4473 1318 4513 sese
1336 4454 1472 4513 consortio
1489 4453 1606 4527 Virginis
1618 4452 1757 4525 judicabat

107 4545 168 4591 ram
191 4544 241 4608 per
262 4534 390 4592 feminam
415 4537 489 4605 vicit,
508 4538 545 4594 ita
568 4539 644 4612 prius
657 4556 674 4596 a
687 4541 789 4598 femina
802 4542 906 4616 virgine
958 4545 1110 4619 indignum,
1134 4561 1196 4602 cum
1222 4544 1317 4602 audias
1345 4555 1371 4601 et
1394 4549 1515 4601 sanctam
1535 4542 1673 4599 Elisabeth
1697 4542 1758 4612 ejus

107 4622 297 4691 ammaum,
306 4633 338 4680 et
350 4633 413 4696 post
425 4641 442 4681 a
456 4626 513 4684 viro
525 4626 635 4686 numo
648 4638 742 4702 aperte
754 4630 907 4689 debellare·
959 4649 1014 4691 non
1033 4649 1112 4706 posse
1128 4633 1200 4691 ferre
1215 4633 1398 4705 presentiam,
1409 4632 1460 4688 nisi
1478 4649 1540 4689 cum
1557 4641 1678 4689 tremore
1692 4631 1756 4704 qui·

107 4718 151 4767 tur
167 4732 173 4767 :
189 4721 325 4784 quatenus
338 4712 448 4773 melida
465 4714 551 4772 naun
572 4717 639 4774 dnm
655 4734 700 4775 ars
716 4719 828 4793 pietatis
841 4721 905 4777 illu·
958 4723 1022 4779 dem
1037 4730 1064 4779 et
1079 4723 1251 4780 reverentia?
1267 4723 1311 4778 Ait
1324 4736 1459 4795 namque:
1474 4722 1548 4780 Unde
1562 4723 1612 4780 hoe
1625 4721 1707 4785 mihi,
1724 4726 1759 4776 ct

102 4799 195 4869 daret,
209 4812 243 4857 ac
255 4801 370 4887 mahgni
384 4802 568 4861 fortitudinem
588 4807 689 4863 Cirristi
710 4807 795 4865 uirtus
809 4817 905 4866 oonte-
959 4815 1056 4869 ueniat
1068 4816 1162 4869 mater
1177 4812 1288 4868 omnini
1302 4812 1359 4867 mei
1372 4811 1409 4870 od
1424 4809 1489 4869 me?
1503 4812 1580 4880 (duc.
1592 4823 1612 4876 r,
1629 4809 1684 4881 tt).
1696 4808 1760 4864 ldeo

108 4895 194 4953 roret,
206 4889 318 4947 diaholo
340 4891 416 4950 Dans
430 4899 458 4949 et
471 4893 641 4967 ,pudendm
653 4905 795 4968 appareret
809 4906 838 4954 et
852 4899 906 4956 for·
958 4902 1049 4974 itaque
1075 4901 1175 4972 loseph
1208 4899 1290 4956 soluit
1315 4899 1455 4958 dimittere
1484 4913 1554 4956 earn.
1586 4897 1640 4953 Sed
1673 4914 1759 4971 qnare

99 4975 172 5032 ilor-
200 4976 239 5031 lla
275 4978 378 5052 quippe
409 4979 500 5038 decuit
535 4980 704 5038 tammum
738 4986 904 5058 Sapieutmm
960 4989 1074 5058 occulte,
1091 4997 1118 5044 et
1132 5004 1186 5046 non
1210 4987 1321 5060 pdam?
1335 4991 1374 5046 Ne
1390 4989 1514 5046 videlicet
1527 4985 1636 5042 divortii
1651 5001 1760 5042 causam

106 5061 276 5136 spritualem
296 5066 408 5125 rbcere
422 5068 560 5135 malitiam,
576 5084 632 5142 qno
645 5085 702 5129 non
715 5073 805 5130 solam
827 5077 906 5132 attin·
959 5078 1141 5152 inquireretur
1168 5078 1322 5150 erigeretur
1350 5079 1494 5134 rationem.
1522 5073 1593 5143 Quid
1621 5075 1695 5131 enim
1718 5074 1788 5130 vir·

107 5158 188 5226 dmi
202 5167 220 5208 ἃ
234 5153 287 5212 fl¹¹0
309 5170 395 5230 ΜΝ
412 5157 448 5214 ⁸¹¹
462 5157 543 5215 fimi
567 5157 685 5228 Militi,
699 5161 748 5219 ted
771 5164 904 5236 etdispo·
959 5169 1048 5239 justus
1074 5167 1253 5238 responderet
1280 5167 1391 5240 popule>
1404 5165 1479 5221 dure
1507 5162 1632 5233 cervicis,
1657 5163 1759 5236 populu

108 5243 592 5321 manutenementum,
609 5255 647 5321 t).
659 5250 772 5328 attingit
786 5261 876 5310 anton
890 5270 905 5310 a
959 5270 1015 5314 nou
1026 5255 1146 5313 credenti
1160 5264 1188 5313 et
1201 5255 1420 5313 contradicenti?
1435 5254 1464 5310 si
1478 5251 1579 5309 diceret
1603 5253 1677 5325 qnod
1696 5267 1758 5309 sen·

107 5327 164 5387 dne
177 5333 313 5404 aequm
333 5332 429 5404 hnenr,
449 5335 476 5391 id
490 5338 647 5396 macele
665 5341 904 5414 usqueadinler-
958 5345 1057 5413 tiehn,
1088 5346 1162 5417 quod
1199 5346 1237 5402 de
1270 5344 1339 5401 itlius
1372 5342 1490 5415 puritate
1518 5341 1757 5415 comprobaverat,

103 5431 182 5477 mitt·
199 5421 230 5479 Si
242 5422 405 5497 awmdcrro,
419 5425 519 5499 inquit,
533 5428 567 5485 ln
578 5429 691 5495 rehem,
707 5431 809 5490 taillic
821 5448 868 5492 ea:
879 5435 906 5490 ri
960 5451 1051 5492 nonne
1064 5450 1128 5492 mox
1151 5434 1284 5491 increduli
1300 5441 1330 5491 et
1340 5433 1467 5492 madeles
1492 5428 1579 5490 rucei
1597 5431 1756 5487 subsanna·
