3734 5948
52 251 111 309 ιιι
677 239 846 300 santonus
865 237 908 300 ιι
928 239 1089 299 otvsssrs
1656 249 1710 310 ιιι

10 376 115 443 -39.)
136 375 203 429 Nam
226 372 289 426 dum
311 369 460 426 seeundum
484 382 590 422 carnem
615 366 744 431 ambulat,
774 365 849 421 nullo
867 378 891 457 Α
906 373 1009 437 surgat
1025 366 1106 422 Verbi
1122 369 1218 441 gratia,
1235 370 1332 425 cecidit
1349 389 1395 442 per
1413 373 1639 441 inobedientiam;
1658 393 1708 448 per

10 462 139 518 modo
155 468 260 533 potest;
282 474 342 514 cum
362 467 452 513 autem
472 455 570 526 spiritu
584 455 634 510 Dei
656 454 754 528 agitur,
773 454 853 508 iscile
905 454 1067 512 obedientias
1080 457 1200 513 laborem
1224 459 1342 515 reditsd
1358 461 1458 517 vitam:
1475 464 1593 520 lubricus
1606 466 1709 522 ιιιιιιιιι

10 558 24 599 t
54 560 156 623 potest.
169 548 238 619 Quid
254 542 735 608 enimhabeatemolumentihomo‚
751 543 852 614 sipro-
906 545 1116 616 aedissolutus3
1132 562 1182 616 per
1205 548 1377 604 ιιιιιιιιιὶιι
1397 550 1514 606 studium
1534 553 1709 626 rigoremque

10 648 23 687 ι
55 654 147 696 ximus
162 655 222 707 ejus
239 635 351 691 ardeat
344 653 372 690 m
394 634 585 690 inieruoiaut
603 632 667 704 quid
694 631 851 704 perdiderit,
906 634 1054 705 disciplinas
1092 645 1241 705 reparatur.
1273 638 1374 694 Patitur
1407 639 1478 693 ιιι
1471 639 1538 711 ipsis
1571 642 1709 698 elementis

10 750 21 777 .-
53 726 79 782 si
93 741 185 783 secum
208 723 289 780 luerit
313 722 612 793 inparadiso‘lNeque
636 719 710 774 enim
728 719 789 774 talis
813 730 855 774 est
909 723 1000 778 mundi
1025 739 1143 793 poenam,
1170 739 1286 795 quorum
1306 742 1356 782 usu
1379 727 1482 783 dudum
1505 728 1652 784 defluxerat
1675 733 1708 786 ad

54 814 102 870 illa
126 814 244 886 paradisi
274 812 428 875 haereditas,
454 818 483 865 ut
512 809 707 879 possidentium
739 821 853 863 numero
908 812 1082 881 voluptatem.
1104 812 1208 879 Quibus
1229 814 1394 871 cruciatibus
1418 832 1480 872 cum
1501 817 1557 884 diu,
1579 827 1708 890 tanquam

10 912 20 949 τ
55 900 205 957 ιιιιιιιιι.
221 902 314 975 Diligit
338 915 403 970 ergo
429 899 592 969 proximum.
614 914 696 968 quem
720 910 774 952 non
795 896 854 951 vult

10 1016 16 1025 -
59 990 159 1044 malum
175 990 240 1060 pati,
267 1001 335 1045 sicut
354 1005 403 1045 uec
419 988 549 1058 seipsum,
570 995 596 1042 et
618 1002 699 1057 quem
720 986 789 1041 sicut
811 999 855 1038 sc-

10 1092 12 1097 ·
55 1078 147 1150 ipsum
162 1077 219 1133 vult
235 1076 372 1147 possidere
390 1077 499 1132 ooelttm.
515 1077 572 1131 Hoc
591 1083 679 1129 nutem
695 1089 755 1138 suo,
770 1073 797 1127 id
813 1080 856 1129 est

55 1166 174 1222 hominis
190 1166 297 1235 spiritu,
318 1166 427 1235 quando
446 1173 548 1236 posset,
570 1171 600 1216 ut
617 1161 720 1217 scilicet
734 1176 855 1232 expave-

10 1272 13 1279 ·
55 1262 146 1310 sceret
163 1254 324 1324 gehennam,
340 1268 372 1308 ac
390 1252 510 1309 coelestia
528 1249 713 1306 desideraret?
735 1247 789 1304 Sed
802 1263 854 1317 po-

56 1349 112 1398 test
129 1342 181 1397 ιιιι
195 1341 269 1398 illius
280 1341 387 1407 spiritu,
404 1339 447 1395 cui
464 1337 642 1395 dictumest:
660 1338 690 1394 Si
704 1336 855 1394 ascendero

55 1448 88 1486 tn
98 1430 210 1495 calum,
225 1434 256 1486 tu
272 1430 333 1484 illic
349 1444 376 1484 es
387 1430 476 1497 (Psoi.
487 1442 617 1492 cxxxvtu,
632 1430 732 1494 8),etc.
742 1424 856 1496 Spiritus

46 1508 160 1591 'quippe
176 1518 316 1588 sapientise
327 1517 426 1589 ubique
436 1532 566 1588 praesens,
578 1514 652 1571 novit
660 1513 726 1586 quid
736 1515 762 1569 in
772 1515 854 1582 coelo,

56 1613 85 1660 ιι
107 1605 172 1676 quid
194 1611 291 1681 agatur
308 1605 336 1660 in
354 1605 607 1676 infernaliumque
625 1612 744 1659 mentem
759 1605 854 1659 huma·

58 1711 121 1749 nam
137 1695 259 1764 replevit,
283 1703 311 1750 ιι
328 1694 362 1750 de
385 1694 476 1766 poenis
495 1692 592 1748 inserui
608 1691 702 1747 incutit
718 1690 851 1755 timorem,

57 1790 86 1838 et
100 1783 246 1839 coelestium
262 1798 381 1838 amarem
396 1780 511 1839 inlundit
527 1797 534 1837 :
554 1777 666 1837 teet
682 1779 773 1851 sieque
788 1779 852 1836 lacit

58 1871 197 1927 hominem
220 1887 311 1926 amare
338 1873 468 1942 seipsum,
495 1880 521 1926 et
548 1869 611 1925 dicit
640 1869 665 1923 ei
690 1887 696 1922 :
728 1869 855 1926 lliserere

10 1994 18 2011 .
58 1961 165 2016 anime
179 1964 246 2025 tute,
260 1960 374 2031 placens
394 1962 448 2017 Deo
463 1959 560 2028 (Eecli.
578 1973 641 2023 xxx,
656 1957 714 2028 99).
734 1957 853 2011 Ριίιιιιιι

58 2046 144 2117 igitur
162 2055 202 2101 est
219 2047 334 2118 diligere
349 2063 389 2115 se,
411 2046 509 2102 deindo
526 2044 689 2117 proximum.
705 2043 767 2100 Nou
781 2060 853 2101 emm

909 915 1001 954 atrmm
1017 899 1045 954 ia
1066 898 1176 957 fornace
1194 902 1325 972 probatus
1350 903 1440 971 luerit,
1457 914 1588 977 quantum
1604 907 1709 965 scilicet

909 985 1022 1060 dignum
1035 987 1168 1055 iudicabit
1195 990 1218 1044 is
1239 1007 1285 1063 qm
1310 992 1336 1045 in
1361 1008 1430 1062 pane
1451 992 1633 1066 lacrymamm
1660 1011 1710 1052 nos

910 1076 990 1145 cibat,
1007 1083 1035 1130 ιι
1050 1083 1141 1147 potum
1157 1077 1204 1133 dat
1227 1079 1306 1135 nohis
1328 1080 1355 1134 iu
1376 1082 1502 1152 lacrymis
1524 1083 1551 1138 in
1570 1100 1707 1150 mensura,

910 1163 1004 1235 incipit
1013 1164 1070 1233 iam
1087 1166 1232 1234 consolari,
1249 1177 1276 1224 et
1291 1168 1365 1225 audit
1379 1168 1451 1226 illam
1465 1171 1541 1227 isaiae
1556 1188 1648 1228 rocem
1663 1173 1708 1227 di-

910 1252 1013 1307 ccntis:
1030 1254 1229 1322 consolantem,
1245 1258 1441 1326 consolemini,
1456 1262 1559 1332 popule
1573 1278 1653 1319 meus
1667 1262 1711 1317 di-

909 1344 951 1398 cit
964 1343 1036 1399 Deus
1045 1349 1146 1402 uester.
1158 1348 1315 1418 loquemini
1328 1349 1364 1404 ad
1374 1365 1422 1405 cer
1434 1350 1602 1421 Jerusalem,
1615 1354 1644 1407 et
1653 1353 1707 1407 ad-

909 1435 1002 1489 vocate
1013 1448 1094 1500 eam,·
1110 1435 1245 1504 queniam
1258 1437 1396 1509 completa
1409 1442 1451 1494 ιιι
1467 1439 1581 1494 matitia
1596 1441 1666 1510 ejus,
1681 1440 1707 1494 id

909 1528 949 1574 est
962 1519 1079 1588 alliictio,
1090 1521 1207 1579 dimissu
1217 1527 1258 1581 cst
1271 1525 1412 1597 iniquitas
1426 1525 1514 1582 illius.
1533 1528 1661 1598 Suscepit
1675 1526 1709 1583 de

907 1625 997 1664 manu
1015 1611 1129 1666 Domini
1141 1611 1270 1685 duplicia
1287 1630 1339 1684 pro
1363 1612 1494 1671 amnites
1507 1615 1629 1686 peccatis
1648 1617 1708 1672 suis
1780 1672 1783 1683 ,

906 1696 973 1768 (isa.
985 1711 1032 1762 ιιι,
1052 1701 1077 1760 t,
1094 1700 1135 1767 9)
1112 1699 1295 1770 )Postquam
1315 1716 1380 1757 vcro
1399 1702 1615 1758 consolationem
1631 1718 1708 1758 ιιιι-

909 1784 988 1855 perit,
1001 1784 1132 1840 sollicitus
1146 1795 1187 1841 est
1201 1795 1229 1842 et
1242 1788 1338 1858 qaaerit
1350 1791 1490 1860 quomodo
1504 1790 1611 1861 placeat
1626 1791 1650 1846 ei
1665 1792 1710 1846 cui
1810 1808 1814 1815 ·

909 1888 939 1928 se
949 1873 1079 1943 probarit.
1097 1874 1172 1932 Facit
1185 1875 1317 1948 quidquid
1332 1876 1397 1931 boni
1412 1876 1488 1944 lucit,
1500 1894 1529 1933 ut
1542 1877 1594 1933 soli
1609 1879 1709 1949 placeat

909 1978 959 2018 suo
975 1961 1120 2018 Conditori.

945 2051 972 2103 ι.
991 2049 1098 2105 Transit
1121 2050 1154 2106 ad
1177 2052 1286 2107 tertium
1302 2053 1415 2122 pradum
1434 2053 1476 2108 sui
1498 2051 1659 2122 proiectus:
1681 2064 1709 2109 ut

57 2135 162 2191 dictum
182 2145 232 2202 est,
249 2136 350 2207 Diliges
365 2146 390 2191 te
404 2135 474 2191 siout
487 2135 656 2205 proximum,
674 2133 733 2202 sed,
749 2135 853 2207 Diliqes

57 2226 223 2296 prodientem
233 2226 307 2280 sicut
321 2229 358 2280 te.
376 2225 432 2278 lloc
444 2224 522 2279 ιιοιι
538 2223 566 2276 tit
577 2232 680 2277 amatur
694 2223 854 2276 auimaesuac

58 2328 109 2385 per
123 2312 254 2382 Spiritum
273 2322 408 2383 sanctum,
423 2327 504 2383 quem
524 2327 561 2366 ex
578 2310 632 2365 lide
651 2309 765 2380 accepit.
908 2312 1001 2382 (Prae.
1017 2327 1101 2378 ιιιιιιι,
1118 2315 1174 2383 96).
1190 2313 1258 2368 Cum
1275 2330 1340 2388 erqo
1364 2316 1397 2371 ad
1422 2318 1493 2373 hunc
1508 2318 1620 2389 gradum
1643 2334 1707 2388 per-

94 2402 121 2455 9.
142 2400 262 2470 decepto
284 2409 377 2456 sutem
401 2402 453 2454 hoc
476 2398 558 2466 douo,
574 2411 629 2452 non
649 2398 728 2453 debet
746 2411 779 2452 eo
794 2397 854 2452 solo
907 2400 991 2466 venit,
1004 2400 1071 2455 uiuit
1085 2400 1155 2456 aliud
1172 2401 1197 2457 ci
1213 2410 1306 2470 restat,
1322 2405 1372 2459 nisi
1388 2413 1417 2460 ut
1429 2405 1462 2460 ud
1474 2414 1597 2476 quartum
1612 2421 1707 2462 asceu-

57 2491 204 2543 conteutus
222 2503 293 2557 esse,
304 2487 351 2542 sed
366 2486 399 2541 ud
414 2489 517 2557 majora
532 2486 660 2556 provehi,
675 2493 703 2540 ιι
717 2485 743 2538 ιι
758 2484 855 2540 melius
908 2486 964 2556 dat,
978 2488 1025 2544 nbi
1044 2489 1142 2544 dicitur
1155 2505 1215 2546 esse
1229 2491 1345 2562 sapiens.
1366 2494 1424 2549 Hoc
1437 2502 1525 2550 autem
1541 2494 1579 2561 lit,
1599 2494 1716 2566 quando'

57 2573 200 2645 proficere.
219 2573 288 2632 Vivit
301 2581 389 2629 autem
402 2574 457 2644 jam
472 2573 672 2645 perspiritum.
693 2572 746 2628 Sed
763 2574 793 2629 Si
804 2587 855 2645 ριν
905 2577 960 2646 jam
977 2583 1116 2648 operatur,
1130 2593 1185 2633 non
1206 2588 1236 2635 ut
1250 2578 1308 2651 ipse
1321 2581 1378 2636 Deo
1394 2583 1506 2652 placeat,
1522 2584 1595 2657 quod
1615 2586 1707 2654 utique

58 2663 201 2734 Spiritum
211 2663 343 2726 siluimus,
355 2661 391 2716 ait
400 2664 556 2733 Apostolus,
567 2662 674 2735 spiritu
683 2665 712 2719 et
725 2660 854 2718 amtute·
910 2665 936 2721 iu
952 2667 1031 2722 tertio
1045 2665 1133 2738 ςιιιιιι
1149 2665 1266 2735 laceram
1284 2669 1333 2724 sed
1347 2671 1410 2742 quia
1424 2672 1514 2743 placet
1527 2673 1552 2727 ei
1567 2673 1652 2736 Deus,
1666 2671 1717 2727 vel

57 2765 125 2805 mus
141 2750 246 2820 (Galat,
262 2766 288 2803 v.
305 2750 361 2819 95).
377 2751 410 2804 Ει
430 2749 493 2804 alibi
509 2750 573 2804 dicit
590 2764 595 2803 :
612 2750 665 2806 llos
680 2764 744 2807 ecre
757 2765 855 2805 omncs
908 2754 970 2825 quia
989 2755 1074 2824 placet
1092 2756 1151 2810 Deo
1175 2757 1246 2827 quod
1272 2767 1408 2829 operatur.
1425 2760 1553 2832 Quisquis
1577 2761 1637 2817 talis
1657 2768 1708 2827 est,

58 2839 266 2908 revelatasacie
278 2840 399 2910 pieriam
414 2841 465 2895 Dei
478 2839 666 2911 speculantes,
679 2841 710 2893 in
727 2839 853 2895 eamdem
909 2850 999 2912 potest
1012 2859 1081 2909 ,cum
1107 2852 1160 2900 tota
1185 2845 1283 2901 liducia
1308 2864 1339 2903 ac
1367 2848 1510 2906 securitate
1536 2849 1709 2905 conscientiae

57 2928 212 2998 imapincm
222 2929 851 2999 transformamuraclaritotcinclaritatem,
868 2914 969 2993 Billnd
987 2932 1123 3004 Sapientis
1137 2935 1272 2990 canticum
1287 2935 1448 2994 decantare:
1466 2939 1499 2994 ln
1513 2940 1641 2996 omnibus
1657 2957 1707 2996 re-

908 2137 943 2193 sit
964 2137 1066 2191 scilicet
1093 2137 1197 2192 amicus
1216 2138 1367 2210 sapientiae,
1383 2157 1444 2212 quse
1468 2147 1588 2196 materno
1608 2140 1707 2196 aflectu

909 2224 1027 2295 loquitur
1041 2224 1103 2290 sibi,
1118 2241 1179 2282 cum
1193 2225 1270 2294 dicit,
1286 2229 1393 2298 Prista,
1407 2229 1463 2298 file,
1477 2244 1526 2287 cor
1538 2222 1620 2286 tuum
1636 2228 1709 2284 milti

59 3017 194 3087 tanquam
213 3032 230 3071 a
249 3003 362 3073 Domini
381 3018 491 3089 Spiritu
512 3017 551 3089 (ll
575 3017 635 3073 Cor.
654 3030 695 3081 ιιι,
719 3015 774 3089 ts).
796 3017 854 3072 Hoc
909 3020 1002 3090 quiem
1016 3019 1141 3091 quesivi,
1152 3029 1205 3077 etc.
1217 3021 1265 3077 liic
1279 3023 1350 3077 enim
1367 3025 1512 3096 requiescit
1528 3026 1554 3081 iu
1569 3027 1707 3094 omnibus,

57 3100 147 3171 ipsum
158 3111 185 3156 et
203 3104 344 3158 Psalmista
360 3104 393 3159 ιιι
407 3105 506 3159 sanctis
520 3105 625 3161 videtur
640 3103 758 3159 sensisse
775 3121 781 3157 :
799 3106 853 3160 Bc·

57 3192 258 3277 addictionem,
274 3192 371 3263 inquit,
388 3194 464 3250 dabit
480 3194 638 3264 ιιιίιιιιιοις
655 3193 736 3248 ibunt
750 3192 783 3248 dc
797 3194 855 3247 uir-

59 3285 122 3337 tute
145 3283 176 3337 in
195 3283 342 3348 virtatem,
357 3281 499 3340 uidebitur
513 3283 588 3339 Deus
606 3281 722 3338 deorum
736 3282 767 3335 ia
788 3282 855 3337 Sion

59 3371 148 3432 (Psoi.
165 3384 277 3437 txxxtu,
287 3371 325 3440 8).
336 3369 462 3425 Αιιιιιιιι
476 3376 504 3424 ιι
519 3369 578 3439 iste,
592 3383 672 3440 quem
689 3371 714 3422 in
730 3368 856 3424 manibus

58 3457 207 3513 hahemus:
220 3464 262 3512 eat
274 3465 301 3512 ct
313 3456 446 3529 proficiat,
458 3462 544 3514 donec
559 3458 590 3512 ad
603 3465 731 3529 quartum
741 3456 854 3529 gradum

59 3546 206 3616 perveniat.
223 3546 263 3602 lbi
274 3547 332 3602 sine
343 3546 425 3601 dultia
441 3546 527 3601 lectus
537 3546 644 3616 sapiens
653 3545 756 3602 videbit
765 3546 853 3600 Deum

57 3634 171 3691 deorum
187 3635 214 3689 in
227 3635 304 3693 Sion.
321 3637 404 3689 Porro
420 3650 454 3689 eo
475 3635 534 3705 ipso
554 3633 627 3706 quod
640 3633 706 3700 dixi,
723 3633 855 3706 quincue

58 3723 148 3797 diligit
162 3725 280 3781 animam
295 3740 380 3788 suant,
396 3722 478 3778 debet
492 3721 571 3777 etiam
584 3721 698 3794 diligere
708 3722 853 3791 justitiam.

59 3813 185 3887 Alioquin
201 3815 224 3870 si
239 3813 329 3887 diligit
344 3813 523 3886 iniquitatem,
537 3812 594 3867 odit
614 3810 705 3884 plane,
721 3801 774 3867 adn
793 3810 854 3867 dili·

57 3902 108 3974 git,
123 3903 238 3958 animam
253 3919 329 3957 suant
349 3903 435 3972 (Psoi.
451 3917 478 3965 ι,
494 3900 533 3972 6).

93 3995 120 4047 3.
137 3991 276 4062 Diligendo
292 4001 382 4048 autem
398 3991 530 4060 justitiam
544 3988 640 4046 transit
655 3990 689 4045 ad
703 3988 852 4045 secundum

57 4082 182 4156 gradum,
202 4089 228 4136 et
241 4082 318 4137 audit
332 4081 396 4137 illud
415 4079 560 4152 Sapientia
574 4087 762 4151 preceptum:
778 4080 852 4135 Dili-

55 4172 131 4243 pilei
128 4171 263 4224 ustitiam
267 4187 334 4242 que
330 4171 482 4242 judicatus
494 4169 751 4241 ιινιιιιι(8ιρ)
700 4183 720 4237 ι
725 4170 737 4221 ι
742 4165 851 4239 Quam
867 4183 892 4263 n

56 4262 79 4316 si
103 4258 220 4329 perlecto
242 4258 374 4327 dilexerit,
399 4261 481 4317 debet
504 4274 553 4332 pro
572 4274 603 4316 ea
628 4257 698 4315 terre
720 4257 854 4331 patienter

57 4365 167 4406 omnem
193 4362 299 4418 poenam
323 4358 350 4404 et
371 4365 560 4422 quamcunque
582 4347 686 4404 illatam
705 4355 853 4405 contramu-

56 4439 132 4494 liam.
149 4438 207 4492 Duo
231 4436 332 4510 quippe
351 4439 486 4509 praestabit
509 4438 535 4492 ei
556 4436 687 4507 justitia:
712 4452 807 4500 uuum,
824 4446 853 4491 ut

57 4528 139 4582 iaciat
152 4526 224 4597 quod
240 4524 333 4596 debet3
349 4524 474 4591 alterum,
490 4536 521 4580 ιι
534 4524 651 4595 patiatur
664 4525 736 4596 quod
750 4525 849 4581 debet:

58 4615 169 4684 scilieet,
185 4625 215 4671 ut
237 4613 374 4669 sibonum
393 4628 446 4667 non
471 4611 565 4669 lecerit
589 4613 662 4684 quod
678 4612 779 4679 denuit,
799 4627 854 4667 rna·

57 4705 113 4760 lum
127 4704 200 4777 quod
214 4702 313 4758 meruit
331 4700 456 4774 patiatur.
477 4701 523 4757 Sic
540 4699 611 4758 miro
624 4699 705 4757 modo
723 4716 759 4757 uc
773 4701 852 4757 dese-

58 4793 141 4848 rendo
155 4792 263 4861 quidem
275 4788 408 4862 justitiam
423 4789 456 4844 ab
480 4788 538 4859 ipsa
552 4788 709 4856 deserimur,
725 4788 789 4845 dum
805 4805 852 4860 per

57 4880 143 4951 ipsam
159 4880 271 4953 quilibet
284 4875 513 4951 praevaricationis
524 4883 614 4932 reatus
629 4878 748 4947 punitur.
759 4878 851 4951 Neque

57 4971 130 5024 enirn
141 4976 182 5024 est
196 4969 242 5040 qni
255 4985 286 5025 sc
299 4967 473 5024 abscondata
490 4966 579 5022 calore
593 4966 662 5036 cius.
679 4965 752 5023 llanc
761 4975 850 5023 autem

57 5072 166 5128 ,laenam
186 5074 238 5113 non
262 5058 348 5114 solum
372 5056 413 5113 uir
434 5058 521 5125 iustus
548 5068 603 5111 non
626 5056 729 5122 horret,
757 5071 850 5113 verum

56 5148 138 5202 etium
154 5146 268 5202 libenter
282 5145 391 5218 exeipit,
407 5146 471 5200 dum
487 5161 535 5216 per
553 5159 613 5201 eam
628 5143 768 5215 praetcritae
788 5143 850 5201 vitae

56 5242 167 5308 peccata
186 5234 297 5308 purgari
316 5234 430 5292 fideliter
444 5234 539 5291 credit.
550 5232 618 5290 ilinc
632 5233 704 5291 enim
719 5233 850 5308 scriptum

54 5335 116 5382 est:
133 5326 195 5382 lien
209 5326 388 5383 contristabit
398 5327 512 5398 justum
526 5324 662 5398 quidquid
676 5341 702 5382 et
715 5324 851 5384 acciderit

56 5416 149 5486 (Pron.
175 5430 223 5484 ιιι,
244 5417 301 5484 91).
326 5414 447 5487 Opponit
469 5414 552 5488 igitur
570 5413 650 5472 variis
668 5413 851 5486 voluptatibus

55 5505 158 5576 quibus
172 5502 284 5571 corruit,
300 5504 431 5558 contraria
452 5502 645 5560 medicamenta
665 5517 713 5575 per
727 5518 789 5573 quae
804 5518 844 5560 re·

909 3122 970 3163 cum
986 3123 1035 3178 per
1049 3109 1138 3163 omnia
1153 3106 1179 3163 ei
1199 3109 1302 3177 placent
1318 3111 1397 3175 Deus,
1414 3112 1459 3183 qui
1479 3127 1534 3167 non
1550 3114 1596 3168 Dei
1611 3113 1708 3169 voiun-

910 3199 992 3250 tatem
1008 3194 1040 3247 ad
1052 3209 1128 3249 suam
1143 3210 1265 3260 curvare,
1282 3196 1330 3251 sed
1343 3213 1420 3252 suam
1439 3197 1532 3255 didicit
1545 3201 1578 3254 ad
1594 3200 1645 3256 Dei
1661 3216 1708 3257 vo-

910 3282 1039 3338 luntatem
1058 3280 1172 3357 erigere.
1197 3285 1344 3340 iterabitur
1364 3287 1394 3342 in
1410 3287 1577 3345 ltoereditate
1596 3290 1710 3347 Domini

911 3371 1008 3439 (dccli.
1024 3385 1103 3435 xxm,
1120 3374 1174 3441 tt),
1186 3371 1289 3427 sieutei
1306 3373 1427 3442 ejusdem
1440 3375 1547 3430 Domini
1563 3392 1629 3432 voce
1642 3392 1709 3447 pro-

910 3458 1031 3525 mittitur,
1047 3475 1108 3514 cum
1123 3458 1220 3516 dicitur
1235 3479 1242 3515 τ
1260 3502 1266 3514 .
1289 3464 1401 3518 Terram
1420 3465 1451 3518 in
1466 3480 1521 3535 qua
1538 3464 1643 3522 dormis
1659 3467 1709 3521 tidt'

909 3547 976 3604 dulia
992 3566 1000 3602 :
1015 3548 1136 3623 honest,
1152 3547 1271 3619 quietem
1296 3550 1385 3615 istam,
1401 3552 1435 3605 ad
1460 3568 1541 3623 quam
1563 3551 1709 3620 pervenisti

909 3636 999 3691 labore
1024 3647 1069 3690 tuo
1097 3645 1125 3691 et
1152 3652 1262 3691 munere
1290 3652 1362 3708 meo,
1387 3637 1512 3693 stabilem
1541 3639 1589 3693 tibi
1614 3639 1709 3695 luciam

908 3732 992 3794 atque,
1003 3732 1172 3795 perpetuum.
1187 3723 1264 3792 Quod
1290 3731 1379 3780 autem
1393 3726 1544 3796 subiungit,
1561 3731 1590 3781 et
1604 3729 1710 3785 semini

909 3817 958 3869 tuo
978 3813 1059 3884 [Gen.
1075 3829 1180 3876 ιιιιιι,
1204 3815 1259 3885 ts),
1276 3815 1314 3870 sic
1333 3831 1477 3885 possumus
1502 3815 1662 3890 intelligere,
1680 3828 1709 3872 ut

907 3916 961 3956 non
978 3902 1066 3956 solum
1081 3902 1187 3973 spiritui
1202 3903 1282 3958 detur
1297 3903 1475 3975 tranquillitas
1490 3904 1551 3972 ista,
1568 3913 1594 3960 et
1613 3906 1666 3973 liic,
1680 3914 1708 3961 et

906 3990 934 4045 in
951 3989 1058 4058 luturo;
1084 3989 1199 4048 1298
1223 3993 1269 4046 sed
1297 3992 1378 4047 etiam
1407 3994 1507 4050 semini
1532 4004 1586 4060 tuo,
1602 3993 1630 4050 id
1653 3999 1705 4068 cst,

907 4077 1033 4150 operibns
1048 4079 1101 4133 tuis
1115 4079 1222 4136 dabitur
1236 4081 1358 4147 corrtoris
1378 4082 1416 4136 tui
1435 4081 1607 4154 glorificatio.

1205 4168 1322 4226 SEDMO
1342 4169 1406 4224 etv.

1006 4259 1043 4316 De
1057 4263 1178 4330 quatuor
1191 4258 1401 4332 impedimentis
1415 4261 1606 4331 confessionis.

944 4351 969 4405 ι.
990 4345 1109 4414 Quatuor
1136 4355 1199 4403 sunt
1223 4362 1283 4420 qua
1306 4347 1459 4418 impediunt
1487 4346 1705 4419 contessionem,

908 4436 1005 4508 pudor,
1022 4435 1111 4504 timor,
1129 4451 1202 4507 spes,
1218 4436 1383 4507 desperatio.
1398 4433 1536 4502 Quosdam
1550 4435 1628 4506 {enim
1652 4438 1706 4491 im-

907 4525 981 4597 pedit
1000 4524 1096 4596 pudor,
1111 4524 1157 4595 qui
1179 4523 1281 4580 scilicet
1295 4539 1346 4593 pro
1369 4525 1426 4580 sola
1445 4523 1603 4582 contusione
1617 4525 1707 4583 dicere

906 4613 1070 4671 crubescunt
1090 4617 1200 4683 peccata
1226 4628 1287 4684 quae
1301 4613 1503 4670 commiserunt.
1522 4616 1561 4670 De
1586 4630 1639 4686 quo
1657 4634 1706 4688 per

905 4702 1075 4759 Salomonem
1097 4700 1196 4757 dicitur
1212 4720 1219 4756 :
1236 4703 1285 4758 list
1303 4703 1433 4772 confusio
1447 4702 1591 4759 addacem
1603 4720 1703 4776 pecca-

907 4796 980 4847 tum.
991 4789 1052 4858 Quo
1067 4789 1207 4846 contrade
1222 4788 1264 4846 his
1278 4789 1323 4863 qui
1338 4790 1509 4858 cantitantur,
1526 4790 1625 4848 iterum
1637 4792 1705 4850 dici-

907 4889 949 4936 tur
964 4899 970 4936 :
988 4883 1036 4937 Est
1050 4881 1176 4952 confusio
1192 4880 1333 4938 adducens
1348 4881 1468 4952 pluriam
1482 4883 1579 4951 (decli.
1594 4896 1632 4948 ιι,
1645 4885 1702 4952 95).

905 4970 979 5040 Quos
993 4969 1074 5026 etiam
1089 4968 1259 5026 commendat
1271 4970 1413 5041 propheta,
1425 4967 1528 5042 dicens,
1545 4971 1704 5044 consessio-

905 5077 970 5117 nem
980 5063 1007 5115 et
1017 5059 1142 5116 decorem
1152 5059 1276 5115 induisti
1286 5055 1373 5127 (Psat.
1386 5071 1443 5120 ιιιι,
1456 5056 1482 5127 ι)
1495 5075 1501 5112 :
1513 5065 1541 5113 ιι
1550 5058 1624 5126 alibi,
1636 5059 1705 5117 Con·

904 5153 988 5219 sessio
999 5153 1026 5203 et
1036 5147 1248 5219 maenidcentia
1259 5163 1329 5220 opus
1342 5147 1404 5217 ejas
1418 5146 1505 5217 (Psal.
1520 5161 1568 5213 cx,
1580 5149 1619 5218 3).
1629 5150 1703 5206 Alios

905 5235 1016 5309 impedit
1031 5237 1120 5292 timor.
1132 5236 1239 5291 'liment
1248 5233 1320 5293 euim
1333 5233 1356 5290 si
1370 5232 1557 5302 confiteantur,
1566 5251 1600 5292 ne
1612 5240 1703 5309 gravis

904 5327 943 5384 eis
956 5323 1112 5398 poenitentia
1121 5323 1295 5397 injungatur3
1312 5331 1340 5380 et
1354 5324 1403 5379 hos
1412 5322 1501 5399 arguit
1512 5325 1572 5389 lob,
1584 5322 1696 5381 dicens:

908 5417 960 5486 Qui
975 5419 1057 5474 temet
1071 5416 1217 5489 pruinarn,
1233 5416 1327 5472 irruet
1340 5430 1425 5486 super
1434 5429 1500 5471 eam
1515 5416 1568 5469 tria
1581 5413 1650 5483 (lob.
1659 5429 1698 5482 vr,

906 5506 959 5577 to).
979 5505 1045 5560 Sunt
1059 5511 1148 5560 autem
1163 5504 1294 5570 nonnulii,
1310 5503 1356 5577 qui
1378 5504 1405 5559 in
1420 5503 1472 5560 hoc
1494 5502 1594 5560 mundo
1609 5502 1700 5560 adhuc
