3734 5948
109 214 166 275 tsi
593 215 628 280 ul
654 210 1254 286 Flsws.ua1lllllllillscoplsssltllo.
1707 217 1762 280 498

109 341 263 400 uocabatur
275 341 304 397 iu
318 348 389 396 terra
402 341 500 401 merito
514 357 568 399 nou
582 343 715 413 attendit,
731 343 809 413 cujus
831 337 912 396 uimi-
927 353 952 434 Α
1005 346 1047 400 ll.
1068 347 1203 422 Ignoscite
1218 347 1294 417 mihi,
1316 347 1413 404 iratres
1429 365 1436 403 :
1452 345 1606 419 exemplum
1626 344 1760 401 obedien·

110 448 173 486 rum
187 430 357 488 conversatio
372 439 446 488 esset
458 431 485 486 in
501 432 589 503 omlis,
605 433 682 503 cujus
695 430 769 489 oculi
783 427 909 500 incapite
962 433 1006 498 riae
1021 432 1206 506 paulominus
1229 435 1373 506 preteriti,
1394 435 1467 508 quod
1489 433 1598 506 quidem
1614 433 1655 491 vel
1670 432 1760 488 solum
1783 431 1788 438 '

110 535 172 577 suo.
189 520 260 576 Saue
273 518 338 576 illuc
352 519 435 576 etiam
451 522 574 594 lacrymo
588 523 648 592 eJns
662 538 678 577 a
692 519 801 576 masilia
818 533 910 575 ascen·
961 526 1037 596 juxta
1051 523 1217 594 propositum
1233 523 1356 582 ordinem
1379 523 1406 579 in
1430 522 1543 579 llartino
1557 535 1667 593 quoqne
1681 519 1760 577 nobis

109 610 177 666 dere
189 615 395 673 consueverant,
412 610 513 682 quibus
531 611 571 666 aio
589 610 751 676 abundabat,
767 619 798 667 ut
810 608 910 664 soleret
962 612 1089 672 conuenit
1102 612 1236 669 exhiberi.
1251 614 1321 670 Saue
1336 628 1439 669 rnorem
1454 611 1580 678 iacimus,
1596 609 1656 674 sed,
1672 618 1702 666 ur
1714 625 1759 664 ar.

109 714 161 770 pro
175 697 286 754 illorum
301 712 419 769 quoque,
434 699 480 770 qui
494 699 690 756 obtrectatores
713 699 755 754 sui
779 697 909 755 uideban-
962 701 1058 772 bitror,
1074 701 1173 758 bouum
1188 718 1238 758 nos
1253 703 1296 759 hic
1309 718 1371 759 esse
1387 720 1393 772 ;
1410 701 1513 757 tardius
1526 699 1598 755 enim
1614 698 1696 754 hodie
1707 715 1759 754 ve-

110 795 167 856 tur,
180 786 246 844 llere
261 788 390 857 peccatis.
963 788 1055 846 nimus
1071 790 1104 846 ad
1120 790 1272 846 blarunum.
1292 809 1304 842 a
1320 790 1447 857 Domine,
1462 789 1559 861 iuquit,
1575 788 1598 843 si
1611 787 1699 843 adhuc
1712 802 1761 859 po·

146 879 192 935 lc.
222 876 292 932 Sane
319 882 448 948 quantum
473 876 606 947 justitiam
629 877 773 945 esurierit,
799 884 854 931 tum
881 873 909 930 in
963 878 1027 949 pulo
1043 887 1088 935 tuo
1102 895 1163 934 sum
1177 880 1357 944 necessarius,
1377 893 1430 947 nou
1446 893 1554 934 recurso
1569 876 1699 942 laborem,
1716 875 1762 930 fiat

108 963 217 1022 caeteris
240 965 301 1034 ejus
318 963 434 1030 actibus,
454 972 510 1020 tum
534 965 684 1038 specialiter
699 966 725 1020 in
750 963 909 1020 idololatriae
962 968 1086 1024 voluntas
1099 976 1144 1025 tua
1164 970 1232 1039 (lt).
1249 987 1263 1020 a
1280 968 1303 1025 0
1325 983 1388 1025 vere
1402 966 1601 1025 sanctissimam
1618 962 1761 1020 animam?

107 1053 300 1126 persecutione
324 1053 470 1124 probatum
493 1063 545 1119 est,
563 1053 591 1110 iu
612 1055 774 1126 templorum
798 1053 907 1109 destru-
963 1070 979 1112 o
997 1055 1211 1113 inaestimabilem
1230 1056 1406 1116 charitateml
1424 1074 1440 1114 c
1459 1054 1642 1113 obedientiam
1665 1052 1762 1126 siugu-

108 1142 211 1211 ctione,
227 1142 255 1196 in
270 1148 417 1197 statuarum
438 1142 598 1212 deiectione,
614 1142 642 1199 in
662 1142 812 1199 succisione
833 1141 909 1199 luco-
959 1143 1060 1201 lareml
1078 1146 1180 1201 Bonum
1194 1156 1329 1204 certamen
1349 1145 1458 1203 certasti
1475 1187 1482 1214 ,
1498 1157 1756 1200 cursumcousnm·
1837 1192 1844 1210 ,

108 1247 181 1288 rum.
197 1229 292 1288 Ubiae
306 1245 414 1302 quoque
428 1231 573 1304 aliquando
587 1247 642 1290 uon
657 1240 698 1290 est
721 1233 827 1289 veritus
845 1233 909 1289 dare
961 1233 1052 1301 musti,
1067 1233 1148 1291 fidem
1165 1237 1298 1305 serrasti;
1314 1236 1347 1292 de
1370 1235 1475 1306 reliquo
1496 1238 1624 1303 superest
1647 1229 1696 1285 tibi
1711 1244 1760 1286 co-

108 1317 269 1384 discrimiui,
291 1325 322 1373 ut
336 1318 443 1376 occasio
461 1319 526 1376 tanti
544 1321 666 1377 criminis
691 1320 725 1378 de
744 1319 834 1378 medic
855 1318 908 1377 tol-
962 1338 1028 1378 rous
1041 1322 1164 1394 justitiae,
1180 1339 1261 1397 quum
1286 1323 1379 1380 reddet
1400 1323 1448 1379 tibi
1468 1320 1603 1378 Dominus
1622 1319 1702 1376 hodic
1715 1319 1760 1388 ju·

108 1410 222 1466 leretur.
236 1408 306 1464 Nam
326 1408 528 1466 misericordem
543 1423 605 1465 enm
624 1409 651 1465 in
668 1424 783 1481 paupere
804 1425 834 1464 aa
858 1425 907 1466 ex·
962 1417 1020 1467 stus
1037 1411 1136 1483 judex,
1153 1421 1180 1468 et
1204 1412 1294 1469 adbuc
1309 1411 1400 1468 dicis:
1424 1410 1486 1466 Non
1511 1422 1608 1465 recuso
1626 1407 1758 1475 laborem,

110 1504 217 1569 perlem
229 1495 350 1553 Salvator
360 1495 418 1567 ipse
432 1497 502 1568 apud
510 1497 622 1570 angelos
632 1498 808 1573 gloriabatur,
816 1497 904 1554 datam
962 1497 1007 1558 fiat
1028 1499 1154 1556 voluntas
1177 1502 1239 1556 tual
1266 1499 1393 1558 Obtulisti
1423 1500 1504 1571 plane
1523 1498 1621 1565 isaac3
1648 1495 1759 1551 unicum

110 1586 162 1641 sibi
174 1584 441 1642 medietatemrestis
460 1593 605 1642 ostentans.
617 1586 724 1642 Utinam
740 1585 818 1643 nobis
829 1587 908 1643 etiam
963 1587 1040 1644 illurn
1055 1603 1137 1659 qnam
1150 1586 1249 1660 diligis,
1264 1589 1337 1662 quod
1353 1587 1380 1641 in
1397 1594 1421 1642 te
1435 1592 1487 1651 eat,
1500 1582 1631 1656 jugulasti
1664 1581 1761 1636 immo-

110 1672 218 1730 miseris
233 1673 305 1743 apud
320 1688 455 1730 sunrmum
467 1673 596 1744 judicem,
613 1674 641 1731 in
659 1676 737 1745 cnjus
752 1674 910 1731 admirabile
925 1631 947 1709 Β
964 1677 1025 1732 lasti
1040 1676 1177 1748 singulare
1191 1676 1318 1748 gaudium
1334 1685 1411 1732 tuum
1427 1671 1637 1745 piadevotione‚
1651 1676 1761 1742 paratus

110 1761 314 1818 tebernaculum
325 1760 455 1829 introivit,
471 1762 684 1819 misericordiam
694 1763 772 1818 illam
784 1763 910 1820 exhibere
963 1765 1053 1821 redire
1067 1766 1163 1821 iterum
1173 1765 1200 1820 in
1216 1764 1344 1836 pericula,
1360 1763 1489 1820 innovare
1500 1762 1660 1824 certamina,
1671 1757 1760 1814 denuc

110 1849 478 1921 dignatumquaetillcsolim
487 1850 910 1917 mortidestiuatcs,ettormeutis
964 1854 1056 1910 subire
1070 1855 1204 1920 laborem,
1219 1854 1350 1910 sustinere
1373 1851 1584 1913 tribulationem,
1600 1849 1761 1920 prolongare
1849 1871 1852 1876 ·

110 1936 456 2010 variisdeputatoseripuit
465 1954 514 2007 pro
526 1937 694 2011 quibusaute
704 1939 802 1995 terreni
810 1939 909 2010 judicis
962 1943 1149 2013 tentationem,
1164 1940 1263 1998 deiude
1282 1940 1388 1996 diilerri
1402 1940 1491 1997 adhuc
1504 1940 1538 1993 ab
1562 1938 1608 1993 illa
1630 1943 1704 1992 tauta
1720 1935 1760 1990 le-

107 2026 304 2095 jauuamuccte
316 2024 908 2097 mediascribiturjacuisae.Quomodoeuim
962 2030 1077 2097 licitate,
1093 2036 1121 2085 et
1143 2028 1189 2086 diu
1205 2030 1359 2086 desiderata
1381 2028 1509 2084 societate
1533 2025 1676 2097 spirituum
1692 2023 1757 2077 bea·

108 2129 165 2170 uon
180 2113 273 2170 audiet
291 2128 354 2170 enm
369 2129 450 2184 nunc,
466 2116 510 2187 qui
527 2122 708 2190 tuncqucque
723 2113 786 2172 iecit
798 2115 909 2173 audiri?
963 2127 1061 2186 turum,
1076 2127 1156 2190 atque
1171 2119 1199 2173 iu
1217 2118 1299 2188 hujus
1321 2116 1490 2173 mortalitatis
1505 2128 1638 2170 aerumnas
1652 2109 1686 2165 ab
1699 2110 1758 2182 ipsc
1833 2117 1837 2122 ·

107 2202 194 2259 Porro
207 2201 366 2258 munditiam
378 2202 469 2259 cordis
478 2202 655 2274 eiusiiluduel
666 2205 782 2261 maxima
798 2202 906 2272 iudicat,
962 2207 1073 2264 introitu
1089 2207 1182 2281 gloriae
1197 2205 1338 2276 revocari,
1356 2211 1505 2277 postremo,
1526 2201 1598 2275 qnod
1612 2199 1759 2256 maximum

109 2290 907 2365 quoduouestcouinsusiuimicoloquensinportazsNibil
961 2305 1012 2361 est,
1029 2312 1044 2350 a
1059 2295 1166 2351 Gbristo
1182 2304 1228 2351 tnc
1243 2292 1408 2367 peregrinari
1430 2291 1542 2358 diutius,
1560 2291 1583 2346 si
1603 2288 1685 2344 modo
1700 2286 1760 2360 ipse

106 2379 133 2437 in
146 2395 200 2449 me,
215 2377 471 2450 luneste‚reperies;
488 2380 607 2437 Abrahae
617 2397 658 2436 me
673 2379 904 2451 sinuarecipiet.»
960 2383 1101 2440 uoluisset.
1125 2383 1182 2439 Nec
1201 2399 1266 2439 saue
1289 2382 1403 2438 dubium
1422 2380 1488 2454 quin
1511 2377 1667 2451 ampliorem
1685 2391 1760 2450 gra·

104 2468 176 2524 Nam
197 2467 324 2538 inopere
343 2466 515 2536 pacificorum
536 2467 648 2525 feliciter
670 2468 750 2540 plane
779 2484 908 2524 consum·
960 2473 1023 2528 tiam
1038 2480 1182 2540 mereatur,
1201 2472 1248 2544 qui
1271 2481 1392 2544 paratum
1417 2486 1447 2527 se
1461 2469 1587 2526 exhibeat
1601 2466 1680 2523 etiam
1696 2473 1761 2521 ante

105 2554 303 2613 montltbortt
321 2571 396 2624 suos,
414 2556 475 2613 litet
493 2556 599 2614 dierum
614 2572 724 2612 auomm
748 2555 831 2613 finem
853 2573 905 2613 uon
959 2561 1115 2618 mandatnm
1129 2576 1212 2636 quam
1223 2563 1270 2633 qui
1281 2559 1393 2617 obedire
1408 2558 1580 2632 satagtpcst
1593 2554 1759 2611 mandalum.

104 2645 257 2721 ignoraret,
286 2643 401 2701 clericos
426 2651 516 2700 tamen
541 2644 609 2701 adiit
634 2644 810 2711 dissidentes,
835 2644 907 2702 inter
960 2649 1055 2721 ilagua
1068 2647 1180 2720 quidem
1193 2648 1346 2706 obedientia
1371 2658 1474 2716 vestra,
1489 2645 1579 2718 angeli
1594 2642 1695 2707 sancti;
1712 2643 1760 2698 sed

104 2749 176 2807 quos
190 2732 336 2789 reformata
351 2748 427 2804 pace,
442 2732 471 2787 in
485 2749 552 2805 pace
570 2734 630 2806 ipse
643 2732 754 2807 quievit.
963 2736 1034 2808 qued
1049 2735 1139 2793 dicere
1152 2736 1267 2791 audeam
1280 2751 1343 2807 pace
1353 2743 1453 2802 vestra,
1464 2734 1555 2789 nescio
1566 2747 1600 2787 au
1611 2731 1761 2786 inveniatur

142 2826 187 2878 lo.
213 2822 344 2879 Ceterum
367 2821 566 2895 persecutione,
589 2838 656 2895 quas
676 2822 802 2879 sustinuit
826 2838 908 2894 prop·
963 2824 991 2881 iu
1006 2824 1237 2896 vobisquisquam
1253 2835 1364 2895 paratus
1377 2823 1405 2878 in
1420 2822 1471 2879 tale
1484 2820 1630 2894 aliquando
1645 2818 1751 2873 miniate

104 2919 147 2967 ter
158 2909 304 2981 iustitiam,
318 2911 431 2983 longum
447 2919 489 2965 εει
508 2927 663 2979 numerare,
678 2912 815 2984 quc'modo
831 2912 903 2985 apud
918 2906 940 2986 Β
956 2915 1023 2970 darn
1034 2912 1112 2982 mitti,
1129 2913 1156 2968 iu
1171 2928 1225 2986 quo
1236 2928 1348 2969 necesse
1365 2913 1466 2966 habeat
1481 2925 1536 2965 uon
1550 2909 1640 2965 videre
1662 2906 1759 2963 faeiem

101 2998 242 3056 lulianum
256 2998 408 3072 Augustum
423 2997 450 3053 in
465 2997 573 3057 civitate
588 3000 773 3074 wangionum
789 2999 903 3071 intrepi-
956 3003 1051 3060 Patris.
1066 3003 1196 3077 lleguum
1206 3011 1256 3067 est,
1271 3002 1360 3065 l’atre,
1372 2999 1446 3072 qnod
1459 2997 1604 3053 Dominum
1615 3004 1757 3051 secuturus

90 3089 168 3158 dns,
197 3088 252 3143 imo
275 3094 302 3144 et
321 3087 399 3142 illato
428 3089 531 3144 te‘rrora
558 3089 742 3158 constantien
775 3088 904 3146 custodiae
956 3090 1210 3164 omniareliqnisti3
1227 3089 1274 3145 sed
1293 3089 1382 3145 anulini
1398 3096 1425 3144 te
1441 3088 1467 3142 iu
1497 3093 1588 3142 moute
1608 3084 1755 3151 dicentem,

103 3174 273 3246 mancipatus
300 3182 351 3242 est,
377 3183 405 3231 ut
418 3175 542 3232 liuermis
566 3172 674 3248 posteio
702 3177 747 3234 die
782 3177 904 3234 barbaris
956 3180 1003 3238 ubi
1018 3179 1226 3252 transfiguratus
1239 3186 1280 3233 est
1293 3192 1384 3234 coram
1399 3175 1477 3233 uobis
1490 3195 1502 3231 r
1515 3175 1641 3237 minine,
1652 3172 1757 3228 bonum

103 3272 303 3338 opponeretur;
335 3266 473 3338 quomodo
499 3265 570 3322 circa
597 3265 682 3337 Alpes
715 3267 766 3322 snb
797 3265 901 3335 securi,
956 3273 999 3325 cel
1013 3285 1063 3327 uos
1086 3268 1132 3325 bic
1151 3282 1227 3333 esser
1251 3269 1398 3337 sociamus
1422 3266 1467 3321 bic
1490 3264 1547 3319 trio
1572 3260 1757 3318 tabernacula

103 3369 183 3428 quam
199 3352 227 3408 iu
245 3353 376 3410 verticem
390 3353 450 3423 ejus
464 3352 532 3409 latro
557 3353 690 3423 uibrabat,
714 3354 904 3412 securissimus
956 3355 1065 3429 (uacet.
1080 3369 1150 3421 xvir,
1162 3356 1200 3424 l).
1217 3355 1278 3410 Non
1288 3364 1330 3410 eat
1343 3354 1406 3410 boc.
1426 3370 1438 3406 a
1455 3351 1483 3408 Si
1499 3352 1588 3407 adhuc
1603 3349 1757 3421 populetuo

103 3440 322 3513 luit3quomod0
341 3440 416 3495 illum
441 3441 585 3498 Mediolani
606 3441 760 3499 auxentius
783 3441 904 3498 liriauus
955 3461 1016 3502 sum
1031 3445 1269 3513 necessarius‚non
1281 3456 1378 3500 recuso
1389 3440 1521 3497 laborem.
1539 3457 1551 3492 s
1568 3439 1698 3494 Paratum
1709 3452 1756 3492 cor

103 3532 225 3603 grauiter
247 3529 404 3594 insectatus,
426 3529 574 3603 multisque
603 3531 755 3602 appetitum
781 3530 903 3600 injuriis,
956 3543 1044 3604 tuum,
1063 3531 1188 3614 Martiae,
1206 3540 1327 3603 paratum
1353 3543 1401 3587 cor
1416 3537 1502 3595 tuum,
1524 3528 1580 3584 sive
1599 3540 1707 3581 manere
1720 3524 1757 3579 de

102 3618 217 3674 taudem
239 3618 273 3673 de
300 3617 407 3674 ciuitate
430 3617 602 3688 exturbaait3
622 3618 759 3690 quomodo
786 3627 814 3674 et
842 3619 904 3676 alibi
955 3636 1079 3693 corpore,
1094 3620 1145 3676 sivi
1163 3618 1277 3675 dissolri
1291 3627 1318 3674 et
1332 3634 1394 3674 esse
1415 3633 1476 3673 cum
1490 3616 1610 3672 Christo.

87 3728 93 3737 ’
103 3706 180 3780 priua
193 3706 322 3762 adversus
346 3707 515 3762 sacerdotum
534 3704 674 3778 perfidiam
689 3706 829 3778 2acnrrimc
849 3723 903 3779 pu·
993 3716 1035 3766 18.
1054 3710 1086 3766 Et
1101 3724 1200 3782 magna
1215 3709 1324 3781 quidem
1346 3708 1372 3762 in
1396 3705 1533 3761 horrenda
1552 3709 1638 3758 morte
1653 3699 1755 3757 securi·

102 3810 202 3868 cnm,
215 3793 355 3866 suppliciis
369 3793 419 3850 luit
433 3793 558 3863 allectus,
575 3793 680 3866 publice
700 3792 786 3868 uirgis
807 3809 903 3861 caesus,
956 3810 1016 3868 tas,
1032 3813 1127 3869 magna
1144 3799 1171 3853 in
1195 3797 1297 3852 visione
1318 3794 1417 3851 Christi
1439 3791 1629 3859 desideranda,
1650 3798 1676 3845 et
1700 3796 1755 3845 tam

101 3884 166 3941 inde
180 3898 289 3957 quoque
302 3884 375 3939 exire
390 3882 550 3954 compulsus
565 3891 626 3954 est,
647 3883 786 3954 quomodo
798 3882 863 3940 item
876 3883 904 3938 in
957 3888 1094 3946 lerventer
1108 3904 1140 3943 ac
1162 3885 1340 3958 singulariter
1362 3882 1542 3939 desideranda
1563 3880 1691 3954 perfectio
1711 3894 1755 3933 re·

101 3971 247 4043 cuiusdam
262 3970 317 4028 iani
340 3973 492 4042 eversione,
506 3988 570 4029 cum
588 3972 698 4046 gentilia
722 3988 784 4029 eum
811 3971 905 4029 stricto
958 3977 1086 4050 peritur:
1103 3974 1150 4031 sed
1171 3975 1197 4030 id
1217 3973 1326 4047 quidem
1350 3972 1431 4045 longe
1446 3971 1562 4044 amplius
1582 3983 1756 4042 peromnem

100 4061 195 4132 gladio
207 4067 322 4134 peteret,
338 4060 438 4117 undam
457 4061 589 4118 cervicem
604 4061 723 4134 praebuit
737 4077 902 4134 percussuro
957 4064 1077 4132 mudum,
1094 4064 1165 4136 quod
1185 4062 1232 4137 qui
1252 4063 1322 4117 mori
1342 4076 1396 4116 oon
1411 4060 1524 4130 metuis,
1546 4059 1600 4113 imo
1620 4057 1665 4129 qni
1682 4064 1756 4112 tauto

101 4151 193 4207 donec
205 4148 252 4206 ille
265 4150 397 4205 extollens
412 4149 446 4204 td
466 4149 546 4205 icium
571 4150 719 4219 dexteram,
739 4148 838 4206 cecidit
861 4166 903 4206 re·
917 4186 941 4265 Β
957 4153 1091 4211 desiderio
1120 4152 1290 4223 praesentiam
1315 4149 1423 4208 Domini
1446 4147 1637 4219 concupiscis,
1665 4146 1757 4203 vivere

102 4237 232 4312 aupinuaa
253 4237 392 4312 quomodo
415 4238 484 4293 alter
505 4254 566 4294 eum
594 4239 681 4294 cultro
702 4236 784 4294 lerire
805 4237 900 4307 voluit,
957 4257 1067 4317 quoque
1092 4257 1147 4297 uon
1169 4241 1316 4309 rennia‚·et
1343 4238 1544 4309 exspectatione
1569 4232 1758 4290 molestissima

101 4327 152 4383 aed
165 4326 267 4382 laurum
282 4329 316 4381 de
332 4325 454 4381 manibus
468 4326 530 4396 ejus
552 4327 685 4398 elapsum,
710 4334 823 4397 repente
842 4327 902 4382 dis·
956 4329 1075 4401 fatigari.
1091 4329 1120 4384 ln
1134 4343 1189 4400 quc
1212 4327 1285 4383 enim
1300 4327 1355 4382 alio
1370 4340 1424 4382 non
1435 4325 1546 4381 obedire
1568 4327 1756 4394 potestasque

102 4415 206 4489 paruit.
221 4416 273 4470 l’ro
288 4414 387 4488 quibus
403 4415 528 4471 omnibus
542 4415 653 4471 dubium
668 4430 722 4472 uon
746 4423 788 4472 est
810 4413 903 4472 multi·
957 4418 983 4473 iu
998 4417 1051 4475 boc
1074 4424 1149 4472 tanto
1167 4416 1283 4473 articulo
1302 4427 1356 4470 lam
1374 4414 1475 4471 deuote
1493 4411 1647 4469 clamabat:
1665 4427 1678 4460 s
1699 4406 1758 4464 Fial

101 4504 210 4578 pliciter
232 4504 355 4561 coronari
375 4521 447 4571 eum,
465 4503 511 4574 qui
537 4504 645 4577 quidem
672 4504 723 4561 etsi
742 4519 795 4562 uon
819 4505 903 4561 semel
956 4508 1081 4563 voluntas
1096 4505 1186 4561 tuat«
1204 4504 1268 4560 ilaec
1282 4519 1348 4577 ergo
1365 4519 1426 4568 pars
1442 4511 1534 4557 nostra
1548 4500 1593 4566 sit,
1610 4500 1714 4563 fraires,
1730 4497 1757 4551 ιι]

102 4593 205 4650 ellectu
218 4600 414 4649 consummatae
428 4592 575 4664 suessionis,
589 4593 637 4649 sed
652 4593 731 4649 toties
740 4601 844 4667 martyr
854 4593 905 4649 luit
957 4594 1081 4653 concivio
1095 4593 1238 4658 hodierno,
1252 4594 1321 4646 banc
1335 4590 1413 4645 uobis
1429 4589 1607 4646 obedientiam
1626 4590 1654 4642 iu
1668 4602 1758 4641 mensa

102 4681 205 4739 aflectu
219 4682 403 4738 devotissimae
417 4682 574 4739 uoluntatis.
590 4681 729 4738 comedite
746 4685 812 4754 jam,
826 4681 905 4740 amici
959 4683 1097 4754 pauperis,
1114 4681 1169 4737 imo
1183 4682 1238 4752 jam
1250 4679 1342 4735 diuitis
1356 4680 1438 4748 huius
1452 4680 1604 4751 appositam
1614 4675 1759 4750 diligenter

102 4780 131 4829 et
145 4772 285 4840 bibita,·et
298 4771 479 4838 inebriamini,
488 4771 650 4830 charissimi.
663 4771 707 4828 Sic
718 4772 789 4828 enim
804 4772 907 4829 etvivi-
958 4770 1179 4836 consideremus,
1206 4769 1325 4826 scientes
1348 4767 1476 4842 quoniam
1496 4767 1555 4838 ipsa
1584 4774 1626 4822 est
1655 4778 1716 4836 (με
1743 4778 1758 4817 a

102 4869 158 4928 tur,
173 4868 200 4916 et
213 4860 241 4917 in
250 4859 351 4918 talibus
364 4860 420 4918 vita
434 4861 545 4933 spiritus
555 4861 648 4916 vestri.
663 4859 721 4915 Nisi
731 4859 800 4916 lorte
811 4862 906 4917 beatos
960 4859 1041 4916 uobis
1068 4859 1197 4934 exigitur,
1216 4859 1277 4932 ipsa
1305 4874 1384 4931 quam
1416 4863 1522 4927 oportet
1552 4869 1603 4909 nus
1626 4868 1759 4924 praepara-

103 4949 234 5022 praedicat
248 4965 336 5005 sermo
351 4949 468 5015 diuinus,
485 4947 532 5022 qui
546 4956 668 5005 mortuos
690 4947 801 5008 1Μῦ
822 4950 908 5007 susci·
958 4967 999 5019 rc,
1020 4958 1050 5006 ut
1064 4948 1163 5023 singuli
1178 4950 1280 5021 quique
1300 4947 1423 5002 dicemus
1442 4963 1448 4999 :
1464 4943 1533 5012 Quia
1545 4946 1666 5016 porcius
1683 4957 1757 5006 aum,

104 5047 173 5104 mut,
196 5053 284 5094 oecua
305 5036 469 5105 illuminant,
497 5037 638 5093 morbidos
658 5045 766 5105 sanum,
787 5039 908 5111 leprosos
962 5042 991 5096 ει
1005 5054 1063 5095 acu
1077 5055 1142 5094 sum
1158 5039 1301 5101 turbatus,
1321 5040 1356 5092 ut
1370 5033 1530 5092 custodium
1558 5031 1760 5089 mandatotum

104 5125 248 5197 mundant,
262 5125 425 5198 paralyticos
443 5133 551 5196 curant,
566 5125 738 5182 daemonibus
762 5126 906 5199 imperant,
962 5128 1051 5199 (Paul.
1068 5141 1168 5197 cxvur,
1182 5127 1239 5193 60).
1262 5125 1320 5180 Nec
1335 5124 1415 5180 modo
1443 5122 1539 5189 semel,
1554 5130 1602 5177 ant
1615 5120 1642 5175 iu
1656 5130 1734 5192 parte
1750 5138 1758 5188 ;

104 5214 198 5271 lutura
231 5216 423 5286 praenuntiant,
452 5213 590 5270 miraculis
615 5222 771 5285 coruscaut;
801 5222 828 5273 et
855 5231 909 5273 uun
963 5215 1009 5270 sed
1024 5220 1160 5289 peruium
1174 5227 1336 5279 cormeum,
1352 5213 1436 5276 Dato,
1450 5213 1587 5282 peretum
1602 5223 1650 5266 cor
1665 5221 1761 5261 mcum

105 5303 196 5378 magis
216 5318 350 5375 pauperes
370 5303 475 5375 spiritu,
491 5303 579 5369 mites,
605 5305 738 5378 lugentes,
762 5305 910 5362 esurientes
967 5304 1053 5376 [Paul.
1066 5318 1122 5371 avr,
1139 5304 1182 5372 8),
1198 5309 1319 5373 paratum
1334 5300 1367 5356 ad
1381 5308 1534 5371 utrumque,
1546 5311 1574 5354 et
1588 5294 1762 5367 bruullotnae

106 5402 135 5450 et
146 5392 269 5450 sitientes
280 5392 424 5464 iustitiam,
437 5392 636 5462 misericordes,
646 5392 845 5458 mundicordes,
861 5411 909 5464 pa-

105 5477 213 5553 cificos,
229 5479 447 5552 persecutionem
463 5483 575 5551 propter
582 5479 714 5552 justitiam
729 5480 907 5540 susduentes.
998 5481 1057 5553 (lt)
1071 5479 1198 5552 (lunera.
1213 5479 1294 5553 epist.
1308 5482 1324 5535 3
1339 5479 1377 5537 ud
1389 5477 1515 5546 Βαεειιι.)
