3734 5948
42 221 97 304 337
676 227 832 290 chemilli
850 224 878 286 S.
893 215 1055 282 licronis
1632 213 1687 272 778

41 343 104 414 tuit,
122 348 159 402 ita
173 353 203 402 ut
229 347 341 405 clausus
361 348 391 404 in
402 354 488 417 utero,
515 350 575 420 jam
587 350 625 408 de
643 354 722 412 hosta
734 355 832 413 triam-
850 365 874 445 Α
1207 356 1306 398 13ῦῖίο
1319 356 1368 400 vn·

42 437 148 505 pharet.
929 436 1045 499 tratres,
1062 430 1174 488 latitudo
1205 430 1268 487 coeli
1290 429 1384 486 dilatat
1400 428 1493 495 eorda,
1513 443 1567 484 uon
1589 435 1685 499 arctat,

79 517 109 595 i·
130 523 255 589 Domine,
284 525 436 597 praevenisti
464 541 528 583 eum
549 527 577 585 in
610 529 843 589 benedictionibus
894 536 947 585 ete
964 523 1030 582 Vide
1042 538 1141 594 supra,
1158 520 1210 580 ecl.
1226 523 1289 578 ³⁵15.

44 612 204 670 dulcedinis.
221 614 260 669 lta
274 619 315 681 ut,
326 622 379 672 eto.
932 610 963 688 li.
972 615 1099 687 Ingresso
1110 626 1175 683 rege
1189 611 1314 682 pauperia
1328 609 1434 674 cellam,
1449 606 1579 664 sollicitus
1588 608 1689 680 hospes

375 718 475 761 atomo
498 720 527 764 rr.
817 693 820 697 ’
898 703 971 778 qnod
986 703 1079 758 vinnm
1089 715 1143 757 uon
1158 700 1279 768 haberet,
1295 699 1416 754 haustam
1435 697 1600 768 deproaimo
1615 695 1688 753 lente

83 791 237 847 llabeamus
255 789 432 860 dilectissimi,
443 792 475 849 ¹in
497 793 552 850 vita
567 793 690 864 vintoris,
712 804 764 852 eta.
780 797 845 855 Vide
897 807 996 864 aquam
1010 788 1175 846 benedicens
1188 786 1320 844 convertit
1330 787 1357 843 in
1377 787 1478 841 riuum.
1495 787 1530 840 lit
1550 785 1618 840 bibit
1635 800 1691 850 rex,

47 895 146 952 aspra,
158 882 215 936 loco
224 880 324 936 citato.
897 889 923 936 et
937 880 983 952 qui
1001 895 1063 936 cum
1077 893 1111 934 eo
1120 887 1207 933 eraut.

84 974 112 1035 ἡ.
139 965 319 1036 Ojucundum
347 974 374 1022 ot
403 967 559 1025 inusitatum
583 970 763 1029 miraculaml
791 974 845 1030 Leo
934 961 962 1039 ᾗ.
976 962 1531 1038 llepletisuntcmuesatuporeeteastasi
1545 964 1694 1034 ineoquod

36 1056 162 1126 'rugiens
172 1054 268 1126 fugila
284 1054 472 1127 iariepnruuli,
487 1059 601 1114 necdum
612 1061 769 1134 vagientis.·
899 1054 1118 1128 contigeretillis.
1134 1053 1166 1108 lit
1180 1053 1257 1118 uiuit.
1274 1061 1327 1110 ete.

85 1138 114 1216 j.
130 1143 206 1200 Sicut
220 1143 279 1199 iluit
292 1159 385 1202 cerua
410 1145 478 1204 isole
494 1146 578 1220 ignls;
600 1148 639 1204 sic
655 1157 767 1221 pereant
781 1164 848 1220 peo-
1220 1156 1319 1199 tacvto
1332 1156 1393 1198 utu.

49 1244 157 1292 cswrea
171 1230 280 1297 siecle,
296 1241 349 1290 eto.
937 1235 1037 1292 Parvus
1050 1232 1085 1289 ad
1114 1245 1244 1305 pugnam,
1267 1247 1379 1304 magnus
1406 1230 1441 1287 ad
1467 1231 1615 1298 victoriam,
1643 1239 1695 1285 ete.

379 1334 481 1379 taenio
491 1338 536 1381 ιιι.
908 1320 971 1379 Vide
981 1337 1078 1394 supro,
1094 1320 1145 1378 ecl.
1162 1322 1229 1376 375.

10 1438 17 1465 ι
87 1410 247 1481 ΕριιΙοιιιιιι,
276 1409 456 1476 dilectissimi,
475 1410 562 1468 vorati
575 1411 611 1467 ad
631 1428 751 1472 mensmr
776 1414 848 1471 diui·
938 1405 969 1483 ἢ.
994 1411 1099 1467 Novum
1118 1425 1205 1481 genus
1228 1408 1374 1482 potentini
1395 1425 1475 1482 aqna
1487 1409 1635 1465 rubescunt
1649 1407 1700 1480 hy·

52 1501 97 1566 tis,
109 1507 163 1556 eto.
178 1499 240 1556 Vide
253 1514 352 1572 supra,
366 1497 419 1554 rol.
431 1500 494 1554 tra.
902 1499 981 1564 dmm,
998 1497 1088 1554 vinum
1102 1499 1179 1568 jussa
1196 1497 1308 1553 lundene
1330 1496 1444 1554 mutavit
1465 1497 1537 1553 unda
1551 1495 1698 1569 originem.

88 1586 150 1659 nO
166 1584 229 1643 lelix
244 1593 337 1655 mater,
357 1588 435 1657 cuius
458 1597 554 1646 uterne
575 1591 661 1648 sensit
688 1592 846 1660 novitatem,
864 1601 887 1682 g
936 1581 965 1658 i.
981 1587 1097 1644 Dextera
1104 1584 1212 1642 Domini
1226 1584 1291 1642 iecit
1303 1586 1439 1643 ablatem.
1450 1585 1559 1654 lliuum,
1568 1592 1622 1640 etc.

53 1676 122 1732 nulli
154 1681 269 1730 matrum
301 1683 469 1747 compertam
494 1691 511 1731 a
537 1676 633 1734 diebus
655 1676 768 1736 loannis
794 1680 849 1736 ltu-
1045 1687 1189 1731 mraarro
1202 1687 1363 1743 semanno,
1376 1686 1558 1730 turnacum.

55 1763 155 1836 plintae.
936 1764 1026 1834 Quam
1050 1764 1135 1832 pium,
1157 1778 1240 1835 quam
1253 1762 1343 1830 dulce,
1357 1774 1576 1834 qnamsnate,c
1598 1759 1701 1826 Victor,

90 1842 118 1920 i.
131 1849 195 1905 Nun
208 1857 250 1905 est
263 1848 391 1907 iuventus
408 1850 504 1911 dmilis
514 1850 554 1910 illi
568 1869 583 1907 a
595 1852 706 1924 diebm,
717 1864 771 1912 ete.
906 1852 934 1909 in
950 1854 1003 1909 hoc
1019 1851 1080 1908 loco
1094 1850 1256 1920 afflictionis,
1273 1858 1302 1906 et
1321 1851 1350 1906 in
1369 1851 1422 1906 boo
1434 1862 1550 1920 corpore
1566 1846 1661 1905 mortis
1676 1855 1702 1903 te

377 1953 477 1996 uacare
499 1953 539 1997 av.
906 1939 1201 2009 cauere,teoolere,te
1216 1936 1334 2010 precarii

92 2024 121 2079 Si
148 2024 292 2098 diligenter
305 2025 406 2098 itaque,
421 2025 520 2090 harma
535 2028 764 2100 reverendissimi,
784 2045 854 2088 con·
943 2024 975 2102 b.
990 2029 1077 2085 Homo
1092 2030 1203 2101 quidam
1226 2042 1281 2085 non
1300 2025 1402 2082 veritus
1428 2027 1571 2099 malignari
1591 2029 1617 2083 in
1632 2031 1704 2085 Ssu-

55 2112 156 2178 sideru,
173 2124 224 2170 eto.
246 2113 309 2170 Vide
322 2130 418 2189 snpra,
438 2117 491 2174 col.
511 2118 575 2172 ³7³.
908 2127 991 2188 ctum,
1003 2115 1106 2173 iuratus
1120 2115 1287 2172 esttriticum
1302 2115 1372 2184 eius,
1385 2123 1413 2171 et
1435 2113 1576 2171 abscondit
1596 2114 1625 2171 in
1647 2122 1703 2171 ter·

93 2210 120 2271 t.
148 2201 171 2260 0
202 2203 268 2260 lesu
286 2204 369 2275 boue,
397 2212 442 2261 tua
464 2213 506 2263 est
527 2206 624 2274 virtus,
661 2216 705 2265 tut
731 2207 855 2275 uictoria,
909 2215 1090 2274 vam‚etecce
1105 2206 1187 2261 miser
1197 2203 1439 2277 traditnrmaliguo
1448 2202 1563 2273 spiritui.

57 2290 131 2361 quod
144 2291 284 2364 agniculus
304 2308 375 2350 unus
390 2295 516 2364 luporum
531 2293 733 2352 multitudinem
759 2303 855 2353 extur-
945 2289 975 2367 i.
994 2295 1150 2352 Maledictus
1175 2296 1257 2351 bomo
1281 2295 1327 2366 «rui
1351 2292 1492 2350 abscondit
1519 2293 1653 2350 irumenta
1676 2295 1705 2351 in

57 2378 144 2436 bavit.
661 2406 665 2413 ·
910 2383 1028 2458 populis.
1045 2382 1186 2449 Traditur,
1198 2391 1250 2440 eto.

94 2461 123 2539 i.
143 2471 299 2541 Antequam
309 2469 392 2528 sciret
410 2486 479 2543 puer
505 2485 601 2528 vocare
615 2480 719 2542 patrem
733 2480 783 2531 aut
800 2486 857 2528 nra·
945 2473 972 2534 vl.
999 2470 1087 2528 Triste
1114 2470 1286 2536 musculum,
1315 2470 1361 2527 sed
1386 2470 1496 2541 justitiae
1524 2471 1647 2543 plenum.
1672 2471 1707 2528 lit

59 2565 140 2624 trem,
161 2557 297 2628 luporum,
316 2565 370 2613 etc.
911 2577 990 2633 quam
1005 2567 1200 2636 suggestorem,
1216 2560 1304 2631 ipsum
1319 2567 1347 2615 et
1360 2558 1476 2615 ultorem
1489 2559 1601 2616 sceleris
1624 2559 1706 2616 bomo

185 2659 216 2700 ur
238 2660 365 2703 sacuuuo
379 2661 539 2716 nocuum,
554 2663 735 2707 marauna.
912 2650 1065 2706 daemonem
1074 2653 1225 2720 pateretur.

94 2734 136 2787 Ad
161 2732 274 2790 nihilum
288 2734 421 2793 deductus
435 2735 519 2793 estin
533 2746 678 2808 conspectu
701 2739 763 2809 ejus
777 2729 856 2795 mdi·
945 2731 976 2811 i.
989 2738 1083 2795 tostus
1101 2753 1141 2806 es,
1154 2736 1278 2807 Domine,
1293 2744 1320 2793 et
1339 2745 1441 2795 rectum
1462 2736 1597 2806 judicium
1620 2745 1706 2796 mam.

60 2837 140 2893 gnus,
149 2830 178 2876 ut
192 2824 232 2877 sui
246 2822 367 2880 numinis
377 2835 501 2882 servaret
514 2824 668 2883 veritatem.
909 2829 944 2886 lit
957 2843 1048 2900 quem,
1067 2834 1121 2885 etc.

96 2911 223 2982 Domine,
251 2913 279 2967 in
292 2912 390 2971 virtute
418 2925 464 2969 tua
490 2915 625 2971 inlabitur
639 2914 741 2986 liuor,
766 2872 894 2975 solensc
947 2925 973 2986 sl.
999 2915 1158 2974 Revelantur
1179 2914 1330 2986 iniquitatia
1358 2915 1498 2988 musteum
1528 2914 1634 2970 daemon
1659 2914 1709 2968 bo-

61 3015 115 3055 non
130 3000 158 3055 in
172 3000 329 3059 suarirtute
343 3001 441 3058 iecisse
457 3003 609 3060 victoriam.
912 3005 1014 3061 minem
1042 3004 1127 3076 cogit,
1153 3005 1234 3060 homo
1250 3003 1402 3059 damonem
1421 3002 1520 3073 prodit.
1544 3000 1635 3057 Victor
1646 3015 1709 3056 πιθ-

102 3088 162 3143 Νοιι
178 3090 281 3161 accepit
304 3089 331 3145 iu
345 3104 413 3147 vano
434 3095 551 3146 animam
565 3106 652 3163 mam,
666 3092 861 3165 quidavatiu-
913 3094 974 3148 dina
995 3090 1124 3162 dijudicat
1145 3089 1303 3147 interillos.
1323 3091 1395 3146 llum
1413 3090 1565 3146 doemcnem
1583 3087 1669 3162 lugat,
1682 3096 1709 3143 et

61 3193 96 3233 ne
111 3178 179 3232 rexit
199 3179 282 3234 vitam
310 3193 399 3251 suam,
417 3185 446 3234 et
460 3178 520 3236 ideo
542 3181 668 3238 ascendit
688 3180 716 3236 in
739 3189 859 3238 montem
914 3180 1048 3237 hominem
1067 3177 1327 3247 sanativumentum
1349 3177 1481 3250 prodente
1496 3178 1555 3250 ipss
1578 3175 1708 3250 maligni-

61 3264 181 3321 Dcmiui.
915 3276 968 3326 late
987 3274 1136 3340 recuperat.

97 3355 121 3408 A
149 3353 244 3410 umore
289 3354 392 3412 inimici
418 3356 550 3428 eripuisti,
585 3357 719 3428 Domine,
742 3357 860 3415 ammam
949 3351 979 3429 i.
995 3358 1026 3413 ln
1040 3356 1135 3413 fraude
1161 3355 1430 3413 circumvenientium
1444 3353 1532 3412 adluit
1546 3354 1594 3422 illi,
1615 3362 1643 3411 et
1660 3355 1711 3410 ho·

64 3442 161 3509 saneti,
176 3442 221 3498 eui
235 3450 344 3514 peraeta
357 3443 469 3502 victoria
482 3461 537 3501 non
554 3454 639 3504 restet
651 3463 754 3522 pugnn.
915 3454 1022 3505 nestum
1037 3445 1196 3504 leoitillum.
1206 3446 1278 3502 llum
1287 3447 1449 3512 demonem,
1464 3453 1518 3503 etc.

101 3531 137 3585 Te
151 3532 228 3587 decet
242 3533 369 3602 hymnus,
391 3540 417 3589 te
440 3534 519 3590 decet
533 3534 600 3602 laus,
618 3537 696 3606 nnius
716 3551 786 3607 opus
800 3536 860 3606 luit,
950 3543 976 3604 el,
988 3536 1147 3607 Suspicieus
1162 3535 1264 3604 liuor,
1279 3535 1347 3591 vidit
1360 3534 1445 3591 ooelos
1466 3542 1585 3605 apertos,
1599 3541 1628 3589 et
1646 3546 1712 3588 cru·

63 3628 92 3675 ut
112 3633 191 3674 carne
215 3619 323 3675 solutus
342 3620 434 3676 Victor
456 3631 549 3677 noster
578 3623 716 3679 bominem
744 3623 863 3682 solveret
916 3641 974 3683 cem
1001 3612 1109 3681 auream
1138 3623 1255 3697 gemmis
1279 3632 1411 3691 ornatam,
1440 3631 1469 3678 et
1485 3637 1537 3678 voa
1561 3620 1595 3676 ad
1622 3635 1708 3675 enm:

64 3716 228 3764 catenatum.
599 3784 602 3790 Ι
916 3715 1039 3773 Gemma
1052 3711 1235 3778 semanima,
1250 3708 1618 3783 mucisgloviam,assecutoe,
1634 3707 1712 3778 cnjus

99 3795 775 3875 Bcnnmestoonliterillcmin03cu1usmunera
797 3815 865 3858 ssu.
918 3798 1092 3878 ignominium
1107 3805 1292 3875 partaverunt.

64 3895 169 3942 uturum
185 3885 290 3956 merita,
307 3885 351 3942 cui
371 3895 482 3943 sanctus
497 3886 598 3962 lictor,
613 3891 727 3961 etquod
755 3896 864 3947 mactus
952 3883 982 3963 i.
998 3887 1210 3946 laetetur-lsrael
1225 3886 1253 3942 in
1275 3902 1308 3943 eo
1331 3885 1377 3956 qui
1400 3884 1466 3942 iecit
1491 3900 1566 3951 enm,
1596 3890 1624 3940 et
1652 3881 1713 3938 hle

65 3985 118 4046 est,
129 3985 156 4033 et
170 3976 243 4047 quod
257 3978 343 4033 victur
356 3985 407 4044 cst,
423 3976 523 4034 debere
532 3993 562 4034 se
575 3975 729 4036 confitetur.
919 3981 984 4039 Sion
998 3977 1175 4037 exsultantia
1188 3992 1255 4050 rege
1268 3990 1328 4033 suo.
1344 3974 1439 4045 Cujus,
1448 3983 1500 4032 cto.

318 4062 433 4122 ¹250
452 4080 552 4122 uacare
573 4081 601 4126 r.
1094 4083 1132 4124 uu
1147 4080 1264 4134 munna,
1275 4079 1457 4123 anmeaorvm

101 4153 224 4209 Gaudete
239 4155 267 4210 in
287 4154 413 4224 Domino,
434 4154 611 4228 dilectissimi,
627 4158 684 4231 qui,
711 4165 765 4214 etc.
799 4149 902 4229 Viden
951 4161 1072 4230 Corpore
1090 4167 1186 4227 terras,
1217 4162 1307 4213 mente
1330 4151 1526 4213 amicalium
1551 4149 1714 4218 inhabitans,

66 4258 168 4315 supro,
184 4240 311 4300 comid-
881 4254 884 4259 '
916 4247 1061 4322 aliqumdc
1082 4245 1183 4319 aliquid
1221 4242 1383 4311 nuntiantes,
1407 4240 1555 4314 aliquando
1585 4235 1716 4294 ineliabili

103 4333 130 4393 t.
146 4332 216 4386 Dum
227 4329 350 4387 transiret
365 4348 413 4389 rea
426 4333 602 4404 Francorum,
617 4345 644 4392 et
662 4336 768 4394 veniret
785 4352 863 4395 mena
916 4349 1010 4396 cantus
1037 4337 1168 4396 suavitate
1207 4330 1363 4407 plausibiles
1389 4345 1472 4389 voces
1500 4325 1641 4401 angelicas
1665 4340 1717 4381 au·

67 4421 115 4479 ubi
136 4419 273 4476 habitabat
289 4419 411 4488 eremita,
425 4422 569 4480 admiratus
587 4434 628 4481 eat
646 4441 727 4498 anper
739 4426 782 4482 bis
801 4442 862 4501 qum
915 4428 1014 4484 diehat.

67 4509 225 4567 dicebantur
240 4508 276 4565 dt
296 4508 352 4566 liro
366 4508 429 4565 11⁰0·
952 4517 1013 4572 lam
1026 4514 1108 4572 calos
1121 4513 1272 4587 ingressus,
1298 4525 1368 4582 quos
1388 4516 1415 4564 et
1429 4518 1490 4564 ante
1513 4504 1600 4563 oculis
1620 4501 1719 4575 apertis

105 4591 135 4669 j.
149 4598 254 4668 Quanta
268 4597 417 4654 audivimus
445 4610 472 4654 et
485 4602 662 4672 cognovimus
674 4619 715 4671 es,
731 4614 757 4659 et
774 4616 867 4674 patres
919 4603 1093 4676 suspiciebat,
1123 4615 1186 4656 vere
1214 4614 1286 4656 nnuc
1325 4597 1443 4654 revelata
1472 4595 1541 4651 lacie
1563 4593 1719 4667 speculatur

67 4687 154 4745 nostri
177 4693 354 4744 narraverunt
373 4686 462 4754 uobis,
477 4702 559 4762 super
573 4688 626 4761 his.
641 4699 694 4750 etc.
920 4691 1035 4771 gloriam
1049 4690 1108 4750 uei.

387 4790 490 4833 naevio
508 4793 545 4835 vr.
796 4795 798 4798 ·
955 4785 1035 4840 lieata
1057 4777 1144 4838 vhiol
1166 4793 1219 4852 qua
1243 4777 1271 4835 in
1289 4775 1412 4834 eamdem
1429 4772 1590 4847 imaginem.
1615 4771 1724 4835 littora

104 4865 202 4921 Pausat
215 4863 294 4920 miles
311 4865 449 4933 ementur,
471 4873 498 4922 et
520 4867 868 4939 morinummontem
922 4867 1120 4928 hansiormavis
1144 4869 1179 4924 de
1205 4866 1324 4925 olavitme
1351 4864 1379 4922 iu
1403 4864 1565 4930 claritatem,
1593 4870 1725 4934 tanquam

67 4955 306 5029 sanescat-³74·
923 4956 1188 5029 summumne.

107 5045 136 5106 ιι.
145 5043 203 5099 lam
218 5043 376 5100 thesaurum
389 5044 576 5103 absconditum
591 5046 661 5104 lama
675 5047 789 5108 delatrix
800 5064 868 5122 pro-
959 5051 1029 5108 vere
1041 5047 1130 5104 anima
1145 5057 1200 5113 tua,
1214 5047 1319 5114 Victor,
1348 5060 1401 5100 una
1415 5058 1448 5100 ex
1461 5042 1578 5115 gemmis
1598 5057 1660 5115 quae
1674 5040 1725 5097 tibi

68 5134 183 5202 diderat,
194 5140 221 5188 et
231 5148 285 5189 non
295 5135 384 5206 potuit
399 5135 537 5207 praeterire
551 5151 641 5208 regem
652 5145 866 5213 praetereuntem,
928 5142 955 5197 in
985 5135 1101 5195 126⁰
1127 5151 1207 5193 cruce
1234 5141 1427 5208 apparuerunt,
1457 5148 1521 5189 vere
1539 5129 1621 5189 infixa
1638 5129 1724 5202 cruci,

69 5223 119 5279 scd
138 5221 248 5278 divertit
276 5223 310 5279 ad
337 5222 475 5297 tugurium
500 5225 637 5313 pauperis,
666 5228 774 5294 excitus
799 5218 893 5288 inmas
927 5245 988 5288 oum
1006 5225 1105 5285 divinae
1119 5216 1339 5298 insertaglcriae,
1354 5224 1478 5280 eamdem
1496 5221 1549 5278 sibi
1573 5221 1731 5278 induitcla-

69 5310 228 5370 sanctitatis.
931 5316 1020 5376 ritulis
1032 5313 1189 5389 imaginem,
1209 5327 1290 5385 quam
1304 5310 1414 5369 invenit.
1728 5377 1734 5390 ⁸

105 5394 135 5476 j.
150 5401 187 5460 Ut
209 5400 312 5460 videret
333 5403 537 5481 operaliomiui
558 5413 585 5463 et
608 5405 743 5465 mirabilia
769 5408 888 5478 ejusin,
967 5404 1152 5477 Omnipotens
1186 5401 1274 5468 Pater,
1306 5399 1480 5471 ttttttimnt
1511 5397 1572 5470 tibi,
1593 5397 1666 5467 iacti¹
1688 5394 1738 5458 ull

70 5492 190 5560 deserto,
206 5491 386 5562 excitaueto.
941 5490 1041 5566 alieni}
1061 5492 1111 5550 aed
1137 5489 1357 5567 appropiavimus
1382 5489 1411 5547 in
1426 5489 1535 5549 llietore
1561 5495 1665 5561 austro,
1690 5494 1739 5562 qut

162 5590 287 5650 ermon.
306 5590 492 5662 cnxxutlti,
1565 5590 1610 5640 ‘ue
