3734 5948
179 192 231 255 583
652 192 681 251 S.
702 189 868 251 lllllllltlllll
888 188 1025 250 tabells
1042 189 1357 255 abstulttbltltsls
1568 238 1573 247 .
1779 198 1830 261 584

177 317 377 394 gitatiosancta
392 315 577 382 servabitnos,
594 315 756 371 utdicamns
775 330 837 371 cum
852 324 945 373 sancto
967 333 974 369 τ
994 329 1016 408 p
1034 314 1147 387 otiosis,
1172 321 1213 374 est
1239 316 1332 390 lingua
1352 315 1499 388 impudica,
1517 323 1561 372 est
1587 322 1615 371 et
1633 317 1830 397 magaritam:

180 404 421 465 Meditatiocordis
427 405 676 478 mciincccrpectu
685 406 977 478 tuoscmpcr,llomicc
1032 418 1145 474 quarum
1157 406 1244 477 prima
1258 406 1386 477 lasciviae,
1405 421 1526 478 sequeus
1537 405 1706 479 arrogantiae
1719 406 1830 467 tamum

179 497 297 569 adjutor
309 509 399 560 meus,
416 498 444 549 ct
459 494 618 569 redemptor
631 510 710 552 meus
726 496 812 563 (Ptol.
827 509 908 559 xvrrr,
920 493 974 565 15).
1031 500 1083 547 tur.
1099 494 1146 548 Est
1159 496 1238 550 ctiam
1254 494 1343 567 lingua
1364 494 1470 563 dolosa,
1500 501 1528 550 et
1556 494 1619 551 item
1634 493 1733 570 lingua
1746 498 1826 557 male·

400 579 641 640 tttssstoltlto
655 584 745 640 XVll.
1030 580 1112 637 dica:
1141 599 1256 655 quarum
1287 583 1413 638 alterain
1428 582 1600 654 falsiloquam
1629 591 1658 640 et
1678 584 1825 644 adulator'u

214 675 252 730 ilc
264 670 372 744 triplici
386 671 527 744 custodia,
542 689 656 745 raucae,
674 674 782 744 ttcpcoe
797 676 824 730 ct
834 671 937 731 cordis.
1029 671 1226 742 subdividitur3
1248 673 1333 728 altera
1355 687 1421 728 vero
1441 671 1549 727 nuncia
1564 670 1633 729 facie
1645 674 1822 735 contumeliae

215 765 241 816 l.
256 759 359 816 Omnes
378 760 458 815 nobis
479 777 627 817 causamur
650 762 746 817 deesse
773 761 902 835 gratiam3
929 760 976 815 aed
1029 757 1143 831 irrogat,
1163 776 1235 816 nunc
1253 760 1367 817 detrahit
1391 760 1419 816 in
1433 760 1535 817 oculto.
1552 759 1632 827 Quod
1653 763 1680 818 ai
1699 765 1735 820 dc
1756 766 1823 823 omni

176 850 276 922 justius
291 848 405 904 forsitan
420 849 481 921 ipsa
500 850 550 905 sibi
564 850 687 924 queritur
701 850 785 925 gratia
800 850 897 907 deesse
909 863 976 904 non·
1030 847 1072 903 vel
1087 848 1176 905 otioso
1200 850 1296 918 verbo,
1319 848 1503 922 quodcunque
1517 848 1600 906 locuti
1622 848 1729 909 inerint
1741 852 1822 911 boni·

159 924 280 995 nullos.
293 938 397 1008 Nempe
412 953 456 994 ros
470 939 562 995 cordis
583 948 624 995 est
641 942 729 1011 gratia
748 938 898 995 devotionis
912 937 974 1009 ista,
1030 953 1087 1005 nes,
1114 938 1173 994 Deo
1196 948 1259 994 sum
1287 937 1418 994 reddituri
1447 937 1582 995 rationem
1613 938 1642 997 in
1664 940 1713 999 dia
1738 942 1822 1013 indici

179 1042 261 1099 qtram
276 1026 439 1098 quaerimus3
457 1035 484 1083 et
494 1029 546 1085 boc
558 1043 673 1085 munere
686 1028 745 1100 ipse
759 1043 788 1083 ae
801 1027 918 1099 fraudat,
929 1028 976 1098 qui
1031 1028 1142 1099 (licttlt.
1159 1043 1205 1096 ru,
1227 1029 1272 1099 36)
1289 1028 1415 1100 lquauto
1433 1026 1584 1083 districtius
1593 1027 1628 1084 da
1651 1029 1740 1087 verbo
1751 1046 1821 1089 man·

181 1116 314 1172 internum
332 1115 357 1170 ei
370 1115 523 1172 dissimulat
536 1117 736 1190 receptaculum
764 1117 900 1176 exhibere.
916 1117 975 1173 Cae·
1030 1116 1101 1184 daci,
1116 1117 1236 1175 mordaci
1251 1123 1279 1173 et
1293 1117 1434 1185 injuriosa,
1451 1116 1485 1172 da
1504 1116 1575 1173 elato
1593 1116 1640 1173 rel
1666 1117 1777 1189 lascivo,
1792 1122 1821 1177 de

178 1211 270 1261 terum
288 1204 363 1261 unde
386 1204 425 1260 illi
450 1221 516 1261 cura
538 1207 641 1275 cordis,
655 1205 699 1262 cui
719 1208 752 1261 de
780 1206 838 1277 ipsa
866 1205 976 1277 quidem
1029 1206 1180 1261 adulatorio
1195 1213 1241 1263 aut
1262 1205 1427 1263 detractorio
1442 1204 1660 1276 judicabuntur?

178 1294 269 1351 adbuc
284 1294 339 1350 oris
354 1293 573 1365 circumspectio,
588 1308 638 1350 seu
663 1309 762 1351 manns
788 1293 910 1350 custodia
932 1310 978 1348 su·
1065 1298 1091 1350 3.
1109 1294 1196 1364 Quam
1215 1310 1278 1352 sera
1300 1295 1442 1365 renuntia,
1463 1293 1577 1352 tratres:
1593 1298 1626 1355 Ire
1643 1298 1821 1375 multiloquio

176 1382 269 1440 besti
292 1383 353 1438 Non
371 1382 423 1438 sibi
444 1382 537 1439 deesse
569 1383 684 1438 miretur
704 1382 974 1448 consummationem,
1030 1399 1087 1440 raon
1101 1385 1221 1456 offucias
1234 1385 1497 1458 peccatumlffroo.
1512 1399 1544 1453 a,
1554 1389 1613 1465 til.)
1623 1387 1657 1444 [lt
1671 1386 1747 1443 enim
1758 1404 1822 1462 pre·

177 1470 225 1544 qui
239 1485 290 1527 noc
304 1469 411 1527 initium
425 1472 616 1543 apprehendit3
633 1472 682 1527 sed
697 1488 733 1527 ne
747 1471 891 1544 isquoqua
917 1469 975 1545 qui,
1031 1480 1134 1528 tereum
1161 1480 1269 1544 caetera,
1290 1471 1312 1527 si
1337 1479 1482 1542 propterea
1505 1472 1623 1529 otiosum
1649 1474 1820 1549 caraman,

177 1559 284 1616 initium
296 1561 355 1629 jam
374 1567 466 1617 maere
482 1560 597 1632 videtur,
612 1562 636 1616 si
651 1560 684 1615 ad
698 1560 817 1616 medinm
842 1576 897 1616 non
912 1575 974 1631 per·
1031 1563 1103 1634 quod
1125 1561 1225 1618 unllam
1253 1560 1438 1617 rationabilem
1465 1575 1576 1617 causam
1604 1561 1716 1629 babeat,
1748 1580 1821 1637 man

178 1649 267 1707 venit.
282 1650 409 1722 lllagnum
424 1657 465 1705 est
484 1648 588 1704 bomini
607 1650 729 1706 saeculari
749 1649 864 1705 mundas
878 1649 975 1705 babere
992 1610 1014 1688 Β
1031 1650 1161 1707 rationem
1176 1650 1210 1704 de
1223 1665 1256 1706 eo
1266 1650 1383 1706 reddere
1399 1648 1558 1721 poterimus,
1572 1649 1648 1723 quod
1660 1656 1706 1709 cal
1729 1666 1820 1731 preater

177 1753 275 1794 manns
292 1754 298 1795 :
314 1737 518 1794 monacbonon
533 1745 577 1794 est
593 1753 733 1810 magnum,
750 1738 797 1795 sed
814 1738 892 1810 plane
916 1753 975 1793 rna⁴
1029 1739 1183 1796 rationem?
1210 1739 1295 1796 Nemo
1323 1745 1453 1804 vestrum,
1484 1737 1687 1810 intrassent
1715 1741 1820 1799 ndns

179 1827 300 1901 gaumei
315 1827 642 1899 malumesaeprobatnr,
663 1842 697 1883 ne
721 1827 841 1899 ipsarum
866 1825 975 1899 quidem
1030 1836 1138 1902 tempus
1156 1829 1229 1900 quod
1244 1827 1271 1882 in
1295 1826 1371 1883 vobis
1403 1826 1709 1888 consumiturcttosir:
1742 1828 1819 1903 doti

178 1917 303 1990 contagia
317 1914 463 1973 declinare.
478 1915 536 1972 bno
551 1931 617 1973 vero
632 1924 658 1972 et
672 1917 701 1971 in
714 1917 781 1989 ipsis
790 1930 899 1989 quoque
914 1931 976 1969 ma·
1029 1919 1091 1974 dem
1120 1926 1227 1989 tempus
1250 1915 1413 1986 acceptabile
1427 1922 1480 1982 est,
1500 1925 1528 1973 at
1541 1914 1601 1971 dies
1627 1915 1732 1975 salutis.
1752 1917 1821 1975 veut

177 2006 258 2062 nibus
272 2005 354 2079 longe
369 2004 484 2078 amplior
503 2004 644 2073 munditia,
666 2013 695 2061 et
705 2003 809 2075 jnsbtia
835 2004 976 2060 abundan·
1030 2008 1145 2063 verbum
1159 2003 1345 2070 irrevocabile,
1360 2004 1431 2059 volat
1454 2009 1561 2073 tempus
1573 2003 1763 2075 irremeabile,
1777 2019 1821 2062 nat

176 2092 229 2151 tior
249 2093 495 2167 anobisexigitur,
511 2110 591 2164 quam
621 2094 735 2150 abillis.
765 2093 895 2151 Nimirum
923 2094 976 2149 illis
1030 2093 1146 2148 advertit
1170 2093 1303 2164 insipiens
1330 2093 1395 2164 quid
1413 2092 1525 2147 amittat.
1550 2091 1628 2149 Libat
1646 2093 1820 2159 confabulari.

176 2182 277 2239 dicitur
292 2203 298 2240 :
311 2185 408 2255 Facite
421 2184 642 2255 fornicationem
651 2184 677 2255 (l
692 2184 753 2240 Cor.
770 2199 799 2239 tv
810 2188 835 2250 l,
851 2184 898 2252 8),·
926 2190 952 2239 ct
968 2200 974 2240 :
1031 2182 1115 2249 aiunt,
1131 2182 1219 2238 donec
1231 2183 1298 2237 bora
1321 2188 1466 2252 praetereat
1478 2179 1593 2254 (86*).0
1610 2179 1701 2238 donec
1717 2176 1821 2239 m·

181 2272 234 2339 Qui
260 2271 414 2342 furabatur
427 2274 490 2344 jum
520 2288 577 2329 raon
600 2276 717 2343 furetur
740 2272 850 2346 (Epiros.
866 2286 904 2340 tv,
920 2270 976 2343 tt),
1031 2278 1175 2344 praetereat
1193 2268 1276 2325 boral
1292 2270 1410 2325 odonec
1421 2275 1590 2340 pertranseat
1603 2266 1821 2341 tempnaldonat
1852 2302 1865 2321 .-

180 2366 335 2430 catteraquc
354 2360 477 2415 similia:
495 2361 616 2433 quaequi
642 2360 765 2427 iecerint,
796 2375 913 2433 regnum
929 2359 979 2414 llei
1033 2367 1098 2416 bora
1112 2366 1264 2433 praecreat,
1281 2374 1362 2430 quarn
1376 2357 1424 2413 tibi
1444 2360 1477 2411 ad
1492 2358 1625 2429 agendam
1640 2356 1819 2430 puniuu'uu

180 2462 234 2502 non
249 2448 601 2519 consequentur.Nunquid
617 2456 642 2504 et
657 2449 736 2506 nobis
759 2449 794 2504 ab
821 2447 978 2519 huiusmodi
1031 2450 1065 2505 ad
1089 2448 1265 2505 obtinendam
1286 2448 1405 2518 veniam,
1425 2447 1457 2502 ad
1487 2445 1681 2518 acquirendam
1701 2446 1818 2520 gratiam
1857 2490 1865 2501 .

179 2536 313 2609 contagiis
340 2551 453 2606 operum
470 2544 496 2591 et
520 2545 576 2592 tam
595 2537 670 2610 gravi
699 2553 826 2593 manuum
845 2536 977 2593 contami·
1031 2537 1063 2593 ad
1085 2538 1199 2609 gloriam
1216 2536 1424 2610 promerendam
1452 2533 1589 2591 miseratio
1612 2533 1818 2591 Conditorieia·
1846 2542 1851 2643 p

178 2624 287 2680 natione
303 2624 451 2680 timendum
462 2632 504 2681 est
518 2625 532 2682 l
547 2624 600 2681 Sed
625 2640 678 2697 quc
707 2625 848 2681 nitidiores
868 2639 977 2690 manus,
1031 2625 1137 2702 dulgetl
1158 2627 1246 2682 donec
1261 2631 1381 2681 transeat
1409 2631 1524 2693 tempus,
1549 2635 1604 2695 quo
1630 2622 1753 2679 divinam
1778 2621 1820 2679 obi
1847 2648 1851 2701 3

176 2727 210 2770 eo
225 2712 335 2785 grauius
350 2728 461 2785 qnoque
475 2713 566 2769 minor
580 2713 607 2769 in
627 2714 666 2769 eis
684 2729 778 2771 naevus
797 2712 912 2770 ostendit
929 2726 936 2762 τ
952 2721 979 2769 et
1033 2716 1212 2786 repropitiare
1226 2714 1360 2770 debueras
1377 2712 1517 2782 pietatem,
1533 2725 1681 2783 properare
1692 2712 1729 2767 ad
1741 2725 1819 2787 anga-
1848 2718 1851 2753 ἑ

177 2801 247 2856 sicut
262 2801 406 2873 pretiosam
422 2810 523 2859 vestem
539 2802 638 2875 exigua
658 2801 761 2874 quavis
787 2801 894 2857 macula
919 2810 978 2857 tur·
1031 2804 1111 2861 licam
1126 2804 1294 2870 societatem,
1310 2802 1448 2874 suspirare
1466 2802 1498 2857 ad
1525 2800 1656 2857 amissam
1680 2800 1818 2857 baeredita-
1848 2792 1852 2887 ἧ

176 2890 238 2962 pius
252 2890 403 2961 decolorat;
419 2892 499 2947 nobis
514 2891 547 2946 ad
563 2891 761 2947 immunditiam
776 2891 887 2945 minima
910 2905 972 2960 quae
987 2884 1009 2963 c
1026 2903 1089 2962 tem,
1114 2892 1235 2963 aspirare
1266 2892 1298 2946 ad
1329 2890 1486 2962 promissam
1517 2887 1683 2956 felicitatem,
1710 2886 1819 2945 mutan

176 2979 242 3035 libet
258 2980 572 3040 inobedientiasuiticit:
590 2996 641 3037 nec
658 2981 717 3050 iam
732 2994 825 3036 naevus
850 2985 903 3044 cst,
927 2981 975 3034 sed
1025 2983 1167 3039 remissam
1189 2980 1365 3049 uoluntatem,
1398 2978 1464 3034 llere
1494 2977 1671 3033 commissam
1697 2974 1818 3049 iutquiu-
1861 2984 1865 3035 ἶ

176 3069 394 3143 gravismaenla‚
410 3069 433 3124 si
448 3070 475 3125 in
489 3069 643 3127 actionibus
662 3067 761 3126 nostris
775 3067 818 3125 vel
839 3067 972 3123 minorum
1026 3068 1299 3135 temlSicnimimm,
1317 3065 1508 3138 sicagrieolae,
1522 3079 1586 3121 cum
1603 3062 1653 3121 diu
1675 3062 1821 3121 deridente
1859 3066 1865 3083 ¹

175 3158 276 3214 residet
289 3158 457 3231 negligentia
470 3160 671 3215 mandatorum.
687 3160 751 3215 llaec
765 3157 846 3230 igitur
860 3169 973 3227 operum
1026 3160 1147 3217 adiuerit
1161 3156 1349 3231 opportunitas
1362 3152 1524 3225 seminandi,
1541 3152 1580 3208 sic
1601 3152 1746 3222 elaboras,
1764 3168 1820 3211 aaa
1850 3164 1865 3235 3·

175 3244 313 3319 diligentia
327 3247 522 3302 servandorum
537 3247 612 3302 initia
634 3254 734 3303 nostrae
761 3244 973 3303 conversationis
1026 3254 1329 3322 exspemetumtempus
1342 3224 1499 3314 putationis*
1511 3239 1662 3308 advenerit,
1691 3239 1820 3301 invenite
1848 3224 1865 3321 lf

177 3341 293 3401 exercet,
306 3333 585 3405 dumadbucquidem
600 3335 747 3402 modicum,
763 3334 972 3402 scdtamenjam
1015 3337 1229 3419 ‘occupationes
1245 3342 1272 3392 et
1286 3332 1363 3407 quasi
1383 3329 1659 3402 irreprehensibiliter
1672 3328 1820 3401 amoma
1850 3336 1865 3439 j

178 3419 268 3475 lumen
290 3420 318 3475 in
333 3421 413 3476 nobis
428 3429 487 3479 est:
505 3422 556 3477 nisi
580 3421 651 3478 torte
667 3438 800 3495 magnum
820 3438 850 3476 se
878 3427 974 3494 putam
1027 3428 1098 3482 diem
1110 3424 1275 3498 transegisse
1285 3421 1429 3479 laetantur?
1452 3418 1497 3475 Sic
1520 3416 1685 3476 insuantur
1699 3416 1821 3476 nundinia
1851 3418 1865 3493 pl

175 3509 276 3564 habere
298 3509 399 3577 himen,
424 3508 524 3582 quibus
546 3508 650 3565 Veritas
674 3510 732 3564 ait:
755 3510 823 3566 dum
845 3510 974 3580 feceritis
1026 3514 1164 3572 institores
1178 3520 1285 3570 nectere
1297 3525 1400 3578 moras,
1416 3510 1574 3567 occasiones
1596 3521 1721 3581 quaerere
1740 3507 1820 3565 solut
1851 3496 1865 3525 ¹·

175 3601 273 3657 omnia
287 3599 677 3673 qaoeproeoeptcsuntoobis,
693 3599 798 3656 dicite:
813 3598 886 3666 Quia
900 3596 973 3654 sarai
1027 3622 1061 3661 nc
1075 3621 1154 3678 quem
1170 3602 1302 3660 sortesibi
1317 3617 1350 3657 ex
1366 3600 1407 3656 eis
1428 3607 1565 3672 quaestum
1591 3596 1741 3670 provenire
1760 3609 1819 3653 cau·
1862 3666 1865 3677 1

185 3689 294 3745 nutiles
317 3705 435 3756 saman
465 3704 529 3760 Μ
558 3687 704 3745 dssblli'mssi
733 3689 827 3758 facere
854 3687 973 3758 immiti
1026 3696 1132 3770 tingat?
1153 3693 1199 3750 Sic
1226 3691 1343 3763 donique
1373 3703 1508 3762 pauperes
1530 3686 1732 3759 mendicantes,
1759 3698 1818 3743 cun
1862 3696 1865 3703 ·

176 3776 258 3846 (Ῑιῑῑΰο
272 3792 340 3845 ¹V¹b
357 3777 462 3849 10)·56
476 3776 540 3843 ¹¹⁰⁰·
553 3776 657 3848 inquies
671 3783 782 3849 ΡΐθΡῑθΓ
793 3774 972 3831 humilitatem
1026 3784 1117 3840 multis
1137 3781 1299 3841 clamoribus
1318 3785 1444 3835 evocatus
1468 3778 1575 3835 tandem
1601 3774 1723 3833 adlatum
1753 3772 1818 3831 cleo·

174 3864 280 3920 monuit
293 3880 354 3921 esse
376 3867 531 3922 dicendum.
548 3867 630 3922 Plane
645 3875 755 3938 propter
769 3863 969 3921 bumilitatem:
1026 3889 1200 3946 mosynarum
1215 3868 1386 3939 distributor,
1397 3866 1556 3928 diverticula
1568 3870 1694 3936 captant,
1709 3873 1738 3922 et
1755 3876 1819 3921 eon·
1862 3938 1865 3955 1

175 3952 223 4008 aed
239 3951 361 4024 nunquid
386 3963 480 4009 contra
505 3955 648 4010 rerimtem
663 3954 825 4012 testarum
844 3952 869 4011 si
898 3954 973 4010 circa
1026 3962 1210 4019 emerentibus
1241 3959 1323 4017 seriis
1337 3971 1440 4015 uacuos
1454 3955 1579 4012 ambiunt
1589 3966 1820 4024 occuparareoet·
1862 3962 1865 4031 j

175 4039 306 4098 factorum
316 4054 425 4113 quoque
439 4039 588 4097 custodiam
597 4041 749 4099 invenimur
767 4043 856 4098 adbuc
882 4042 972 4113 negli-
1026 4067 1084 4122 sus,
1100 4059 1128 4109 ee
1142 4049 1234 4108 fovere
1248 4048 1364 4105 latebras
1380 4047 1408 4101 in
1421 4045 1530 4117 angulis
1544 4044 1721 4116 platearum?
1863 4054 1865 4107 j

175 4130 320 4205 gentiores,
337 4128 537 4199 nemosapicns
557 4145 617 4185 cum
642 4129 747 4203 liquare
773 4130 889 4188 culicem
914 4146 972 4187 mo·
1063 4144 1089 4197 4,
1105 4140 1214 4199 Urinam
1239 4146 1329 4193 remen
1349 4135 1494 4193 selectum
1512 4140 1622 4205 tempas
1637 4131 1702 4193 vitta
1716 4125 1818 4189 aarum·
1849 4132 1853 4197 i

174 4234 247 4295 neat,
263 4226 310 4298 qui
319 4225 422 4282 utinam
436 4241 490 4282 non
502 4224 597 4298 glutiat
611 4226 653 4283 ael
667 4227 809 4282 camelum.
987 4173 1092 4294 netur
1110 4230 1137 4285 in
1157 4226 1261 4284 verbis!
1285 4225 1335 4282 sad
1351 4223 1429 4280 multi
1441 4224 1469 4279 in
1487 4221 1530 4279 bia
1552 4221 1636 4279 enan
1649 4220 1735 4277 ritant
1748 4218 1819 4277 anit·

211 4319 239 4371 2.
250 4315 286 4371 tlt
306 4315 327 4370 si
340 4315 396 4384 jam
413 4330 510 4370 manus
524 4314 781 4384 mundataeluerint‚
798 4332 848 4372 nec
863 4315 902 4372 sic
916 4316 975 4389 qui·
1028 4333 1085 4381 tere
1107 4316 1341 4387 comprobantur,
1365 4329 1417 4372 nec
1435 4313 1517 4369 modo
1543 4310 1595 4383 ipsi
1618 4315 1755 4377 amittere,
1776 4305 1818 4365 aad
1848 4328 1853 4379 g

175 4405 239 4462 dem
253 4404 381 4461 contiuuo
405 4404 440 4459 ad
463 4420 510 4461 ccr
526 4404 653 4461 transitur
669 4423 676 4461 ε
700 4405 776 4460 labiis
803 4421 868 4461 sanc
893 4422 973 4461 mun-
1028 4411 1149 4469 adimere
1162 4422 1286 4479 quoque3
1303 4412 1330 4460 et
1343 4404 1396 4460 hoc
1411 4401 1539 4458 iratribus
1553 4400 1620 4458 suis.
1634 4396 1818 4457 unumunu-

174 4494 271 4551 dandis
291 4493 439 4549 secundum
463 4492 580 4548 studium
596 4494 686 4550 media
710 4494 862 4552 sollicitudo
884 4495 971 4553 debe·
1025 4498 1179 4558 tenacitem
1194 4496 1371 4560 detractores,
1386 4492 1445 4547 Deo
1460 4489 1588 4559 odibiles,
1604 4487 1733 4555 odibiles,
1743 4480 1818 4541 vital

175 4592 230 4639 tur.
245 4580 323 4646 Quod
338 4581 361 4636 si
376 4581 499 4636 dixeris:
516 4583 604 4637 Rarus
623 4592 663 4639 est
678 4585 724 4653 qari
739 4598 880 4639 sermones
904 4599 969 4641 auos
1024 4588 1104 4662 Fugit
1115 4585 1171 4643 rita
1183 4598 1252 4656 qnos
1263 4583 1321 4640 odit
1335 4600 1342 4647 3
1358 4588 1384 4638 et
1394 4596 1463 4651 quos
1475 4577 1617 4650 vitalugit,
1627 4576 1700 4633 mori
1712 4590 1818 4637 mecam

174 4670 320 4740 injudicio
348 4670 494 4741 disponere
520 4670 653 4735 videatur,
675 4670 719 4726 rel
742 4687 774 4727 ex
802 4671 855 4727 boc
882 4671 973 4727 disces
1025 4685 1077 4733 eet,
1111 4676 1152 4731 An
1175 4687 1229 4728 non
1258 4681 1285 4727 et
1308 4670 1366 4742 ipse
1380 4669 1495 4726 moritur
1521 4666 1570 4740 qui
1592 4681 1726 4725 venenum
1743 4666 1815 4729 bibit

174 4758 306 4833 quamsit
325 4773 387 4813 rara
402 4758 545 4830 perfectio,
561 4774 623 4815 cum
651 4774 703 4815 nec
729 4758 881 4830 proiectum
896 4760 970 4817 inve·
1024 4764 1097 4837 quod
1113 4763 1137 4818 ei
1153 4761 1311 4818 malesuada
1325 4756 1487 4818 detractoris
1506 4756 1599 4829 lingua
1617 4752 1763 4826 propinati
1784 4753 1817 4809 si·

175 4847 249 4903 neris
263 4847 391 4904 omnibus
410 4863 469 4902 crac
485 4862 669 4904 communem.
685 4849 754 4915 Quis
769 4865 834 4905 sane
848 4857 973 4905 numeret
1026 4852 1137 4925 quidem
1159 4849 1250 4906 lurtim
1269 4847 1293 4895 ei
1322 4845 1477 4905 dilectionis
1498 4844 1554 4901 rita
1587 4841 1770 4911 subtrabitur,
1794 4850 1817 4897 et

174 4943 289 5006 quantas
301 4936 438 4993 modicum
460 4935 562 5009 linguae
581 4937 733 4992 membrum
750 4939 890 4994 contrabat
917 4954 973 4994 sor·
1026 4940 1089 4997 dum
1104 4939 1202 5009 nescit,
1225 4938 1356 5011 paulatim
1371 4937 1399 4991 in
1413 4950 1446 4991 eo
1463 4934 1582 4990 fraterna
1602 4928 1725 4988 ebaritas
1747 4926 1818 4987 rolri-

175 5023 242 5091 dea,
258 5040 337 5094 qaam
354 5024 499 5098 multiplex
511 5025 539 5079 in
549 5025 628 5080 labiis
645 5026 841 5082 incircumcisis
852 5026 971 5083 immun·
1025 5028 1120 5103 gessit.
1137 5028 1284 5088 auditurus
1298 5033 1339 5082 est
1348 5024 1464 5080 forsitan
1479 5024 1538 5095 ipae
1551 5033 1661 5093 quoquc
1675 5018 1720 5075 cui
1733 5017 1819 5075 detra·

176 5111 244 5166 ditia
258 5114 429 5185 coaguletur,
444 5122 544 5188 quanta
555 5115 590 5170 sit
605 5114 741 5187 pernicies
754 5117 810 5172 cris
825 5115 973 5174 incircum·
1026 5119 1112 5176 bitur.
1140 5117 1270 5188 Undique
1294 5114 1365 5171 euim
1392 5114 1474 5169 verba
1498 5109 1601 5181 volant,
1623 5116 1651 5166 et
1679 5106 1817 5165 mutamur

174 5200 288 5274 spactil
311 5202 361 5257 Est
388 5204 458 5259 enim
483 5204 577 5277 lingua
599 5204 730 5262 dissoluta
752 5206 780 5261 in
800 5206 973 5263 sermonibus
1024 5210 1101 5281 prius
1114 5222 1163 5264 ora
1182 5221 1272 5263 sermo
1294 5202 1491 5276 pertransiens,
1518 5196 1629 5255 diflicila
1651 5195 1714 5253 fleri
1734 5202 1818 5269 petru

211 5310 282 5393 (86')
299 5309 368 5365 llinc
381 5310 523 5380 colligunt,
545 5312 668 5383 nonnuli,
684 5313 908 5372 cisterciensibus
923 5315 971 5369 bo-
1024 5314 1154 5381 rilitatas;
1168 5312 1232 5370 alibi
1246 5311 1330 5368 attam
1344 5307 1537 5389 detractiones,
1549 5303 1654 5379 arguit.
1663 5303 1742 5363 Alias
1758 5312 1816 5359 sant

172 5394 230 5435 ram
244 5380 390 5454 aliquando
404 5380 438 5435 ad
452 5381 680 5440 confabulandum
703 5401 862 5443 concessam
876 5386 970 5451 luisse,
1025 5402 1053 5443 m
1110 5392 1195 5443 aeret
1208 5383 1280 5455 apud
1293 5397 1341 5440 eoa
1354 5381 1453 5439 edentii
1481 5378 1581 5460 relegio
1603 5392 1638 5435 ex
1659 5372 1816 5435 ”moral

174 5458 205 5505 ut
223 5451 294 5509 intra
317 5467 395 5509 num.
414 5454 441 5519 t,
461 5453 554 5510 «Post
579 5454 675 5528 longas
694 5456 969 5514 confabulationes.»
1026 5458 1061 5515 da
1095 5457 1210 5525 dventu,
1221 5470 1296 5512 uum.
1307 5455 1324 5508 b
1336 5459 1364 5510 et
1376 5469 1409 5510 ex
1423 5451 1483 5509 aliia
1496 5452 1573 5517 locta,-

172 5518 253 5581 Unda
271 5520 535 5598 lireanotuaaupra
557 5525 586 5583 in
603 5540 757 5601 mones,
780 5529 870 5602 iocos,
893 5543 972 5588 acur-
