3734 5948
57 108 134 187 aaa.
694 108 868 175 studetis
885 110 927 171 tta
950 111 1113 175 lllVlillSlS.
1663 112 1723 174 oto

58 235 180 307 Noaert
189 233 446 293 coamtadiairat
455 235 660 293 minorarente
669 235 818 293 trudamur
828 235 865 293 od
881 252 906 331 Α
920 234 977 293 fieri
992 243 1095 308 posset,
1112 236 1234 293 revivere
1247 250 1303 303 me,
1316 236 1395 295 atita
1407 236 1513 309 tnqmr,
1527 236 1628 305 dnae,
1643 237 1718 310 quod

58 326 182 397 nuptias
214 324 295 395 (dea.
320 338 403 394 xxix,
427 322 484 394 to).
508 338 660 396 quanquam
685 322 866 380 indifferenter
922 325 1070 383 naslerixi:
1096 326 1146 382 sed
1169 325 1233 398 quia
1254 327 1306 383 hoe
1320 340 1375 381 non
1389 340 1513 396 possum,
1529 327 1718 382 saltamreeo·

58 415 94 470 de
109 415 196 470 altera
207 412 242 469 ad
252 413 364 468 alteram
382 421 541 469 transeatur.
557 411 633 481 Quod
649 412 803 487 significare
814 413 866 469 Job
920 414 1013 487 gitabo
1028 414 1076 471 tibi
1091 430 1188 471 amnas
1198 429 1287 470 annos
1301 430 1376 471 meos
1390 415 1417 471 in
1427 414 1606 471 amaritudine
1618 413 1719 471 animae

58 510 138 573 puto,
154 502 200 558 ubi
215 502 276 557 ait:
301 503 331 559 Si
346 502 480 568 dorrrairo,
496 502 579 559 dico:
602 503 717 571 Quaado
732 506 867 575 sarpam?
920 519 1005 575 nrcae;
1036 503 1131 560 faciem
1160 504 1349 577 recogitando,
1365 503 1438 575 quod
1463 505 1635 574 reoperando
1662 520 1718 562 non

59 598 88 650 et
104 608 222 649 rursum
234 591 400 664 exspectabo
416 607 558 663 uesperam
572 590 642 661 (toi.
659 607 707 662 ιιι,
725 592 763 661 l).
778 592 865 663 Quia-

59 698 142 740 scens
155 681 255 753 quippe
278 681 308 735 iu
331 696 446 752 vespera
466 680 712 752 contemplationis,
727 695 808 738 mane
821 681 868 736 de·

59 770 210 837 siderabat,
234 784 289 843 quo
312 777 435 841 surgeret
457 768 490 825 ad
513 769 646 826 actionem
670 785 676 823 :
702 785 865 842 rursumque

59 858 180 931 negotiis
197 857 324 931 fatigatus
339 858 509 929 exspectabat
521 874 677 931 vesperem,
688 856 805 916 libenter
819 875 865 917 re·

59 956 160 1020 patens
173 946 232 1005 otia
245 946 494 1019 contemplationis.

98 1040 128 1093 5.
141 1038 233 1093 Potest
246 1043 273 1092 et
295 1052 344 1108 per
368 1038 506 1110 garrulam
525 1034 657 1095 aviculam
676 1044 770 1093 cantra
784 1034 864 1093 simul

60 1126 237 1198 psallentium
251 1125 280 1182 'm
293 1125 421 1191 Ecclesia,
437 1133 464 1181 et
486 1141 533 1198 per
546 1132 699 1199 gementem
712 1126 862 1183 columbam

62 1217 171 1288 privata
194 1215 347 1271 orationum
368 1214 485 1285 suspiria
507 1215 654 1287 designari.
678 1214 731 1272 Sed
747 1215 864 1273 mediam

60 1307 225 1369 sententiam
238 1307 326 1376 magis
347 1305 413 1360 aelle
427 1302 533 1361 ridetur
553 1319 673 1376 sequena
687 1304 839 1362 versiculus
854 1322 861 1363 :

61 1395 216 1451 Attaaeoti
229 1397 296 1450 sant
311 1393 388 1452 oculi
406 1395 473 1463 arci,
489 1394 673 1465 suspicientes
687 1394 720 1451 in
742 1395 863 1453 eaoetro.

63 1483 129 1539 Sira
142 1481 217 1538 enirn
230 1480 345 1547 dicatur,
366 1483 521 1551 attenuati,
537 1483 590 1538 boc
604 1491 646 1537 est
660 1482 772 1539 subtiles
787 1482 861 1555 iacti,

919 607 1041 661 possum.
1069 592 1237 665 Recogitabo
1259 601 1348 650 antem
1364 593 1421 661 tibi,
1437 592 1500 664 quia
1514 592 1564 649 tibi
1576 592 1627 649 soli
1650 608 1716 664 pac·

919 682 996 750 cari3
1013 691 1043 738 ut
1056 682 1084 739 in
1097 698 1151 755 quo
1165 697 1218 754 ego
1238 698 1282 738 rna
1309 682 1470 748 condemno,
1496 689 1523 738 to
1548 680 1715 752 justificeris,

919 779 947 827 et
959 771 1052 828 vineas
1066 771 1261 840 misericordia,
1291 787 1355 828 cum
1373 772 1408 827 de
1422 787 1465 827 me
1489 770 1635 840 judicabis.
1656 770 1730 825 ium.

919 860 1025 933 quidcm
1041 869 1068 917 et
1081 869 1145 917 ante
1160 861 1345 932 cogitaveram
1359 876 1409 928 ea3
1425 862 1472 917 aad
1489 861 1552 933 quia
1565 856 1621 917 nob
1647 860 1734 917 ratis·

918 949 1011 1020 punita
1024 958 1089 1007 sunt
1102 966 1163 1022 quie
1179 967 1221 1006 me
1244 950 1334 1005 adbuc
1357 950 1490 1021 impedire
1503 957 1627 1021 possunt,
1654 966 1718 1006 rur·

918 1055 977 1095 snm
992 1039 1076 1095 redeo
1087 1040 1121 1094 ad
1134 1055 1168 1094 ea
1182 1038 1357 1110 recogitanda
1375 1039 1402 1093 in
1425 1037 1604 1095 amaritudine
1618 1037 1717 1094 animae

919 1144 995 1194 mea,
1011 1143 1153 1201 quousque
1167 1129 1206 1182 itu
1216 1129 1324 1200 penitus
1333 1127 1481 1200 exstirpata
1496 1127 1550 1183 sint
1564 1136 1594 1185 ut
1603 1128 1661 1199 jam
1670 1128 1719 1184 im·

917 1218 1009 1291 pedire
1020 1233 1073 1274 non
1084 1217 1203 1288 possint.
1718 1216 1722 1221 '

952 1309 980 1362 t.
995 1306 1277 1379 Neeinlruetuoaum,
1304 1314 1335 1362 ut
1360 1305 1488 1374 arbitror,
1512 1305 1565 1362 erit
1588 1308 1642 1362 hoe
1660 1314 1718 1361 stu·

918 1397 1004 1454 dium.
1025 1398 1129 1469 Nempe
1153 1397 1178 1451 si
1199 1398 1241 1453 sio
1260 1396 1377 1461 uiuitur,
1393 1396 1448 1451 imo
1464 1394 1528 1467 quia
1546 1394 1585 1450 sic
1603 1395 1713 1464 vivitur,

917 1499 971 1540 non
993 1484 1103 1556 quidem
1125 1499 1218 1551 carna,
1234 1483 1284 1539 sad
1308 1483 1417 1556 spiritu,
1437 1486 1465 1539 et
1480 1486 1512 1538 ire
1540 1482 1645 1539 telitm
1658 1484 1719 1538 aito

62 1586 115 1642 pro
129 1570 289 1627 assiduitate
309 1571 476 1643 suspiciendi
499 1573 526 1629 in
545 1572 663 1642 excelso,
679 1572 803 1629 videlicet
816 1590 863 1629 su·
879 1540 902 1620 Β
916 1576 1040 1647 spiritua
1062 1575 1129 1643 anei,
1153 1574 1207 1630 boc
1230 1581 1273 1631 est
1300 1582 1356 1629 tam
1383 1572 1410 1626 in
1434 1572 1487 1628 mai
1502 1570 1719 1628 consideratione

63 1658 160 1714 biimia
175 1668 254 1731 atque
268 1659 374 1715 excelsa
388 1660 604 1733 contemplandi;
619 1659 676 1720 sire
689 1661 863 1734 intelligatur,
918 1680 998 1736 quam
1012 1665 1039 1719 in
1050 1664 1090 1719 tui
1099 1663 1335 1735 contemplatione,
1347 1662 1436 1734 magis
1446 1677 1477 1717 ec
1486 1661 1574 1733 magia
1584 1662 1719 1734 corripies

63 1750 224 1815 attenuati,
234 1748 260 1803 id
276 1754 318 1804 est
328 1749 503 1813 reverberati,
514 1758 541 1804 et
555 1763 573 1804 a
586 1764 638 1806 suo
651 1750 768 1821 quodam
783 1751 865 1806 modo
918 1770 972 1821 rae,
988 1756 1017 1809 et
1032 1752 1187 1822 vivificabis
1201 1769 1257 1810 me.
1281 1750 1422 1823 Siquidem
1436 1749 1581 1821 corripior,
1596 1764 1659 1805 cnm
1673 1764 1719 1804 rna

63 1838 189 1892 acumine
199 1836 341 1903 imminuti,
353 1837 433 1907 juxta
442 1838 509 1893 illud
521 1854 527 1891 :
540 1839 710 1909 Defecerant
722 1839 799 1896 oculi
809 1842 865 1896 mei

62 1929 96 1983 ia
109 1926 255 1999 eloquiam
268 1932 352 1983 tuetur
373 1927 461 1997 (Psoi.
481 1942 578 1996 carru,
602 1931 655 1999 823
683 1937 709 1984 at
733 1944 863 1986 rursum:

62 2015 863 2089 ilemorsailteietdelectotaaeametexercitotorsum,

63 2109 91 2161 et
104 2102 210 2177 defeat
222 2105 342 2173 spiritus
356 2121 436 2162 meas
450 2104 538 2174 (Psoi.
553 2120 643 2170 narrt,
659 2104 685 2175 il
704 2123 711 2160 ;
727 2106 785 2162 sive
799 2121 864 2178 ergo

63 2195 122 2260 iilo,
136 2193 194 2249 sire
208 2193 260 2249 boc
275 2193 356 2251 modo
369 2193 529 2265 accipiatur,
546 2209 600 2250 non
614 2193 686 2249 aliud
703 2210 783 2267 quam
798 2210 881 2251 eon·-

64 2281 205 2353 templatio
227 2281 396 2355 designatur.
421 2284 555 2339 Caeterum
580 2282 713 2353 posterior
731 2284 864 2356 expositio

920 1842 1065 1913 cogitando
1079 1854 1265 1914 compungor:
1282 1838 1426 1905 revivisco,
1442 1853 1504 1893 curn
1520 1836 1718 1893 tesubleratus

919 1936 1056 2002 uteunque
1070 1929 1190 1985 intueor.
1215 1928 1307 1997 ltaque
1322 1925 1491 1982 ostendendo
1506 1940 1549 1980 me
1562 1926 1640 1992 milri,
1656 1941 1719 1980 cor·

920 2020 1018 2090 ripies3
1033 2017 1148 2076 ostendo
1159 2024 1194 2087 ta,
1211 2014 1372 2072 vivificabis.
1391 2015 1475 2071 Porro
1490 2013 1609 2070 vivifices
1623 2027 1720 2069 neces·

919 2125 948 2165 se
966 2119 1022 2175 aat;
1039 2108 1103 2180 quia
1127 2122 1188 2164 ecce
1201 2107 1233 2163 ia
1251 2121 1323 2178 poce
1335 2104 1499 2160 amaritudo
1512 2120 1577 2162 meo
1591 2105 1718 2159 emoria-

919 2200 1002 2254 st'mo.
1014 2196 1141 2251 llmaram
1151 2208 1248 2266 passus
1256 2208 1318 2248 sum
1328 2190 1533 2248 amaritudinem
1545 2207 1593 2263 pro
1604 2191 1720 2264 peccatis

918 2287 945 2342 in
960 2285 1092 2358 principio
1100 2282 1296 2350 conversionis,
1307 2282 1380 2337 unde
1390 2281 1550 2339 exclamavi:
1572 2281 1719 2338 Vadornod

63 2370 243 2444 sequentibus
266 2371 352 2445 magis
374 2372 521 2428 convenire
544 2371 658 2427 videtur.
682 2372 728 2428 Ait
756 2373 827 2429 enim
855 2392 863 2429 a
917 2372 1302 2448 portasinseri:amariorcm
1318 2385 1370 2443 pro
1385 2372 1533 2428 terroribus
1547 2372 1575 2425 in
1596 2371 1720 2442 proiectu

64 2463 193 2526 boariae,
218 2462 277 2517 vim
297 2461 403 2532 patior.
428 2459 511 2529 Quasi
533 2459 604 2515 dicat
629 2477 636 2514 ι
662 2461 786 2530 Domine,
811 2477 864 2518 noo
919 2462 1142 2526 conversationis,
1156 2459 1347 2533 quandodiri:
1374 2461 1434 2516 Noa
1457 2460 1551 2517 ridebo
1564 2462 1735 2518 Dominam·

63 2559 172 2620 sponte,
191 2548 241 2604 aad
262 2548 361 2607 inritus
375 2549 497 2605 retrahor
511 2557 537 2605 et
551 2563 645 2605 arceor
658 2564 674 2605 a
688 2550 728 2604 tui
743 2559 865 2606 contem·
920 2555 1008 2610 Deum
1036 2553 1068 2606 ia
1085 2555 1164 2607 terre
1189 2550 1355 2606 arentiam.
1370 2549 1423 2606 Sed
1443 2564 1507 2605 ecoe
1524 2550 1580 2619 jam
1600 2547 1720 2620 peccatis

63 2639 205 2710 platione3
230 2636 294 2709 qnia
317 2652 418 2709 corpus
440 2637 510 2709 quod
534 2637 716 2709 corrumpitur
737 2647 867 2711 aggravat
919 2640 1079 2713 paenitentia
1092 2639 1204 2711 punitis,
1220 2646 1249 2694 et
1263 2638 1362 2711 sopitis
1380 2638 1544 2705 terroribus,
1559 2637 1607 2710 qui
1626 2637 1720 2708 impu-

63 2726 200 2793 animam,
229 2733 256 2782 et
281 2725 410 2799 deprimit
438 2733 542 2781 terram
569 2726 727 2783 inhabitatio
755 2742 867 2783 sensum
920 2745 1041 2802 pugnare
1055 2727 1188 2794 sotebant,
1204 2726 1233 2781 in
1253 2727 1304 2783 bac
1319 2739 1408 2783 tamen
1433 2742 1498 2798 paee
1525 2725 1719 2782 amadssimam

63 2815 150 2871 multa
164 2813 327 2887 cogitantem
343 2814 422 2887 (Sep.
442 2830 478 2882 ιι,
504 2814 559 2887 15).
584 2816 725 2890 lierportde
744 2831 811 2889 argo
825 2826 864 2883 tu,
881 2824 904 2903 e
919 2818 1037 2874 sustineo
1052 2815 1258 2872 amaritudinem
1277 2831 1330 2888 pro
1352 2813 1459 2870 deiectu
1472 2814 1716 2885 contemplationis.

64 2920 81 2960 o
105 2904 246 2965 Conditor.
260 2919 311 2977 pro
330 2920 385 2969 ata,
401 2903 447 2975 qui
466 2904 537 2959 nosti
552 2913 656 2961 natura
669 2905 861 2963 conditionem.
919 2907 1018 2962 Verum
1028 2905 1108 2978 quiet
1120 2904 1185 2960 mibi
1195 2911 1304 2975 peecata
1311 2902 1719 2969 miserandodonastiettentt·

62 2993 115 3047 dut
134 2992 159 3048 si
178 3001 286 3063 precata
308 3007 371 3048 mea
393 2992 446 3048 hoe
468 2990 579 3062 iaciunt,
599 3005 703 3050 neeest
716 2994 796 3065 eulpa
820 3010 866 3049 ua·
921 2995 1010 3050 tiones
1030 2992 1154 3064 jurando
1179 2991 1324 3064 superasti,
1349 2990 1429 3047 etiam
1453 3004 1568 3057 nune,o
1591 2989 1726 3062 Domine,¹

61 3091 142 3147 turae,
171 3080 221 3135 sed
249 3094 315 3136 mea
342 3081 468 3153 pessimae
495 3082 697 3139 consuetudinis
723 3084 806 3138 etiem
828 3081 867 3139 sic
918 3083 1016 3140 reddes
1039 3083 1104 3136 mihi
1128 3080 1248 3136 letitiam
1267 3078 1396 3134 salutaris
1423 3077 1546 3135 tullios
1561 3078 1662 3151 quippe
1676 3085 1720 3134 ast

62 3168 239 3227 nibilominus
274 3168 410 3239 responde
449 3185 496 3238 pro
528 3185 582 3239 me,
605 3168 720 3243 affigens
756 3180 866 3243 peccata
918 3170 992 3241 quod
1010 3169 1067 3226 ait:
1083 3170 1233 3227 Teucriam
1247 3168 1493 3225 eroitlioaimom
1510 3173 1647 3225 meamet
1660 3182 1717 3226 nort

62 3259 148 3328 eruci,
164 3265 192 3314 et
212 3259 345 3331 sanguina
360 3265 407 3314 tuo
422 3255 528 3325 delens,
549 3267 644 3315 utnon
667 3261 703 3315 sit
725 3261 801 3332 quod
819 3275 864 3317 me
916 3261 1034 3330 periret,
1045 3259 1074 3315 in
1087 3258 1215 3317 condictu
1229 3256 1356 3315 videlicet
1366 3256 1503 3328 vitiorum,
1515 3256 1605 3316 sivein
1615 3257 1720 3329 impetu

62 3348 193 3420 impediat
207 3348 447 3420 contemplantem.
463 3348 534 3404 Nem
547 3348 787 3421 quiddamst
799 3350 865 3424 quid
918 3348 1114 3407 tentationum:
1141 3348 1291 3422 projecisti
1312 3353 1376 3421 post
1392 3353 1502 3421 tergam
1517 3352 1598 3404 taum
1622 3348 1718 3405 omnio

61 3436 241 3510 respondebit
255 3437 412 3504 milicem
424 3437 482 3510 ipse
494 3435 594 3508 {caeru
605 3437 759 3511 illdquonr
774 3439 865 3499 meri·
915 3444 1032 3510 peccota
1047 3455 1119 3508 mee,
1136 3438 1287 3495 secuudum
1302 3437 1502 3492 multitudinem
1512 3437 1730 3493 miserationum¹

61 3526 165 3583 delicet
177 3526 257 3583 aliam
272 3533 385 3592 verbm,
402 3533 450 3581 aut
463 3528 525 3599 quis
542 3526 612 3583 aliua
626 3528 800 3600 respondebit
815 3544 865 3600 pro
918 3539 1036 3584 tuarum.

61 3631 118 3685 me,
138 3631 201 3672 enm
224 3617 293 3685 ipse,
317 3630 372 3672 non
392 3615 474 3684 alius,
492 3618 561 3671 bane
580 3616 647 3672 mihi
669 3615 863 3688 difficultatem,
953 3620 983 3671 8.
999 3616 1057 3671 Nee
1071 3615 1225 3680 immeritor
1240 3628 1329 3686 neque
1343 3612 1731 3683 euimiasemruseoafitedi-

22 3722 30 3735 ¹
61 3707 119 3761 imo
141 3703 385 3775 impossibilitatem
407 3704 577 3776 imposuerit,
602 3705 691 3761 dando
715 3721 865 3777 superma
918 3702 1721 3776 turtidi,qsoutiqueegopenedescenderam,eumirruen·

61 3793 137 3851 illam
152 3794 311 3851 sententiam
326 3811 333 3848 :
349 3794 495 3851 insedere
509 3796 605 3853 uultus
619 3794 864 3868 teieomedespo-
918 3793 990 3849 tibus
1000 3792 1122 3863 pulsarer
1131 3790 1325 3848 tentationibus
1336 3808 1343 3848 :
1354 3791 1457 3862 quippe
1477 3790 1541 3863 quia
1565 3792 1624 3848 atsi
1645 3793 1715 3851 Deua

62 3900 130 3942 aem
145 3882 254 3939 tremi
268 3882 350 3954 (Gerr.
365 3899 405 3955 m,
424 3885 481 3953 ιι.)
917 3882 1288 3955 aajuatmapautamtaas
1296 3880 1721 3952 latitassetiatrrsarrroeaima

98 3976 124 4032 6.
141 3969 220 4040 Quod
234 3972 257 4028 si
271 3988 326 4029 non
338 3974 452 4045 secem,
467 3971 575 4047 legitur,
590 3971 651 4038 aed,
665 3973 802 4044 secema·
816 3989 864 4030 ar·
916 3987 980 4027 mee
994 3971 1081 4040 (Psoi.
1097 3984 1180 4037 xorrr,
1196 3972 1254 4040 Π).
1269 3968 1322 4026 Sed
1341 3985 1434 4043 neque
1446 3986 1524 4028 mors
1540 3971 1669 4027 laudubit
1682 3976 1718 4039 te,

61 4062 124 4137 guit
136 4077 179 4134 se,
194 4063 267 4134 quod
282 4062 360 4134 quasi
373 4063 480 4134 eulpam
503 4062 532 4116 in
554 4069 692 4119 auctorem
714 4063 860 4132 retorserit,
919 4075 972 4130 qua
987 4058 1115 4116 nimirum
1134 4058 1279 4131 aliquando
1291 4059 1440 4128 detinebar,
1455 4060 1520 4115 dum
1534 4059 1623 4114 adhuc
1643 4060 1721 4127 jace·

62 4166 125 4207 curn
139 4150 173 4206 de
187 4157 283 4207 natura
305 4158 431 4209 causatus
453 4161 511 4221 est3
528 4157 556 4206 et
580 4159 664 4207 toturn
685 4151 736 4208 sibi
751 4151 864 4222 imputat
879 4105 902 4185 n
920 4162 976 4204 rent
991 4157 1114 4205 mortuus
1129 4149 1156 4203 in
1171 4150 1297 4220 peccatis.
1312 4150 1365 4206 Nec
1388 4147 1579 4219 expectabant
1603 4151 1653 4220 qai
1668 4148 1719 4203 de-

61 4249 90 4297 et
104 4238 162 4295 suis
174 4239 303 4313 pcccatis,
319 4239 437 4297 dicens:
457 4238 529 4308 Quid
547 4239 651 4307 dicem,
665 4244 727 4307 eut,
738 4242 866 4315 quidrc-
920 4237 1059 4295 scandent
1078 4239 1110 4293 in
1137 4239 1232 4294 locam
1250 4240 1401 4293 ceritatem
1428 4240 1507 4293 mera
1519 4254 1529 4291 .-
1542 4238 1588 4307 qui
1616 4237 1721 4293 seilicet

62 4328 210 4402 spondetis
223 4329 306 4398 mibi,
322 4330 460 4402 cumipse
474 4330 612 4400 fecerim?
623 4330 735 4398 bocest,
751 4330 779 4386 id
793 4331 866 4403 quod
919 4333 982 4399 post
995 4333 1127 4400 gustatam
1144 4326 1314 4383 dulcedinem
1328 4324 1562 4396 contemplationis
1576 4322 1604 4380 in
1628 4323 1720 4382 lacurn

63 4418 166 4491 patior,
181 4419 317 4486 peccando
339 4418 496 4475 meruerim.
521 4416 703 4488 Quamobrem
727 4436 811 4477 unum
825 4426 868 4477 est
921 4415 1086 4472 descendunt
1099 4415 1306 4485 desperationis.
1320 4416 1393 4471 llors
1411 4413 1547 4486 siqnidem
1561 4420 1602 4470 eat
1617 4415 1720 4485 iacenti

924 4504 952 4559 in
966 4503 1083 4575 peccatis
1092 4510 1153 4560 ante
1164 4502 1369 4560 conversionem
1381 4516 1387 4556 :
1398 4501 1522 4558 iniamus
1530 4501 1731 4559 succumbenti·

924 4593 1119 4649 tentationibus
1146 4603 1209 4665 post
1235 4600 1374 4663 acceptam
1409 4591 1614 4663 remissione-3
1644 4594 1720 4650 laena

924 4698 990 4740 vero
1012 4682 1168 4755 desperanti
1195 4689 1256 4754 post
1285 4688 1424 4755 expertam
1452 4682 1718 4754 contemplationem.

66 4507 142 4580 quod
156 4507 245 4566 lacere
267 4523 397 4581 possum:
419 4509 584 4581 Recepitobo
600 4509 652 4565 tibi
665 4525 762 4568 omnes
776 4526 867 4568 aanor

68 4614 146 4657 meos
159 4599 193 4655 ira
207 4598 402 4658 amaritudine
412 4600 517 4656 anima
526 4613 610 4657 mete.
623 4600 726 4671 Nempe
741 4616 795 4657 non
810 4616 869 4657 sum

69 4685 172 4758 dignus
187 4694 215 4742 ut
229 4686 333 4743 valeam
348 4695 373 4744 te
392 4688 542 4762 recogitare
565 4704 627 4744 curn
649 4688 813 4747 dulcedine:
831 4688 871 4744 in·

70 4775 141 4830 ciam
154 4774 227 4846 quod
242 4772 356 4832 1093
375 4790 504 4848 possum;
528 4776 652 4850 cogitabo
671 4792 715 4833 nte
735 4776 823 4848 ipsum
842 4777 870 4833 iu

71 4863 250 4919 amaritudine
268 4865 365 4921 auimae
388 4881 466 4922 mare.
482 4865 581 4922 Lucem
606 4864 710 4921 habitas
723 4865 871 4923 inaccessi·

72 4953 166 5021 bilem,
181 4967 230 5009 nee
247 4969 317 5026 queo
340 4954 387 5010 diu
408 4953 543 5010 infirmam
565 4954 663 5011 mentis
686 4955 771 5012 aciem
794 4954 871 5013 radio

71 5041 113 5098 tui
136 5038 250 5116 fulgoris
274 5041 399 5116 inligare,
415 5053 441 5099 et
460 5044 496 5099 ob
515 5045 566 5099 hoe
588 5041 719 5100 confusus
742 5043 823 5100 redeo
837 5043 871 5100 ad

72 5142 218 5188 mnsueras
236 5140 262 5189 et
274 5129 419 5191 familiares
431 5132 497 5207 mibi
512 5132 637 5189 tenebras
650 5132 714 5189 rita
732 5148 799 5189 meae
813 5132 872 5204 pri·

73 5220 152 5277 atine
167 5240 175 5280 :
191 5236 250 5277 nou
264 5220 375 5295 quidem
388 5222 415 5278 in
431 5223 472 5281 eie
484 5221 583 5280 iterum
594 5221 710 5295 jacendo
723 5237 786 5279 eum
799 5237 872 5279 mor-

73 5310 153 5369 tifera
167 5310 356 5380 delectatione,
371 5312 420 5370 sed
439 5312 576 5384 puniendo
596 5328 642 5369 eas
657 5321 684 5369 et
697 5311 872 5387 recogitando

74 5399 103 5455 iu
124 5400 303 5482 amaritudine
325 5401 421 5459 auimae
444 5417 521 5459 meae.
546 5401 693 5473 Oportebat
713 5400 833 5477 quidem,
848 5401 879 5483 ai¹

924 4774 992 4829 Naar
1015 4781 1116 4847 quanto
1133 4772 1195 4846 quis
1208 4773 1242 4828 ad
1257 4772 1355 4828 altiora
1368 4771 1524 4844 profecerit,
1554 4779 1629 4828 tanto
1654 4786 1721 4846 gra·

924 4865 996 4932 rius,
1012 4863 1034 4918 si
1048 4862 1192 4929 corruerit,
1208 4861 1355 4930 colliditur,
1371 4860 1479 4933 quando
1502 4861 1565 4916 ruit.
1591 4863 1651 4921 Non
1663 4861 1719 4917 ita·

926 4969 979 5025 que
993 4956 1123 5026 infernas
1137 4954 1320 5024 confitebitor
1337 4951 1398 5019 ttae,
1414 4952 1465 5006 hoe
1478 4960 1518 5007 est
1531 4950 1578 5023 qui
1589 4951 1646 5022 jem
1660 4953 1719 5025 qui·

925 5043 987 5098 dem
1022 5050 1086 5099 suut
1108 5043 1240 5112 conversi,
1269 5041 1318 5097 sed
1349 5038 1540 5097 tentationibus
1561 5051 1722 5112 superantur

924 5147 1014 5205 aeque
1027 5146 1103 5190 mors
1124 5130 1250 5187 taedebit
1270 5135 1307 5199 te,
1322 5128 1351 5184 tri
1361 5128 1453 5203 utique
1466 5131 1512 5203 qui
1522 5131 1637 5186 necdum
1651 5145 1720 5187 con-

925 5220 997 5276 versi
1011 5226 1056 5274 aut
1072 5218 1198 5287 confessi,
1209 5216 1335 5275 laetantur
1351 5219 1442 5291 potius
1454 5234 1515 5275 cunr
1525 5218 1718 5291 malefecerint,

926 5317 953 5365 ot
967 5308 1099 5365 exsultant
1114 5306 1142 5362 in
1155 5307 1238 5363 rebus
1252 5306 1378 5380 pessimis
1390 5307 1482 5380 (Proc.
1494 5323 1524 5376 ιι,
1542 5308 1632 5379 lita
1647 5323 1721 5365 mor·

924 5405 972 5455 tuo
987 5395 1099 5471 quippe,
1113 5397 1190 5469 quasi
1204 5394 1251 5468 qui
1265 5395 1373 5470 nonsit,
1387 5396 1459 5469 perit
1470 5395 1604 5454 confessio
1618 5396 1718 5475 (ticeli.
