3734 5948
42 204 44 208 ’
97 216 133 302 aa
573 216 601 276 s.
620 213 939 285 uanusuntauurus
956 217 1267 283 maunvtmrusrs
1711 200 1745 258 6⁴

98 357 152 397 me.
169 343 239 399 Ecce
252 342 326 407 enim
340 343 374 396 ad
395 343 445 398 hoc
459 343 557 398 missus
571 351 613 398 est
628 340 741 414 angelus
755 340 788 394 ad
805 339 893 411 Virgi-
914 357 938 435 Α
954 341 1000 399 illa
1014 345 1106 418 utique
1135 345 1221 418 virga,
1236 359 1289 416 qua
1312 341 1437 402 feriente,
1460 349 1530 408 aqua
1558 330 1600 388 vel
1615 329 1747 384 dividitur

99 444 173 491 aaa.
195 430 418 488 Oadmirandam
441 438 469 488 et
491 430 564 487 omui
587 432 691 487 honore
711 429 896 503 dignissimam
955 433 1109 490 transituris
1123 435 1224 505 (need.
1247 448 1304 496 riu,
1327 430 1382 500 ti),
1406 424 1499 483 uelde
1521 428 1597 495 petra
1613 415 1748 474 excutitur

101 514 257 591 Virgineml
272 535 289 576 n
303 518 430 577 seminam
445 517 620 594 singulariter
639 520 833 586 venerandam,
850 537 896 577 su·
952 519 1079 578 bibituris
1089 525 1187 595 (daed.
1199 536 1268 592 aru,
1277 520 1316 590 6).
1328 516 1434 575 Nullum
1449 520 1538 569 autem
1549 503 1748 564 inconvenieus

99 623 150 680 per
163 623 259 666 omnes
273 608 388 665 leminas
410 609 607 675 admirabilem,
627 616 772 681 pareutum
787 623 899 680 repara·
953 618 1005 677 est,
1020 612 1135 669 dirarus
1149 613 1231 669 rebus
1244 605 1359 666 diversis
1372 621 1407 662 ex
1424 601 1512 659 causis
1527 596 1665 652 Christum
1680 591 1749 666 tigu-

101 695 208 768 tricem,
222 705 394 769 posterorum
409 695 625 756 vivificatricem!
954 699 1024 766 rari;
1044 700 1117 757 etin
1141 702 1218 773 virga
1240 696 1349 770 quidem
1368 689 1529 764 potentiam,
1553 685 1582 740 in
1601 683 1668 740 tiore
1684 695 1749 736 vcro

137 787 165 841 t.
183 787 280 844 ιιιιιιιι
294 790 347 857 cst,
373 785 471 860 iuquit,
487 788 605 860 angelus
619 787 655 843 od
676 787 822 859 Virginem.
839 785 899 840 l'ir·
953 787 1140 863 fragrantiam,
1155 789 1183 845 in
1198 787 1286 845 lructu
1299 792 1390 840 autem
1405 777 1510 852 saporis
1525 770 1706 834 dulcedinem,
1722 767 1750 822 in

101 873 194 947 ginem
209 889 303 946 carne,
318 875 451 949 virginem
462 881 565 943 mente,
576 874 709 948 uirginem
718 874 898 946 professione,
954 876 1097 934 frondibus
1111 893 1220 950 quoque
1234 874 1359 933 sedulam
1375 870 1437 941 ejus
1458 861 1574 936 intelligi
1596 858 1751 933 protectio·

102 961 372 1038 virginemdenique,
383 963 628 1035 qualemdescribit
638 962 794 1034 Apostolus,
806 971 899 1019 mente
954 980 1028 1034 nem,
1044 982 1098 1039 qua
1113 965 1240 1023 uidelicet
1253 961 1380 1036 parvulos
1400 957 1477 1013 adse
1497 948 1686 1025 confugientes
1700 944 1750 1001 sub

102 1059 131 1106 et
153 1065 269 1123 corpore
292 1059 413 1109 sanctam
428 1052 455 1122 (l
478 1052 538 1109 Cor.
557 1066 607 1118 vu,
625 1051 688 1123 tl);
706 1065 758 1108 nec
781 1050 898 1118 noviter,
954 1053 1051 1110 umbra
1075 1055 1180 1113 alarum
1200 1068 1309 1110 suarum
1324 1056 1470 1123 protegere
1489 1058 1544 1099 non
1566 1034 1678 1103 desinit,
1694 1033 1752 1092 sive

104 1154 156 1196 nec
170 1137 281 1196 fortuitu
296 1139 446 1206 inventam,
461 1140 510 1197 sed
524 1155 540 1194 a
553 1139 652 1197 saeculo
666 1139 791 1203 electam,
803 1139 837 1194 ab
853 1138 900 1194 ΑΙ·
955 1140 989 1196 ab
1013 1149 1081 1198 aestu
1106 1141 1254 1199 carnalium
1277 1135 1485 1195 desideriorum,
1499 1130 1557 1187 siue
1576 1143 1593 1182 a
1616 1123 1685 1181 laoie
1700 1124 1751 1178 im·

98 1227 208 1284 tissime
221 1227 416 1304 praecognitam
431 1235 458 1286 et
472 1229 524 1285 sibi
538 1234 726 1301 praeparatam,
743 1229 779 1284 ab
798 1228 901 1300 angelis
955 1229 1073 1300 piorum,
1095 1229 1206 1302 quiens
1230 1227 1394 1284 afflixerunt.
1418 1223 1492 1278 Bona
1513 1226 1541 1274 et
1562 1210 1753 1271 desiderabilis

103 1326 278 1385 servatama
292 1317 416 1390 patribus
429 1319 630 1392 praesignatam,
646 1335 661 1374 a
679 1317 820 1391 prophetis
835 1333 900 1389 pro·
955 1319 1051 1375 umbra
1065 1319 1117 1375 sub
1131 1318 1181 1373 alis
1193 1319 1269 1384 lesu,
1283 1314 1330 1372 ubi
1341 1319 1426 1371 tutum
1440 1317 1483 1366 est
1497 1302 1665 1377 fugientibus
1679 1299 1753 1356 reiu-

104 1408 224 1465 missam.
254 1408 382 1465 Scruure
400 1405 482 1465 ⁷88
496 1407 667 1479 Scripturas,
683 1417 713 1463 et
736 1407 822 1479 proba
842 1424 903 1481 quaa
956 1409 1040 1485 gium,
1054 1414 1162 1485 gratum
1176 1406 1255 1463 lassis
1277 1401 1457 1474 refrigerium.
1473 1396 1603 1455 bliserera
1617 1390 1680 1456 mei,
1696 1390 1752 1445 Do·

104 1495 176 1553 dice.
192 1495 275 1552 Visne
290 1502 321 1552 ut
344 1502 372 1553 et
386 1511 438 1570 ego
453 1494 542 1568 aliqua
562 1511 596 1551 ex
620 1495 662 1552 liis
682 1493 835 1553 testimonia
860 1495 903 1553 hic
957 1497 1029 1552 mine
1052 1497 1127 1562 lesu,
1150 1494 1282 1551 miserere
1310 1491 1379 1559 mei;
1395 1487 1522 1562 quoniam
1544 1483 1571 1539 iu
1596 1490 1623 1537 te
1641 1475 1755 1536 confidit

103 1583 245 1654 inseram?
262 1584 298 1641 llt
318 1599 405 1658 pauca
424 1583 521 1657 loquar
542 1583 577 1640 de
600 1584 732 1656 pluribus,
755 1599 836 1658 quam
856 1577 904 1640 tibi
958 1585 1048 1641 anima
1060 1600 1132 1652 mea,
1148 1593 1176 1641 et
1199 1583 1227 1639 in
1247 1582 1344 1639 umbra
1371 1577 1474 1634 alarum
1499 1580 1604 1629 tuarum
1623 1565 1753 1641 sperabo,

105 1671 185 1729 aliam
198 1671 357 1745 praedixisse
372 1672 447 1730 Deus
455 1671 573 1743 ridetur,
583 1674 692 1746 quando
701 1673 736 1728 ad
746 1681 904 1745 serpentem
920 1655 943 1732 Β
959 1672 1047 1730 donec
1066 1673 1187 1730 transeat
1206 1669 1333 1743 iniquitas
1348 1666 1433 1737 (Psoi.
1450 1678 1504 1726 ιιι,
1524 1661 1562 1730 i).
1589 1658 1621 1712 ln
1646 1655 1697 1711 hoc
1712 1659 1754 1708 ta·

105 1759 144 1816 ait
156 1781 163 1818 ι
175 1762 344 1820 iuimicitias
357 1763 550 1837 ponaminter
566 1766 593 1820 te
608 1766 635 1819 et
649 1763 819 1821 mulierem?
832 1758 866 1818 lit
881 1764 904 1819 si
959 1777 1022 1818 men
1037 1760 1114 1818 lsaiae
1131 1759 1296 1824 testimonio,
1312 1757 1406 1812 llorem
1426 1752 1533 1815 Filium,
1548 1747 1656 1819 virgam
1671 1741 1755 1798 intel-

105 1849 194 1907 adhnc
206 1851 316 1907 dubitas
330 1849 402 1923 quod
412 1850 447 1906 de
462 1849 545 1906 llaria
557 1865 612 1906 nou
630 1851 740 1919 dixerit,
754 1850 816 1908 audi
831 1851 903 1923 quod
958 1852 1014 1927 lige
1043 1852 1172 1917 Matrem,
1188 1846 1315 1920 quoniam
1331 1852 1359 1901 et
1373 1844 1460 1916 uirga,
1475 1837 1565 1895 floruit
1579 1835 1682 1906 absque
1695 1845 1758 1905 ger·

106 1939 230 2010 sequitur
245 1959 252 1997 :
269 1941 332 2014 lpse
344 1944 472 1998 conteret
486 1944 572 2015 ceput
591 1945 676 1996 tuum
690 1941 772 2011 (Gerr.
788 1955 830 2005 ιιι,
848 1940 904 2010 15).
959 1939 1041 2004 mine,
1055 1945 1084 1994 et
1097 1937 1174 2010 virgo
1188 1934 1317 2008 concepit
1331 1949 1386 1989 nou
1410 1947 1444 1987 ex
1459 1926 1580 1985 homine.
1596 1922 1653 1978 Nec
1671 1918 1756 1993 virgae

106 2027 155 2084 cui
171 2029 229 2098 baec
243 2036 351 2086 serrata
365 2029 477 2087 victoria
492 2036 543 2096 est,
560 2027 613 2084 nisi
632 2028 744 2085 blariaei
765 2028 826 2100 ipsa
842 2044 905 2099 pro·
958 2028 1076 2085 virorem
1091 2026 1164 2082 liaris
1188 2025 1257 2081 laesit
1280 2020 1398 2087 emissio,
1424 2033 1476 2075 uec
1495 2013 1607 2089 uirginis
1621 2010 1755 2083 pudorem

105 2116 148 2173 cul
164 2116 246 2174 dubio
259 2126 340 2191 eaput
353 2117 483 2176 contrivit
500 2125 676 2185 venenatum,
691 2133 752 2190 quae
766 2118 904 2173 omnimo·
959 2115 1028 2173 sacri
1037 2122 1132 2187 partus
1146 2113 1241 2171 editio.

107 2201 169 2259 dam
187 2202 298 2276 maligni
312 2205 517 2278 suggestionem
533 2212 589 2261 tam
603 2204 638 2261 de
657 2204 749 2262 camis
763 2202 902 2271 illecebra,
994 2208 1022 2264 7.
1043 2203 1214 2260 Proleramus
1227 2208 1255 2257 et
1269 2199 1320 2255 alia
1334 2194 1441 2270 Virgini
1455 2192 1544 2261 Matri,
1560 2190 1672 2262 Deoquc
1691 2183 1758 2240 Filio

106 2306 188 2364 qnam
203 2292 237 2348 de
251 2293 351 2350 ruentis
364 2293 494 2365 superbia
507 2292 620 2351 deduxit
635 2292 669 2348 ad
684 2292 804 2349 nihilum.
959 2308 1081 2367 congrua
1095 2292 1130 2348 de
1146 2289 1293 2361 Scripturis
1305 2283 1468 2343 testimonia.
1483 2281 1554 2353 Quid
1570 2278 1635 2334 iliud
1645 2275 1756 2332 Gedeo·

144 2380 171 2437 b.
195 2379 283 2452 Quam
306 2396 372 2438 vero
395 2381 476 2451 aliam
500 2381 629 2437 Salomon
653 2382 819 2453 requirebat,
843 2398 905 2439 cnm
961 2384 1003 2440 nis
1017 2382 1101 2439 vellus
1115 2379 1258 2455 significat,
1276 2376 1347 2451 qnod
1363 2373 1456 2446 utique
1477 2372 1512 2427 de
1531 2385 1613 2427 carne
1638 2377 1758 2427 tonsum,

108 2468 215 2526 dicebat
231 2488 237 2525 :
261 2471 406 2527 Mulierem
423 2473 528 2542 sortem
541 2471 604 2542 quis
626 2471 772 2528 inueniet?
786 2471 906 2528 Noverat
960 2473 1009 2529 sed
1024 2472 1083 2527 siue
1098 2471 1210 2527 vulnere
1224 2465 1314 2523 caruis
1323 2464 1350 2520 in
1364 2477 1430 2518 area
1443 2459 1564 2532 ponitur,
1581 2462 1609 2512 et
1619 2470 1691 2510 nunc
1702 2455 1762 2522 qui-

109 2560 209 2632 quippe
223 2559 264 2616 ιιι
276 2559 387 2632 sapiens
402 2559 482 2630 hujus
503 2574 585 2614 sexus
597 2556 794 2629 infirmitatem,
810 2558 906 2630 lragile
961 2563 1023 2618 dem
1037 2560 1110 2623 lana,
1126 2573 1199 2614 nnuc
1211 2571 1278 2612 vero
1292 2568 1357 2609 area
1370 2565 1432 2606 rore
1448 2545 1618 2619 pertunditur
1631 2542 1706 2614 (lad.
1720 2557 1758 2610 vr,
1797 2579 1803 2589 ·

109 2662 219 2720 corpus,
234 2645 364 2703 lubricam
379 2652 511 2705 mentem.
528 2644 596 2715 Quia
612 2656 702 2704 umen
718 2654 746 2703 et
761 2647 848 2704 Deum
863 2647 905 2702 le·
962 2649 1072 2719 at-tul,
1088 2647 1139 2703 uisi
1154 2661 1264 2703 carnem
1286 2650 1452 2714 assumptam
1475 2640 1509 2694 de
1528 2649 1610 2692 carue
1631 2629 1760 2702 virginis,

109 2742 189 2808 gerat
212 2732 380 2805 promisisse,
400 2741 429 2791 et
449 2733 487 2789 ita
509 2733 618 2791 videbat
638 2750 790 2810 congruere
809 2743 838 2790 ut
861 2735 907 2806 qui
963 2746 991 2797 et
1005 2739 1108 2809 absque
1124 2735 1289 2791 detrimento
1304 2727 1487 2804 virginitatis?
1501 2722 1658 2794 Cuiutique
1673 2719 1762 2776 distil-

111 2824 214 2880 vieerat
232 2837 281 2894 per
296 2820 435 2893 feminam,
461 2822 616 2880 vinceretur
638 2841 688 2896 per
704 2824 800 2895 ipsam,
820 2825 908 2879 uehe-
963 2827 1082 2884 lantibus
1096 2823 1171 2881 coelia
1186 2831 1243 2878 tota
1258 2837 1286 2876 se
1310 2819 1408 2875 inludit
1429 2813 1569 2889 plenitudo
1589 2807 1761 2866 divinitatis:

110 2920 218 2969 menter
230 2910 368 2969 adarirans
382 2912 473 2969 aiebat
487 2930 494 2968 :
508 2913 652 2971 Mulierem
666 2916 770 2985 sortem
779 2915 843 2986 quis
856 2914 904 2969 iu·
964 2916 1034 2973 adeo
1043 2923 1073 2970 ut
1081 2931 1114 2971 ex
1124 2913 1174 2970 hae
1186 2909 1353 2984 plenitudiue
1364 2921 1460 2963 omues
1474 2898 1660 2972 acceperimus
1667 2896 1762 2965 (olias,

111 3003 224 3060 veniet?
237 2998 315 3072 Quod
337 3008 380 3056 est
403 3000 494 3058 dicere
510 3019 517 3058 τ
534 3001 561 3058 Si
585 3001 621 3056 ita
645 3002 679 3058 de
700 3016 781 3056 mauu
800 3001 908 3057 iemiuoe
965 2999 1233 3075 acciperemus),qui
1243 3013 1307 3055 vere
1323 2996 1381 3050 sine
1394 2994 1453 3066 ipsa
1463 3007 1518 3048 uon
1528 2987 1600 3044 aliud
1615 3000 1694 3058 quam
1709 2991 1764 3038 ter·

111 3088 215 3162 pendet
229 3098 258 3150 et
271 3096 364 3148 uestra
377 3088 497 3147 omnium
511 3091 595 3161 salus,
611 3099 639 3146 et
653 3090 817 3146 innocentia
832 3089 910 3146 resti·
967 3107 996 3148 ra
1011 3089 1087 3146 arida
1102 3104 1203 3144 sumus.
1220 3087 1287 3142 Huic
1302 3098 1411 3156 quoque
1432 3076 1591 3137 Gedeouico
1612 3074 1683 3129 lacto
1697 3086 1765 3143 pro-

112 3178 191 3248 tutio,
205 3178 278 3236 etde
292 3179 371 3234 hoste
380 3177 509 3234 victoria:
527 3177 603 3234 fortis
616 3177 729 3236 omnino
744 3194 858 3236 necesse
868 3186 912 3234 est
967 3179 1105 3252 pheticum
1119 3177 1222 3233 dietum
1231 3174 1344 3247 pulchre
1354 3170 1419 3226 satis
1428 3165 1577 3226 convenire
1586 3163 1703 3230 videtur,
1718 3159 1766 3214 ubi

113 3275 144 3324 ut
161 3264 338 3341 provideatur
351 3267 444 3340 lolius,
460 3268 666 3339 praevtdeatur),
682 3283 743 3340 quae
756 3268 791 3323 ad
807 3275 910 3322 tantum
967 3269 1083 3341 legitur:
1103 3265 1257 3325 descendet
1271 3265 1345 3320 rieul
1360 3261 1457 3335 pluvio
1472 3260 1504 3314 in
1517 3254 1618 3312 uellus.
1632 3251 1700 3305 Nam
1717 3263 1767 3318 per

113 3372 183 3428 opus
196 3356 283 3429 possit
296 3371 358 3412 asse
370 3355 479 3412 idonea.
494 3357 548 3412 Sed
572 3357 714 3414 mulierem
738 3356 836 3412 sortem
851 3356 913 3428 quis
968 3360 1021 3414 hnc
1034 3356 1107 3429 quod
1121 3354 1253 3426 sequitur,
1266 3355 1295 3410 ei
1308 3352 1385 3409 sicut
1397 3345 1548 3405 stillicidio
1561 3339 1707 3399 stillantia
1720 3354 1766 3394 su·

114 3444 252 3501 inveniet?
272 3446 307 3500 tt
325 3459 361 3500 ne
385 3444 438 3500 hoc
451 3444 582 3516 quaesisse
602 3454 712 3518 putetur
727 3444 912 3516 desperando,
968 3463 1019 3519 per
1034 3451 1141 3503 terro-m
1162 3442 1251 3514 (Paul.
1280 3455 1354 3504 ιιιι,
1378 3437 1416 3508 6),
1439 3435 1513 3491 idum
1538 3432 1618 3487 datur
1641 3424 1766 3495 intelligi,

114 3531 206 3590 subdit
227 3532 429 3605 prophetando,
455 3533 559 3590 Procul
580 3539 607 3592 et
622 3533 655 3591 de
673 3535 786 3593 ultimis
809 3534 914 3604 finibus
970 3535 1042 3608 quod
1053 3550 1102 3605 per
1110 3532 1249 3588 iuventam
1261 3525 1412 3586 mirere
1419 3522 1555 3578 madidam
1566 3533 1668 3584 aream,
1678 3514 1767 3570 Pluvia

113 3622 240 3695 pretium
256 3621 318 3693 ejas
333 3621 427 3690 (Pron.
439 3634 520 3688 xxxi,
534 3622 593 3693 tol:
603 3622 654 3679 hoc
662 3629 704 3677 est
719 3637 773 3678 nun
788 3620 851 3690 vile,
861 3636 915 3677 uon
970 3638 1070 3695 nempe
1085 3618 1248 3685 voluntaria,
1263 3632 1344 3692 quam
1358 3610 1516 3687 segregavit
1529 3610 1602 3666 Deus
1615 3603 1768 3663 haereditati

27 3784 33 3792 Ι
115 3724 240 3782 parvum,
251 3722 306 3767 uun
315 3707 465 3777 mediocre,
481 3723 537 3765 nou
551 3707 670 3781 denique
681 3708 715 3764 de
726 3709 871 3781 terra3sed
880 3709 915 3766 de
971 3728 1038 3777 suae,
1063 3709 1169 3783 placide
1194 3707 1269 3780 prius
1294 3714 1321 3763 et
1342 3705 1447 3776 absque
1465 3698 1578 3773 strepitu
1603 3693 1769 3769 operationis

115 3796 195 3868 coelo,
206 3812 259 3854 nec
267 3797 303 3854 de
314 3799 384 3854 coelo
393 3797 520 3872 proximo
531 3797 611 3854 terris
621 3798 737 3869 pretium
747 3797 825 3854 tortis
837 3799 917 3868 huius
972 3804 1108 3869 hnmanae,
1123 3815 1173 3855 suo
1193 3813 1223 3854 se
1246 3794 1415 3869 quietissimo
1438 3791 1533 3862 illapsu
1549 3789 1645 3857 (ulios,
1660 3785 1768 3858 elapsu)

116 3885 248 3950 mulieris,
271 3886 321 3942 sed
349 3901 365 3939 a
393 3899 499 3941 summo
523 3885 592 3944 coelo
613 3887 736 3959 egressio
756 3890 825 3958 ejus.
846 3886 916 3957 Quid
972 3887 1124 3960 virgineum
1152 3887 1262 3942 demisit
1288 3885 1315 3939 in
1343 3889 1449 3937 uterum
1475 3900 1482 3935 ι
1507 3875 1680 3951 postmodum
1703 3887 1770 3928 vero

116 3975 216 4033 deinde
231 3974 315 4031 rubus
337 3973 381 4030 ille
409 3976 546 4047 quondam
569 3975 703 4032 blosalcus
726 3976 917 4047 portendebat,
973 3979 1075 4049 ubique
1091 3983 1224 4031 terrarum
1244 3973 1342 4029 dillusa
1356 3980 1399 4027 est
1413 3986 1461 4041 per
1485 3983 1534 4024 ora
1551 3963 1771 4039 predicatorum.

117 4064 240 4121 llsmmssas
253 4063 363 4137 quidem
385 4064 523 4133 emittens,
546 4065 594 4122 sed
618 4081 672 4122 non
696 4064 796 4121 ardens
817 4067 916 4135 (deod.
974 4081 1028 4122 nou
1051 4065 1106 4135 jam
1130 4063 1200 4119 sicut
1220 4061 1309 4134 pluvia
1323 4061 1351 4116 in
1373 4058 1469 4124 vellus,
1493 4054 1541 4111 sed
1556 4052 1625 4109 sicut
1638 4049 1772 4107 stillicidia

118 4167 160 4221 ιιι,
175 4152 211 4224 tl,
227 4151 280 4209 uisi
295 4152 405 4209 bladam
419 4153 584 4225 parientem,
597 4161 626 4211 et
643 4154 766 4210 dolorem
781 4169 836 4211 uon
851 4170 918 4210 aen·
975 4154 1102 4211 stillantia
1121 4169 1203 4226 super
1219 4162 1330 4220 terram,
1345 4164 1405 4205 cum
1421 4145 1538 4219 quodam
1553 4141 1647 4212 utique
1657 4137 1772 4211 strepitu

120 4241 254 4300 tienternl
276 4241 357 4313 Quid,
386 4259 463 4317 rogo,
488 4245 566 4320 virga
587 4247 679 4302 Aaron
698 4243 794 4299 llcrida
818 4245 918 4316 (Nam.
974 4244 1130 4308 verborum,
1145 4257 1177 4297 ac
1192 4240 1282 4297 sonitu
1303 4237 1501 4294 miraculorum.
1518 4229 1658 4304 Siquidem
1680 4239 1772 4284 recor·

121 4346 193 4396 svn,
209 4334 248 4402 8),
263 4348 315 4389 nec
338 4334 505 4401 humectata,
525 4333 577 4389 nisi
599 4333 685 4404 ipsam
706 4330 919 4404 concipientem,
935 4306 958 4384 ὓ
975 4335 1046 4390 datae
1059 4342 1123 4388 sunt
1138 4330 1224 4386 nubes
1239 4329 1302 4394 illae,
1318 4344 1380 4400 quae
1396 4324 1543 4399 portabant
1556 4319 1686 4394 pluviam,
1703 4333 1774 4390 prae·

122 4421 245 4492 quamvis
254 4420 341 4477 virum
351 4436 407 4479 nou
416 4423 651 4498 cognoscentem?
665 4421 752 4492 liujus
762 4420 852 4494 magni
867 4421 920 4477 mi·
976 4429 1085 4493 ceptum
1094 4418 1145 4474 sibi
1156 4417 1238 4474 luisse
1252 4432 1313 4473 cum
1323 4411 1497 4472 mitterentur
1514 4409 1609 4481 :Quod
1622 4407 1683 4463 dico
1695 4409 1774 4464 uobis

123 4507 207 4567 raculi
234 4510 323 4585 maius
351 4510 511 4584 mysterium
534 4511 616 4569 isaias
643 4509 787 4576 edisserit,
815 4510 920 4577 dicens,
975 4509 1007 4563 in
1018 4507 1150 4573 tenebris,
1161 4506 1247 4562 dicite
1257 4506 1287 4560 ia
1295 4504 1455 4567 tamtm;et
1466 4500 1658 4574 qaodinuare
1668 4495 1775 4552 aeduis

122 4600 291 4672 Egredietor
308 4601 388 4675 virgo
411 4603 444 4658 de
463 4602 557 4658 radice
575 4602 657 4670 iesse,
673 4601 766 4669 atior
780 4599 922 4658 deradice
976 4596 1129 4669 predicate
1139 4611 1224 4667 super
1235 4596 1312 4652 tecto
1327 4590 1438 4662 (datto.
1453 4605 1483 4655 ιι,
1496 4585 1639 4657 27).Quod
1663 4591 1691 4639 et
1704 4583 1777 4637 leco-

122 4690 184 4758 eius
198 4688 330 4746 ascendet
348 4690 415 4758 (lto.
437 4705 476 4756 ιι,
501 4690 529 4758 ll
545 4708 551 4747 :
567 4688 683 4762 virgam,
699 4687 852 4764 virginem
867 4686 921 4743 llo·
978 4693 1058 4743 runt:
1072 4683 1184 4740 etenim
1194 4685 1227 4738 im
1238 4677 1776 4739 omnemterromexiuitsoooseorum,

124 4792 193 4847 rem,
209 4776 330 4850 virgimis
342 4784 450 4852 partum
464 4777 630 4850 intelligens.
979 4780 1008 4833 et
1017 4776 1049 4831 im
1063 4775 1131 4842 fiaes
1145 4772 1219 4829 orbis
1235 4775 1319 4827 terrra
1336 4769 1419 4826 uerbo
1432 4783 1531 4824 eorum
1549 4765 1634 4834 (Psoi.
1646 4775 1724 4824 ιιιιιι,
1740 4761 1777 4826 5t.

161 4869 189 4919 u.
205 4865 260 4922 Sed
275 4865 298 4922 si
314 4866 363 4922 tibi
378 4867 451 4940 quod
467 4882 538 4924 nuuc
551 4867 580 4922 iu
594 4864 662 4924 dore
676 4865 798 4923 Christus
810 4864 925 4936 intelligi
1017 4868 1043 4920 8.
1060 4861 1209 4918 Audiamus
1228 4866 1256 4914 et
1276 4856 1421 4914 tenemium
1436 4870 1506 4911 nova
1528 4851 1666 4909 veteribus
1684 4847 1778 4904 vatici·

125 4954 235 5024 dicitur,
250 4955 386 5026 superiori
405 4955 513 5014 videtur
534 4955 673 5012 adversari
694 4954 847 5020 sententia,
871 4970 927 5024 qua
981 4939 1103 5016 nantem,
1116 4959 1144 5006 et
1157 4964 1238 5020 quem
1253 4955 1415 5019 praesentem
1428 4951 1580 4999 monstrare
1596 4953 1650 4994 uon
1662 4943 1780 5009 poterat,

127 5059 183 5101 non
198 5043 281 5117 virgoe
305 5047 383 5112 llore,
400 5046 449 5103 sed
465 5046 539 5102 tloris
560 5044 649 5102 fructu
664 5043 802 5116 designari
816 5042 928 5099 diceba·
981 5047 1126 5096 venturum
1141 5047 1169 5094 et
1182 5036 1312 5093 ardenter
1326 5033 1574 5093 desiderantem,et
1583 5024 1699 5081 tidenter
1713 5038 1778 5095 pro·

129 5140 187 5201 tur;
205 5134 315 5191 noveris
325 5135 353 5190 iu
368 5133 466 5192 eadem
485 5134 619 5191 aaronica
632 5133 709 5208 virga
722 5133 796 5205 lquae
809 5147 864 5188 non
878 5146 926 5186 so-
983 5129 1137 5186 mitteutem
1153 5145 1159 5184 :
1177 5128 1294 5190 lionoris,
1311 5123 1407 5195 inquit,
1423 5119 1530 5176 creauit
1544 5115 1680 5174 Dominus
1696 5130 1782 5186 super

130 5222 185 5277 lum
200 5222 300 5289 lloruit,
315 5223 363 5279 sed
388 5231 416 5279 et
440 5221 560 5278 ironduit
576 5230 605 5279 et
626 5223 740 5279 iructum
756 5219 855 5290 emisit)
872 5235 928 5276 nou
985 5225 1092 5276 terrum
1108 5237 1115 5270 ·.
1132 5218 1242 5288 [emina
1252 5210 1437 5271 circumdabit
1450 5211 1546 5264 uirum
1571 5207 1682 5276 (terem.
1698 5217 1780 5265 xxxi,

131 5308 217 5368 solum
240 5310 308 5367 lore
333 5309 376 5367 vel
396 5308 496 5377 tractu,
511 5310 561 5367 sed
583 5311 653 5383 ipsis
680 5311 761 5368 etiarn
786 5307 930 5364 frondibus
985 5306 1121 5379 celsona
1135 5314 1177 5362 est
1191 5305 1248 5360 luae
1265 5298 1381 5358 femina?
1397 5298 1457 5370 quis
1473 5313 1538 5353 vero
1553 5297 1604 5351 iste
1620 5293 1678 5349 viri
1693 5295 1745 5346 aut
1760 5289 1783 5343 si

132 5399 262 5456 eumdem
274 5397 435 5473 significari.
462 5400 577 5457 Noveris
600 5408 628 5457 et
650 5400 722 5474 apud
742 5401 854 5472 bloysen
878 5412 931 5453 nec
986 5396 1037 5467 vir,
1054 5396 1191 5469 quomodo
1213 5389 1345 5448 alemina
1358 5385 1564 5444 circumdatus?
1578 5391 1624 5440 aut
1639 5381 1689 5438 sia
1704 5378 1783 5436 lemi-

132 5486 220 5544 iructu
238 5487 331 5564 virgas,
346 5503 399 5546 nec
408 5487 487 5556 licre,
503 5488 552 5546 sed
567 5487 627 5561 ipsa
640 5488 717 5561 virga
731 5484 912 5546 demonstrari
921 5481 937 5556 ς’
988 5502 1022 5542 ua
1036 5482 1197 5543 circumdari
1211 5485 1313 5554 potest,
1334 5467 1471 5552 quomodo
1489 5474 1552 5534 viri
1572 5472 1607 5532 Et
1620 5479 1651 5530 ut
1666 5469 1786 5543 apertius
