3734 5948
102 189 157 250 815
578 200 605 260 S.
625 199 796 266 lilllilllllllll
808 201 948 264 sabama
966 201 1281 264 mlum-ttulittlsts
1697 194 1753 257 sto

103 309 175 369 latur
198 328 263 370 sanc
285 314 443 374 assistentes
468 318 554 376 uultui
571 322 605 377 ad
632 340 712 397 quem
730 324 860 401 suspirat,
875 334 903 383 et
916 341 942 421 Α
956 325 1056 399 angeli,
1071 334 1144 383 casta
1166 331 1217 395 est,
1238 339 1293 397 qno
1311 322 1393 381 modo
1407 320 1512 397 angeli,
1528 319 1611 392 idque
1625 317 1653 374 in
1671 333 1754 376 mane

102 402 202 473 quibus
217 416 247 459 se
261 403 369 461 interim
383 419 437 462 non
451 406 520 466 valet
529 409 648 469 videndo
662 413 902 482 associarc,studet
956 413 1059 486 peccati
1073 421 1100 469 et
1122 413 1210 486 fragili
1233 428 1357 484 corpore,
1377 413 1448 485 quod
1462 425 1516 466 nou
1538 406 1642 481 angeli,
1655 407 1754 480 quaerit

104 490 275 547 conformare
292 493 416 559 vivendo,
433 496 555 554 moribus
578 501 674 576 magis,
691 519 772 576 qnam
787 503 899 560 vocibus
955 511 1104 577 postremo,
1120 510 1148 559 et
1170 503 1241 573 sapit
1262 518 1323 575 quae
1340 499 1413 571 apud
1435 499 1498 556 illos
1517 507 1594 564 sunt,
1611 512 1666 552 non
1691 511 1753 567 quse

104 579 378 649 dameamoemine,
388 584 479 643 dilexi
487 587 615 647 decorem
625 592 724 649 domas
739 596 805 659 tuce,
816 597 844 652 et
857 593 897 650 lo·
955 607 1037 665 super
1065 600 1174 648 terram.
1203 591 1283 662 Quod
1310 589 1458 647 evidentius
1488 586 1608 645 coelestis
1643 584 1753 658 insigne

104 685 169 726 cam
181 667 362 729 habitationis
380 675 478 745 plorioe
498 679 555 735 tuoe
569 680 656 751 (Psoi.
673 698 736 749 xxv,
756 682 795 754 8).
956 681 1079 755 originis,
1099 697 1180 753 quam
1195 678 1353 755 ingenitam,
1368 688 1394 735 et
1407 678 1435 733 in
1450 677 1561 750 regione
1575 672 1751 732 dissimilitu-

140 755 333 815 amoremne
348 760 478 819 hoceoelo
490 764 601 824 minime
616 767 903 840 sibiindignumdncit
955 767 1037 838 dinis,
1063 767 1180 823 retinere
1203 766 1416 833 similitudinem,
1432 765 1546 837 gloriam
1564 763 1625 819 vitre
1648 759 1754 819 caelibis

105 844 204 902 ducere
217 845 430 906 similitudinem.
444 852 500 910 lloc
509 862 648 912 extentum
661 857 731 914 sicut
746 857 901 930 petrianos

105 932 200 1005 spatiis
223 943 312 993 tamen
336 938 467 1012 locorum,
495 944 542 999 sed
564 944 706 1002 affectibus
732 945 899 1010 animornm;

105 1023 157 1078 hoo
180 1021 257 1079 miris
284 1025 418 1099 variisque
446 1029 555 1088 artificis
579 1034 734 1090 distinctum
762 1032 899 1106 operibus.

106 1110 259 1168 Divisiones
271 1123 362 1170 antem
376 1125 448 1186 snut,
464 1135 517 1176 non
532 1120 653 1178 colorum
668 1123 756 1196 (188),
772 1123 901 1179 88111181-

107 1199 262 1257 titudinnm.
277 1201 345 1258 Nam
361 1205 427 1261 alios
444 1207 553 1276 quidem
570 1211 660 1281 posuit
678 1211 807 1283 angelos;
822 1209 899 1275 alios,

105 1297 206 1353 autem,
235 1293 430 1364 ambangelos3
457 1295 526 1352 alios
559 1313 636 1369 sero,
667 1299 796 1364 virtutes;
835 1296 902 1354 alios

956 855 985 910 in
1000 862 1081 922 terra,
1097 862 1124 911 et
1144 857 1178 911 ab
1191 855 1292 927 casule,
1307 853 1444 926 usurpari,
1458 854 1486 909 in
1504 866 1619 924 corpora
1632 849 1753 922 deniqne

956 959 1024 1016 pene
1051 943 1155 1000 bestiali
1177 944 1267 1002 viuere
1293 943 1444 1016 angelum?
1463 939 1585 1000 Coelestis
1610 947 1675 996 sunt
1702 937 1754 994 ista

956 1033 1094 1104 potentiae,
1118 1047 1173 1088 non
1202 1038 1327 1100 terrente,
1342 1040 1368 1089 et
1388 1032 1461 1105 quod
1482 1047 1547 1088 sere
1567 1028 1602 1085 de
1621 1028 1698 1087 coeio
1719 1027 1754 1085 sit

956 1120 1047 1175 arrimn
1062 1138 1122 1193 quae
1136 1123 1193 1178 baec
1208 1131 1304 1190 potest,
1321 1129 1413 1192 aperte
1431 1119 1560 1177 indicant.
1574 1117 1648 1175 nudi
1662 1124 1754 1174 tamm

956 1211 1077 1279 apertius
1089 1226 1095 1265 :
1113 1211 1181 1279 l'idi,
1191 1209 1288 1283 inquit,
1299 1211 1444 1268 ciuitatem
1456 1211 1586 1265 sertatum
1595 1207 1754 1265 lmusolem

957 1316 1067 1365 nonem,
1078 1298 1290 1357 descendentem
1300 1299 1333 1357 tle
1347 1300 1423 1366 eoelo,
1434 1315 1452 1352 e
1464 1300 1517 1355 fleo
1525 1301 1673 1369 parntem,
1689 1299 1755 1352 lora·

106 1376 321 1451 dominationes;
338 1381 416 1454 alios,
436 1384 620 1458 principatum
643 1387 722 1458 alios,
738 1391 899 1460 potestates;
956 1404 1040 1461 quom
1054 1405 1184 1461 sponsam
1207 1393 1339 1446 ornatam
1356 1388 1416 1443 viro
1438 1402 1510 1454 sno,·
1528 1383 1701 1441 creddidit:
1719 1386 1754 1441 Ei

105 1465 183 1534 alios,
199 1467 324 1538 thronos;
341 1470 409 1526 alios
427 1472 568 1544 cherubin,
590 1483 669 1547 atque
683 1475 751 1532 alios
763 1475 899 1547 seraphin.
955 1475 1160 1534 audivivocem
1182 1493 1318 1548 magnam
1336 1476 1368 1531 de
1383 1476 1484 1533 torono
1502 1475 1666 1531 dicentem:
1684 1474 1754 1530 Ecce

107 1552 152 1609 Sic
175 1554 308 1612 stellatum
328 1557 426 1613 coeium
446 1560 518 1631 hoc,
544 1564 583 1618 sic
604 1563 711 1633 depicta
734 1564 792 1621 baec
814 1563 901 1636 pellis.
956 1565 1174 1623 tabernaculam
1183 1568 1232 1622 Dei
1241 1581 1308 1622 cum
1319 1562 1488 1630 bominibus,
1498 1568 1525 1620 ot
1536 1562 1676 1619 habitabit
1687 1579 1754 1618 eam

108 1640 172 1696 llaec
185 1657 239 1697 una
252 1643 286 1698 de
304 1645 420 1716 pellibus
439 1647 493 1703 mei
512 1649 674 1719 Salomonis,
691 1661 718 1708 et
732 1654 790 1709 haec
804 1651 903 1724 presci-
918 1649 941 1728 Β
956 1656 995 1711 eis
1004 1655 1169 1727 (ripemunt,
1186 1657 1213 1720 8,
1228 1654 1266 1726 8).
1277 1653 1415 1726 Adquidf
1430 1652 1517 1709 Credo
1529 1661 1557 1708 nt
1570 1651 1622 1706 sibi
1632 1651 1755 1724 acquirat

107 1744 163 1800 pua
175 1729 202 1783 in
217 1729 290 1786 omni
312 1742 408 1789 ornatu
429 1735 601 1794 multiformis
620 1739 715 1813 gloriae
733 1740 802 1810 ejus.
818 1741 904 1796 flabat
956 1757 1083 1812 sponsam
1098 1742 1132 1799 de
1146 1741 1311 1798 bominibus.
1322 1742 1388 1797 biira
1398 1739 1455 1797 resl
1471 1743 1510 1797 Ad
1521 1755 1650 1813 sponsam
1664 1739 1756 1795 venie·

106 1826 196 1873 autem
210 1820 321 1889 grandis
341 1821 391 1877 ista
405 1823 480 1894 pellis
505 1827 718 1898 quamplurimas
731 1829 759 1884 in
783 1844 904 1902 seseque
957 1831 1011 1896 bot,
1020 1837 1048 1886 et
1057 1832 1160 1904 absquo
1173 1847 1272 1902 sponsa
1286 1846 1340 1887 non
1355 1829 1490 1887 ueniebat.
1505 1828 1652 1900 Quaerebat
1667 1842 1754 1900 spon·

108 1907 260 1964 Salomonis
280 1909 377 1982 pelles,
402 1914 529 1985 quoniam
552 1917 739 1990 unusquisque
760 1918 855 1974 beatus
877 1928 904 1974 et
957 1935 1025 1990 sam,
1036 1926 1063 1974 et
1076 1935 1177 1990 sponsa
1191 1937 1254 1977 cnm
1268 1919 1328 1990 ipso
1337 1929 1405 1975 erat.
1417 1917 1461 1974 1111
1475 1919 1536 1974 duae
1552 1918 1650 1974 erantf
1661 1916 1753 1974 Absitl

107 2005 229 2065 sauctus,
252 1999 300 2071 qui
323 2000 361 2057 ibi
385 2011 436 2070 est,
462 2003 540 2075 pellis
565 2013 606 2062 est
629 2005 722 2078 utique
742 2007 903 2064 Salomonis.
960 2010 1018 2066 ttnc
1032 2013 1073 2064 est
1083 2009 1169 2076 enim,
1181 2008 1227 2076 ait,
1239 2009 1367 2066 columbo
1381 2024 1453 2063 mcc.
1464 2006 1515 2062 Sed
1529 2006 1601 2063 sient
1614 2006 1649 2062 de
1665 2007 1755 2062 diver·

106 2086 219 2160 Benigni
247 2086 381 2159 siquidem
404 2099 468 2147 sunt
492 2102 571 2165 atque
592 2096 693 2152 extenti
716 2095 743 2151 in
767 2095 903 2161 charitate,
957 2095 995 2151 sis
1007 2096 1097 2153 orium
1112 2097 1242 2170 gregibus
1257 2114 1339 2152 unum
1355 2097 1443 2152 facere
1457 2093 1552 2161 voluit,
1567 2103 1597 2150 ut
1616 2093 1652 2150 sit
1672 2110 1752 2150 nonar

106 2173 293 2245 pertingentes
314 2192 400 2248 usque
420 2177 454 2233 111
473 2194 534 2246 uos,
558 2180 658 2253 quibus
682 2182 803 2255 gloriam,
825 2200 905 2257 quam
957 2184 1038 2250 ovile,
1058 2192 1085 2240 et
1104 2202 1173 2241 nnus
1188 2193 1277 2255 pastor
1292 2186 1383 2254 (loce.
1401 2202 1428 2253 x,
1445 2183 1500 2254 16),
1518 2183 1628 2237 itacum
1645 2182 1754 2240 heberet

107 2261 216 2331 liabent,
234 2260 347 2321 tosa
367 2281 420 2322 non
434 2266 567 2338 inrident,
584 2270 631 2326 sed
650 2280 763 2344 optant3
778 2272 815 2328 ita
831 2281 860 2327 nt
873 2287 906 2328 ex
958 2287 1084 2342 sponsam
1103 2274 1277 2331 inhaerentem
1298 2273 1350 2330 sibi
1371 2290 1387 2328 a
1407 2271 1540 2345 principio
1555 2264 1755 2328 multitudinem¹

107 2350 174 2422 ipsis
184 2351 266 2423 hujus
281 2353 321 2408 rei
336 2356 421 2426 gratia
432 2356 566 2414 demorari
578 2359 652 2432 apud
666 2376 716 2418 nos
726 2377 781 2417 non
795 2378 906 2438 graven-
959 2358 1126 2433 angelorum,
1145 2362 1244 2433 placuit
1266 2361 1291 2416 ei
1313 2373 1340 2417 et
1367 2360 1401 2416 de
1424 2361 1579 2416 hominibus
1598 2373 1752 2418 convocare

107 2447 158 2505 tur,
187 2439 274 2496 seduli
298 2442 371 2499 circa
396 2459 456 2515 nos,
486 2454 512 2501 ct
541 2463 632 2503 curam
662 2457 789 2520 gerentes
810 2450 903 2518 nostri,
958 2449 1118 2516 Ecclesiam,
1135 2461 1213 2523 atque
1235 2450 1312 2507 unire
1335 2450 1373 2505 illi
1395 2448 1656 2523 qnaedecoeloest,
1677 2449 1750 2506 utsit

108 2541 203 2583 omnes
216 2527 438 2587 administratorii
459 2533 579 2603 spiritus,
594 2537 669 2592 missi
683 2537 710 2591 in
729 2537 906 2594 ministerium
959 2553 1012 2594 una
1026 2554 1134 2610 sponse,
1149 2549 1175 2594 et
1193 2554 1311 2610 sponsus
1335 2555 1414 2595 unus.
1429 2540 1502 2612 Ergo
1520 2553 1553 2593 ex
1571 2539 1680 2606 adjecta
1693 2537 1750 2605 ista,

107 2623 218 2687 propter
241 2629 289 2673 eos
310 2620 357 2689 qni
377 2620 560 2678 haereditatem
579 2624 686 2695 capiunt
705 2625 798 2681 salutis
811 2626 902 2697 (llebr.
959 2627 1078 2699 perfecta
1100 2637 1141 2684 est
1163 2628 1219 2694 illa,
1239 2643 1292 2684 non
1309 2627 1460 2698 duplicata,
1477 2637 1504 2684 et
1526 2624 1648 2698 agnoscit
1668 2627 1701 2682 de
1722 2640 1751 2683 so

107 2716 127 2767 r,
154 2703 208 2775 11).
233 2702 416 2774 Quamobrem
438 2708 510 2765 sieut
528 2710 626 2768 coelum
654 2713 716 2770 coeli
735 2713 906 2788 singulariter
958 2717 1079 2773 dictum:
1098 2717 1210 2775 11111811
1234 2721 1361 2790 perfecto
1374 2734 1436 2774 mee
1450 2717 1544 2787 (Cant.
1560 2731 1600 2782 vr,
1617 2717 1656 2785 8).
1671 2716 1751 2771 Porro

108 2789 208 2847 dicitur
226 2793 352 2851 universa
369 2793 416 2852 illa
444 2798 586 2856 multitudo
607 2802 722 2859 collecta
749 2804 901 2874 beatorum
958 2821 1037 2860 uuam
1052 2804 1226 2863 conformitas
1239 2805 1313 2871 facit,
1328 2822 1401 2862 nuno
1411 2805 1520 2879 quidem
1534 2805 1562 2861 in
1576 2803 1658 2860 simili
1672 2804 1751 2861 dero·

107 2880 147 2935 sic
169 2887 196 2936 81
216 2880 281 2938 coeli
303 2883 433 2941 coelornm
455 2894 568 2958 propter
588 2887 721 2964 singulos,
743 2891 789 2962 qni
813 2891 905 2965 ntique
958 2894 1039 2966 tione,
1057 2903 1151 2967 postea
1169 2910 1233 2952 vero
1249 2903 1276 2951 et
1295 2895 1321 2950 iu
1336 2893 1393 2966 pari
1407 2894 1503 2966 gloria.

108 2967 170 3024 cccli
183 2975 257 3036 sunt,
273 2972 455 3038 nominantur,
470 2984 496 3029 et
515 2976 547 3030 sd
563 2976 686 3051 singulos
709 2989 813 3050 spectat
831 2981 904 3054 quod
992 2984 1020 3038 7.
1040 2983 1128 3038 Habes
1148 2981 1236 3052 itaque
1251 2989 1394 3053 utrumque
1416 2982 1450 3037 de
1472 2980 1551 3047 coelo,
1567 2987 1596 3036 et
1610 2996 1750 3052 sponsum,

107 3056 501 3119 diciturtffrctenderesoeelnm
511 3065 902 3142 sicntpellemffselmnuil.
958 3071 1061 3128 scilicet
1075 3071 1182 3137 lesum,
1197 3078 1224 3125 et
1242 3084 1381 3142 sponsam,
1396 3069 1553 3124 ierusalem.
1570 3069 1604 3123 Et
1628 3068 1674 3126 ille
1689 3068 1752 3142 qni-

107 3144 221 3216 videtis,
246 3146 339 3220 credo,
361 3166 486 3222 quaenam
506 3150 558 3208 illae
582 3154 678 3227 pelles,
703 3165 729 3212 et
751 3159 830 3228 cnjus
851 3160 905 3217 sint
957 3159 1019 3215 dem
1046 3164 1076 3213 nt
1101 3157 1245 3222 videretur,
1270 3156 1443 3227 semetipsum
1467 3155 1612 3210 exinanivit
1636 3156 1754 3211 formant

107 3235 270 3304 Salomonis,
302 3237 336 3293 de
362 3254 476 3311 quarum
504 3256 603 3313 sponsa
631 3245 807 3302 similitudino
840 3249 903 3323 glo·
956 3246 1028 3302 servi
1052 3245 1194 3316 accipiens,
1218 3245 1247 3300 in
1274 3243 1477 3300 similitudinem
1495 3242 1633 3297 hominnm
1653 3243 1754 3313 factus,

108 3323 203 3378 riflur·
955 3342 982 3388 et
992 3334 1086 3389 habitu
1100 3334 1225 3388 inventus
1240 3339 1268 3386 ut
1282 3333 1363 3388 homo
1377 3331 1511 3403 (Philipp.
1525 3343 1556 3398 11,
1570 3329 1610 3399 f).
1629 3332 1664 3384 bt
1679 3329 1754 3387 illam

143 3414 169 3465 6.
185 3410 263 3467 Nunc
275 3413 331 3482 jam
346 3414 502 3472 intueamini
514 3418 574 3488 ejus
584 3418 708 3492 gloriam,
720 3437 781 3494 quae
795 3429 821 3477 et
832 3422 902 3479 coelo
956 3421 983 3475 in
998 3436 1123 3492 quanam,
1139 3427 1277 3491 putamus,
1293 3419 1379 3475 forma
1398 3435 1445 3475 seu
1459 3421 1560 3491 specie,
1575 3426 1621 3471 aut
1644 3416 1672 3471 in
1699 3433 1753 3490 quo

107 3515 137 3556 se
150 3508 297 3574 comparat,
311 3511 338 3558 et
355 3503 393 3560 illi
408 3505 487 3575 coelo,
507 3509 580 3579 qnod
597 3517 669 3564 muto
689 3519 730 3564 est
743 3508 901 3583 gloriosius,
956 3509 1048 3564 babitu
1068 3507 1192 3564 videlicet
1214 3507 1425 3564 descendentem
1448 3507 1515 3562 vidit
1536 3505 1580 3561 ille
1600 3504 1647 3574 qui
1663 3505 1753 3562 vidit!

107 3595 210 3661 quanto
224 3587 350 3649 divinius.
368 3592 425 3650 Neo
442 3593 575 3652 immerito
598 3602 709 3666 usurpat
727 3595 789 3651 inde
804 3595 903 3652 simili·
955 3599 996 3652 Au
1012 3595 1081 3652 forte
1095 3596 1122 3651 in
1136 3596 1287 3668 frequentia
1297 3597 1467 3668 angelornm,
1479 3610 1548 3666 quos
1562 3592 1627 3648 uidit
1642 3594 1753 3653 descess-

107 3676 236 3749 tudinem,
252 3679 325 3737 nudo
335 3681 468 3757 originem
480 3682 554 3740 ducit
566 3684 652 3756 (189).
669 3684 738 3739 Nam
753 3683 775 3738 si
790 3691 902 3755 propter
956 3686 1052 3742 dentes
1062 3687 1089 3743 et
1104 3685 1283 3743 ascendentes
1293 3701 1377 3756 snper
1388 3685 1493 3740 Filiam
1505 3683 1626 3739 bominis
1634 3682 1649 3737 ‘l
1657 3682 1750 3753 (loca.

100 3778 215 3835 corpus,
231 3768 303 3837 quod
322 3770 355 3826 de
378 3778 449 3827 terra
470 3771 561 3841 habet,
578 3771 758 3828 tabernaculis
772 3771 858 3828 Cedar
872 3787 901 3827 se
957 3789 976 3839 r,
992 3774 1050 3845 bt.)
1064 3772 1117 3828 Sed
1134 3772 1228 3829 melius
1239 3773 1354 3828 dicimus
1366 3771 1440 3844 qnod
1455 3785 1581 3844 sponsam
1596 3778 1659 3827 tunc
1679 3770 1752 3828 ride·

107 3851 245 3920 assimilat,
261 3871 309 3911 cur
323 3873 377 3912 non
394 3868 420 3914 et
434 3869 546 3931 propter
559 3859 686 3928 animem,
702 3875 763 3932 qna
784 3860 818 3917 de
832 3859 902 3917 oculo
958 3862 1001 3926 rit,
1022 3879 1082 3917 cum
1099 3861 1216 3918 Verbum
1230 3861 1258 3916 in
1279 3875 1359 3917 carne
1376 3858 1459 3924 vidit,
1473 3870 1625 3930 agnoscens
1640 3857 1711 3914 duos
1725 3857 1751 3913 ia

106 3946 159 4008 est,
175 3943 245 3998 coelo
259 3960 335 4014 teque
348 3946 463 4002 similem
476 3964 506 4004 se
520 3964 582 4005 esse
595 3949 738 4021 glorietur,
754 3948 902 4021 presertim
957 3966 1039 4007 carne
1055 3966 1121 4007 uns.
1133 3950 1202 4005 Dum
1223 3949 1296 4005 enim
1316 3957 1427 4004 sanctus
1442 3947 1486 4002 illc
1500 3946 1659 4001 Emmanuel
1674 3946 1753 4003 terris

107 4044 167 4085 oum
182 4029 236 4087 vita
259 4038 372 4088 testetur
394 4035 537 4108 originem,
561 4043 673 4094 testetur
688 4049 789 4092 naturae
809 4035 903 4110 digui-
956 4040 1044 4095 intulit
1058 4039 1241 4114 magisterium
1250 4037 1399 4108 disciplinoe
1409 4035 1537 4101 coeleslisss
1547 4035 1611 4089 dum
1627 4051 1753 4107 supernae

108 4128 190 4174 tatem
213 4128 239 4176 et
254 4121 370 4191 patriae?
393 4124 480 4181 Unum
496 4127 582 4181 Deum
596 4127 691 4182 adorat
711 4132 739 4181 et
753 4125 827 4193 colit,
847 4140 901 4197 qno
957 4128 1030 4183 illius
1049 4128 1207 4194 Jerusalem,
1235 4141 1295 4199 qnae
1323 4131 1365 4182 est
1389 4133 1472 4180 mater
1502 4133 1608 4193 nostra,
1639 4123 1755 4181 risibilia

107 4207 189 4265 modo
201 4210 302 4281 angeli,
317 4210 453 4271 Christum
463 4215 645 4288 superomnia
655 4220 735 4280 amat,
752 4229 807 4286 quo
820 4213 902 4269 modo
918 4215 1079 4330 nquaedam
1099 4215 1191 4288 imago
1211 4224 1238 4271 et
1259 4213 1363 4285 species
1385 4212 1492 4269 decoris
1512 4214 1573 4283 ejns
1595 4227 1646 4283 per
1664 4211 1756 4285 ipsum

141 4336 218 4404 (188)
233 4334 334 4393 Omnes
351 4338 444 4408 scripti
458 4339 544 4395 nostri
562 4338 662 4393 liabent
676 4336 812 4401 colorum,
829 4351 901 4406 prae-
956 4339 1054 4396 mentis
1069 4339 1156 4418 palato
1170 4337 1294 4394 harasirn
1309 4337 1427 4409 sapiunt
1444 4337 1472 4392 Si
1485 4336 1557 4393 enim
1577 4335 1683 4393 idcirco
1696 4337 1756 4394 ani·

107 4413 149 4459 ter
171 4421 255 4461 unum
276 4406 504 4476 Gemeticensem,
526 4408 583 4481 qui,
600 4410 723 4466 locorum
736 4427 745 4474 ‚·
760 4406 837 4476 editi,
852 4422 903 4463 cte
956 4426 1008 4464 11118
1035 4407 1169 4477 originem
1197 4410 1231 4465 de
1252 4408 1320 4466 melo
1348 4407 1478 4476 adstruis,
1501 4408 1566 4478 quia
1589 4407 1757 4481 quandoque

107 4479 212 4534 lorum.
955 4483 1035 4536 beata
1058 4478 1147 4535 futura
1167 4487 1207 4534 est
1228 4480 1256 4535 in
1276 4478 1370 4546 eoelis,
1385 4479 1478 4534 eadem
1502 4478 1608 4534 ratione
1631 4479 1758 4551 eorporis

141 4550 148 4618 (
154 4551 214 4617 188)
230 4548 409 4623 berengarius
431 4548 568 4603 biimlsrdi
586 4548 735 4621 discipulus
750 4548 778 4604 in
797 4547 902 4608 Apolo-
956 4551 1034 4624 origo
1048 4549 1100 4606 erit
1114 4552 1140 4606 in
1155 4550 1245 4619 coelis,
1256 4551 1321 4624 qnia
1334 4551 1496 4625 quandoque
1510 4551 1618 4605 beatum
1632 4547 1757 4607 futurum

107 4619 205 4689 getico,
221 4619 292 4692 qnod
309 4636 357 4688 pro
370 4636 420 4675 sno
433 4631 601 4694 preceptore
615 4620 700 4678 edidit
713 4631 806 4678 contra
820 4623 904 4678 Seno
957 4634 999 4678 est
1013 4624 1039 4679 in
1057 4621 1144 4679 ooelis.
1159 4623 1214 4679 Aut
1231 4622 1254 4677 si
1278 4622 1339 4678 ideo
1354 4621 1450 4677 animm
1468 4621 1598 4691 originem
1615 4621 1758 4678 eoelestens

106 4704 190 4747 nense
213 4690 356 4746 concilium
380 4689 521 4764 ipsumque
542 4693 719 4763 Bernardum,
743 4693 780 4748 ita
803 4693 830 4748 in
846 4694 902 4749 bec
958 4693 1099 4763 adscribis,
1116 4692 1178 4767 qnia
1200 4695 1265 4749 olim
1290 4706 1359 4760 orta,
1374 4693 1401 4747 in
1419 4701 1458 4747 est
1478 4691 1560 4756 iacta,
1574 4691 1610 4746 sit
1628 4690 1658 4745 in
1680 4692 1758 4750 ooelis

105 4762 187 4816 181111
211 4760 360 4829 cavillator,
385 4764 460 4833 quasi
483 4764 512 4819 S.
536 4765 632 4820 doctor
656 4763 770 4820 senserit
800 4763 903 4818 arrimns
957 4766 1043 4837 (quod
1067 4763 1174 4835 quidem
1197 4765 1342 4822 verborum
1361 4763 1454 4819 talium
1482 4763 1593 4818 resultat
1613 4760 1756 4829 intentio.

106 4832 192 4888 creari
212 4833 237 4888 in
259 4832 339 4902 ceto,
363 4843 390 4889 et
418 4845 510 4905 postea
534 4835 561 4890 in
585 4851 700 4906 corpora
722 4835 837 4890 infundi.
859 4834 903 4890 Sic
958 4836 1113 4906 pravitatem
1143 4835 1270 4909 Origeuis
1292 4835 1417 4892 incurris.
1433 4855 1445 4885 s
1462 4835 1501 4890 lta
1525 4830 1687 4889 temerarius
1710 4835 1757 4891 ite

103 4905 173 4960 enim
189 4905 248 4960 uiro
262 4907 433 4961 strictissimo
444 4906 757 4988 impudenterinsultat:
778 4905 902 4961 «Errasti
957 4907 1126 4979 Apologista.
1142 4907 1241 4963 Verum
1263 4907 1357 4978 quidni
1383 4904 1472 4961 anima
1495 4904 1601 4962 dicatur
1621 4906 1755 4975 813188ιί8,

104 4991 175 5036 rere.
192 4976 311 5048 *iuquit
324 4999 335 5028 1
346 4977 818 5050 dumoriginarii-mimarumeooelo
829 4992 903 5032 asse
956 4996 1017 5036 cum
1037 4981 1140 5034 Patrem
1159 4977 1255 5035 babeat
1276 4978 1431 5039 emisstem,
1447 4978 1508 5047 ejus
1528 4976 1756 5034 conuersatioin

103 5048 180 5105 ruisti
196 5064 267 5104 ease.
283 5049 362 5118 Quod
377 5049 492 5123 qualiter
510 5051 537 5106 in
557 5049 627 5105 libro
641 5058 756 5118 astruas,
773 5049 901 5120 quoniam
958 5049 1034 5108 coelis
1047 5066 1108 5106 esse
1129 5049 1235 5113 debeat,
1249 5051 1308 5119 ejus
1323 5049 1406 5118 patria
1428 5048 1455 5102 iu
1473 5048 1543 5103 coelo
1557 5048 1601 5119 sit,
1616 5051 1756 5122 quemad·

103 5118 169 5174 utile
183 5126 210 5175 et
231 5119 309 5176 focile
331 5130 372 5178 est
390 5130 510 5196 cognitu,
533 5123 620 5191 sagaci
646 5121 737 5176 lectori
758 5121 792 5174 ab
812 5119 901 5175 altiori
957 5123 1067 5177 modum
1083 5120 1142 5189 ejus
1163 5120 1310 5176 substantia
1333 5119 1422 5175 omma
1441 5127 1547 5174 terrena
1562 5118 1756 5176 transcendit?

101 5189 211 5248 esrdine
226 5198 358 5249 retexam.
373 5194 420 5250 Est
440 5195 506 5250 liber
528 5209 608 5266 quem
625 5193 750 5248 beltranus
765 5190 900 5246 firasirim
958 5193 1034 5247 Unde
1050 5195 1077 5250 S.
1093 5191 1263 5263 Augustinus
1278 5191 1326 5246 lib.
1342 5206 1361 5246 ιι
1374 5198 1464 5247 contra
1479 5190 1637 5248 lulianum:
1657 5212 1673 5245 ι
1686 5191 1755 5247 Com

955 5280 1054 5334 corpus
1068 5279 1083 5318 e
1097 5275 1180 5330 ter-ra,
1195 5272 1220 5319 et
1234 5262 1360 5333 spiritum
1374 5260 1559 5334 possideamus
1571 5278 1589 5317 e
1602 5261 1688 5326 ooelo.
1703 5262 1755 5334 ipsi

957 5343 1030 5390 terra
1050 5343 1077 5390 et
1090 5335 1190 5393 eoelmn
1208 5349 1310 5389 snmus.
1326 5353 1338 5384 1
1355 5334 1409 5389 Sed
1428 5347 1514 5406 apage
1528 5331 1651 5404 putidum
1676 5334 1754 5390 illnm

956 5405 1175 5463 calumniatorem
1190 5405 1393 5478 berengarium.

103 5261 363 5328 (sebirbsscbrrimu
387 5265 485 5321 latinus
507 5265 627 5321 nominat
648 5264 788 5320 Canticum
811 5264 898 5317 canti·

101 5348 207 5402 corum,
223 5335 304 5403 quns
324 5334 410 5390 littera
426 5338 601 5411 vigilantibus
623 5336 720 5391 animis
734 5335 832 5389 divinae
846 5349 897 5389 ctr-

98 5403 208 5471 jusdam
234 5403 419 5479 intelligentiae
442 5409 522 5465 sudat
547 5424 685 5465 arcanum.
714 5427 725 5458 1
751 5404 897 5462 illinita:

107 5473 199 5531 *lieo
229 5477 312 5532 rerba
336 5486 380 5533 tua
408 5477 542 5535 subtiliter
567 5480 708 5551 explorata
735 5477 896 5536 Christianae
