3734 5948
111 196 149 256 ac
556 262 570 290 .
759 182 788 256 ε.
807 192 973 256 ειειιιιι
990 192 1133 257 casana·
1726 202 1762 266 to

112 302 192 394 cmm
206 336 221 374 ιι
236 320 346 395 aelps03
362 320 411 378 ned
427 320 499 396 quod
514 320 582 376 tanti
592 336 654 377 eum
669 320 764 377 iecerit
788 320 847 392 lpse
863 318 910 393 qui
925 321 1029 413 Atidio
1044 324 1077 379 ad
1092 323 1235 380 salvandas
1250 326 1354 383 animas
1371 327 1537 400 singulorum
1561 328 1589 383 in
1603 328 1702 400 spiritu
1713 343 1761 386 re·

111 408 185 467 tecit.
201 408 304 466 Omnes
321 408 394 467 enirn
417 409 526 479 divitia,
542 409 632 468 omnis
654 409 741 486 gloria
763 407 869 477 mundi,
883 416 911 466 et
965 411 1004 467 nit
1023 418 1050 468 ει
1063 413 1218 488 invisibilis,
1234 415 1304 471 sicut
1317 416 1448 489 scriptum
1462 427 1524 474 est:
1544 419 1670 492 Spiritus
1693 424 1762 475 aare

110 498 241 571 quidquid
265 499 292 554 in
315 513 348 555 eo
370 497 582 571 concupiscitur,
607 499 696 555 minus
717 505 759 553 εει
782 498 816 552 ad
838 498 910 553 ivano
963 501 1068 571 sociem
1090 509 1219 563 noctram
1241 506 1369 563 Gloriatur
1391 508 1534 564 Domitios.
1557 507 1592 561 Ει
1606 515 1634 563 ιιι
1654 507 1764 564 noveris

110 585 224 659 gloriam
240 602 247 641 :
264 588 318 644 imo
332 602 385 645 nec
399 594 442 644 cst
458 587 560 661 aliquid
578 589 606 643 in
621 586 823 659 comparatione
839 589 909 658 ejus.
964 591 1098 647 occultum
1113 608 1174 648 ease
1189 593 1355 664 spiritualem
1369 595 1440 651 bunc
1459 596 1606 652 adventum
1621 611 1629 652 t
1647 598 1679 652 ln
1694 613 1761 652 urn-

109 675 234 742 Domine,
255 675 320 747 qnid
340 686 382 733 est
405 676 486 732 bomo
503 675 567 749 quia
589 673 745 749 magnificas
765 674 851 731 euml
864 679 911 731 tul
964 681 1642 758 bruejus,inquit,oioemosinterpelles(ibren.
1654 699 1691 754 vv,
1703 686 1761 746 tol.

110 762 175 836 quid
191 764 306 837 apponis
320 779 386 839 erga
400 782 462 823 eum
477 780 524 822 cor
539 766 639 821 tunm?
964 770 1112 840 Propterea
1127 771 1238 843 dignum
1253 780 1304 838 est,
1316 780 1345 828 ut
1354 772 1377 827 ai
1387 788 1441 829 nou
1456 773 1529 830 valet
1541 772 1663 829 inlrnnus
1675 775 1700 829 in
1710 790 1761 829 oc-

146 856 174 909 8.
187 853 316 922 Attamen
330 852 409 912 velim
431 868 523 923 nosse,
539 853 604 924 quid
626 852 678 909 sibi
697 852 821 920 voluerit,
837 853 909 926 quod
963 873 1072 939 cursum
1082 861 1149 916 tanti
1158 861 1255 918 medici
1263 862 1640 937 procederelongius,saltem
1647 870 1763 919 conetur

109 940 144 997 ad
171 957 223 998 nos
251 944 325 1000 venit
350 942 406 1009 ille,
429 948 487 999 aut.
503 958 589 1016 quare
617 958 672 999 uon
699 943 786 1016 magis
810 941 909 1000 ivimus
965 947 1073 1022 erigere
1083 957 1173 1021 caput,
1185 949 1356 1023 aliquatenus
1366 967 1510 1027 assurgere
1522 950 1653 1009 venienti.
1664 951 1725 1007 Non
1736 958 1763 1005 te

109 1045 160 1087 nos
173 1031 208 1086 ad
221 1030 307 1088 illum.
323 1033 422 1091 Nostra
436 1030 509 1088 enim
531 1038 590 1088 erat
604 1031 754 1088 necessitas
771 1047 778 1083 t
793 1031 843 1087 sed
858 1045 909 1087 nec
964 1043 1082 1110 oportet,
1099 1040 1221 1112 ohonvo,
1238 1040 1323 1096 maria
1343 1040 1532 1108 transfretare,
1545 1056 1600 1097 non
1615 1050 1763 1114 penetrare

108 1128 149 1175 est
163 1120 332 1178 consuetudo
346 1119 458 1178 divitum
473 1126 503 1177 ut
516 1122 550 1177 nd
566 1135 702 1195 pauperes
722 1121 841 1187 veniant,
857 1137 908 1178 uec
963 1127 1061 1193 nubes,
1078 1143 1132 1184 non
1148 1128 1345 1202 transalpinare
1360 1146 1475 1187 necesse
1493 1139 1546 1187 εει.
1559 1129 1620 1188 Νοιι
1641 1130 1764 1202 modu,

107 1208 130 1263 ⁸5
144 1219 277 1280 Pffltlffl
291 1208 435 1267 V⁰¹l¹0li¹1b
452 1209 493 1266 ¹¹³
508 1217 561 1276 ⁰⁸⁸.
575 1208 684 1277 flbiles,
700 1226 750 1267 nos
772 1211 859 1286 magis
873 1212 907 1266 ad
964 1213 1085 1288 mquam,
1102 1216 1149 1272 tibi
1173 1218 1327 1275 ostenditur
1348 1220 1391 1275 via
1408 1234 1413 1274 :
1429 1235 1518 1291 usque
1539 1219 1574 1273 ad
1589 1219 1763 1291 temetipsum

107 1320 171 1363 eum
185 1307 279 1364 venire
303 1307 414 1380 dignum
437 1306 506 1376 iuit;
521 1307 571 1365 sed
586 1306 686 1381 duplex
709 1316 768 1367 erat
790 1308 906 1380 impedi·
964 1317 1078 1362 occurre
1093 1306 1151 1363 Deo
1167 1315 1222 1364 tuo.
1244 1307 1331 1378 Prope
1346 1315 1388 1364 ειι
1410 1309 1482 1364 enim
1504 1305 1583 1365 m
1605 1306 1720 1364 verbum
1735 1306 1764 1361 in

108 1404 241 1456 mentum.
264 1397 333 1453 Nam
346 1403 377 1453 et
391 1396 544 1470 caligabant
563 1397 636 1455 oculi
657 1399 742 1455 nostri
760 1414 767 1452 :
783 1396 828 1455 ille
843 1414 908 1457 vero
964 1404 1013 1448 ore
1037 1398 1094 1467 lun,
1110 1403 1136 1450 et
1160 1394 1187 1450 in
1211 1395 1294 1452 corde
1320 1403 1367 1455 tuo
1387 1397 1479 1468 (Rom.
1504 1411 1534 1465 ι,
1549 1397 1588 1467 8).
1612 1396 1706 1470 Usque
1729 1395 1764 1451 ad

107 1482 196 1543 lucem
211 1483 316 1542 habitat
335 1485 550 1544 inaccessibilem
567 1486 592 1557 (l
608 1488 682 1546 Tim.
698 1503 736 1554 vt,
752 1488 812 1562 to);
828 1495 856 1546 et
867 1489 909 1560 ja·
965 1480 1056 1538 cordis
1070 1484 1307 1556 compunctionem
1322 1494 1350 1543 et
1364 1485 1628 1543 crisconiessionem
1637 1500 1763 1551 occurre,

107 1579 203 1632 cautes
216 1573 358 1650 paralytici
370 1573 398 1630 in
412 1575 527 1648 grabato
543 1574 663 1632 divinum
687 1573 762 1632 illam
782 1590 837 1633 non
854 1592 908 1650 po-
965 1577 994 1627 nl
1009 1570 1104 1630 saltem
1119 1589 1201 1631 exeas
1214 1575 1249 1633 de
1264 1574 1433 1648 sterquilinio
1445 1575 1552 1632 miseras
1566 1575 1761 1645 mandentia,

107 1672 228 1723 termas
242 1662 378 1740 adnuere
392 1663 590 1723 celsitudinem.
606 1667 756 1738 Propterea
768 1665 908 1738 benignis
925 1670 947 1749 fl
964 1661 1094 1733 quoniam
1111 1661 1253 1735 indignum
1276 1672 1319 1723 est
1341 1665 1405 1721 illuc
1419 1670 1559 1722 auctorem
1581 1662 1706 1736 puritatis
1720 1663 1763 1719 iu-

109 1755 199 1810 simus
215 1753 338 1812 Salvator
365 1761 392 1812 et
406 1754 529 1812 medicus
542 1753 693 1811 animarum
718 1755 861 1812 descendit
874 1755 908 1810 ab
964 1757 1047 1809 trare.
1073 1750 1108 1808 Et
1130 1753 1189 1810 beo
1211 1754 1322 1827 quidem
1346 1754 1381 1811 de
1402 1771 1436 1814 eo
1460 1755 1579 1811 adventu
1602 1753 1674 1810 dicta
1687 1763 1761 1820 sunt,

108 1840 249 1904 altitudine
273 1857 337 1910 sua,
361 1851 389 1902 et
412 1843 563 1902 claritatem
587 1856 664 1901 suam
687 1842 802 1900 insumis
824 1842 909 1900 oculis
963 1854 1018 1912 quo
1033 1839 1201 1915 singulorum
1215 1850 1322 1902 mentes
1337 1843 1464 1902 invisibili
1483 1842 1610 1917 dignatur
1626 1842 1763 1900 illustrare

109 1932 280 2005 temperavit.
304 1932 394 1990 induit
418 1949 449 1990 se
471 1931 578 1990 laterna
601 1933 730 2006 quadam,
746 1931 793 1990 illo
815 1933 908 2006 utique
965 1931 1122 1999 praesentia.

107 2021 228 2098 glorioso
242 2028 270 2078 et
289 2022 324 2079 ab
345 2021 419 2079 omui
440 2021 504 2079 labe
526 2021 672 2096 purissimo
695 2037 811 2096 corpore
835 2021 909 2096 quod
1001 2021 1043 2074 ll.
1060 2017 1139 2076 Libet
1161 2029 1253 2078 antem
1276 2021 1413 2079 manifesti
1433 2022 1566 2079 adventus
1584 2020 1656 2080 viam
1668 2016 1761 2078 consi-

108 2109 239 2182 ausoepit.
255 2108 320 2168 lltec
334 2116 377 2170 eat
390 2109 463 2169 euim
479 2108 523 2168 illa
544 2111 680 2169 levissima
699 2112 781 2185 plane
795 2116 823 2168 et
838 2127 908 2183 prae-
963 2105 1062 2164 derare
1076 2124 1085 2165 :
1101 2110 1229 2182 quoniam
1248 2110 1298 2168 vice
1317 2113 1388 2183 ejus,
1401 2111 1452 2168 riae
1475 2109 1610 2183 pulchra,
1624 2116 1653 2168 et
1666 2125 1763 2167 omnes

107 2197 211 2272 fulgida
233 2198 333 2276 nubes,
347 2211 430 2271 sopra
455 2213 537 2271 quarn
561 2213 737 2256 ascensurum
760 2214 822 2255 eum
842 2213 908 2269 pro·
963 2195 1068 2252 semite
1086 2197 1146 2269 ejus
1169 2198 1288 2269 pacifica
1311 2200 1404 2272 (Pron
1428 2215 1469 2266 ιιι,
1495 2200 1550 2271 tv).
1572 2202 1650 2269 Ecce,
1674 2198 1763 2271 inquit

108 2287 190 2360 pheta
201 2283 376 2360 predixerat,
391 2292 422 2343 ut
434 2285 617 2346 descenderet
631 2286 659 2342 in
674 2286 819 2360 AEgyptum
840 2288 907 2359 (lac.
963 2289 1764 2357 sponsa,cerritissolieorirrmoottbos,tramitieuceollaa

108 2390 173 2448 ιιι,
186 2376 224 2451 l).
965 2375 1088 2443 (tantia.
1113 2391 1143 2445 ιι,
1169 2377 1207 2449 8).
1233 2377 1396 2433 Venientem
1418 2377 1505 2446 vides,
1525 2392 1543 2435 o
1567 2377 1691 2450 pulchra,
1713 2375 1764 2433 sed

144 2466 171 2518 9.
196 2461 316 2533 Tempus
340 2461 459 2532 estium
481 2461 569 2534 ipsum
597 2476 708 2535 quoque
735 2462 909 2518 considerare
963 2463 1110 2526 cubantem
1130 2463 1224 2524 videre
1239 2474 1303 2523 ante
1322 2481 1378 2524 uon
1403 2474 1522 2539 poteras.
1545 2465 1642 2522 Dixisti
1665 2465 1761 2523 enim:

109 2560 225 2625 tempus,
250 2566 305 2624 quo
329 2549 453 2608 Salvator
472 2550 594 2608 advenit.
623 2549 704 2607 Venit
727 2549 801 2608 euim
825 2549 910 2622 (quod
966 2552 1064 2611 indico
1077 2554 1160 2626 mibi,
1176 2572 1258 2630 poem
1276 2554 1371 2630 cittmt
1384 2558 1483 2614 ocimo
1502 2573 1577 2626 meo,
1593 2557 1641 2613 oti
1652 2570 1763 2627 porcos,

107 2648 137 2699 et
151 2656 200 2700 vos
223 2638 361 2698 oredimus
384 2656 441 2697 non
464 2638 563 2711 latare)
585 2654 641 2697 non
664 2639 692 2696 in
711 2639 788 2696 initio
812 2654 864 2696 nec
882 2638 910 2694 in
963 2640 1013 2698 uli
1034 2642 1117 2701 cubet
1141 2643 1236 2714 (aaut.
1262 2660 1282 2710 ι,
1303 2647 1342 2716 6).
1363 2646 1471 2703 cubans
1494 2645 1582 2717 pascit
1603 2642 1717 2716 angelm
1736 2642 1763 2698 in

108 2728 199 2788 medio
214 2728 355 2802 temporis,
371 2727 422 2787 sed
436 2727 464 2786 iu
479 2726 545 2786 fine.
560 2726 618 2786 Nec
638 2729 788 2802 incongrue
808 2727 909 2784 luctum
963 2726 1024 2785 illas
1039 2739 1185 2803 perpetuas
1200 2733 1377 2800 eternitates,
1388 2750 1457 2807 quos
1470 2733 1550 2790 satiat
1563 2733 1668 2790 visione
1680 2736 1762 2789 aeter·

109 2826 161 2887 est,
174 2817 225 2875 sed
240 2833 305 2876 vero
318 2817 459 2890 sapienter
481 2815 617 2891 disposuit
636 2816 787 2892 Sapientia,
804 2823 833 2874 ut
847 2831 908 2873 cum
964 2818 1054 2878 niiatia
1069 2829 1095 2876 ot
1109 2820 1333 2878 immutabilitatis
1356 2839 1422 2879 suae.
1440 2822 1494 2879 Sed
1510 2838 1544 2878 ne
1567 2822 1730 2897 ignorante,
1745 2835 1762 2877 o

108 2908 194 2983 magis
216 2912 292 2965 esset
312 2904 507 2974 necessarium,
527 2913 590 2963 tunc
612 2906 701 2978 primo
724 2905 810 2964 lerret
831 2905 909 2963 auxi·
963 2906 1100 2979 pulchra:
1126 2910 1255 2985 quoniam
1278 2911 1408 2968 mirabilis
1429 2911 1500 2969 lacta
1523 2921 1566 2967 εει
1584 2909 1651 2967 visio
1669 2908 1715 2964 illa
1730 2924 1762 2965 ex

108 2997 182 3067 lium,
194 3011 296 3069 pronos
308 2997 344 3054 ad
357 2997 581 3071 ingratitudinem
593 3000 660 3056 ldae
674 2996 744 3057 filios
757 3014 812 3057 non
828 3001 908 3074 igno·
924 2949 948 3031 e
965 3003 1013 3064 te;
1030 2995 1180 3055 confortata
1195 3008 1247 3069 ost,
1262 3007 1290 3055 et
1307 3016 1363 3057 non
1380 3000 1485 3074 poteris
1503 3000 1538 3055 ad
1557 3013 1627 3055 eam.
1645 2998 1761 3055 Verum·

109 3104 183 3146 rans.
207 3086 280 3145 Vere
304 3088 377 3146 enim
398 3089 644 3164 advesperascebat
658 3097 687 3149 et
700 3088 828 3149 incbnata
850 3096 910 3148 erat
964 3096 1059 3146 tamen
1073 3103 1138 3146 ecce
1153 3096 1339 3160 egressuseat
1351 3088 1387 3145 de
1402 3088 1461 3145 loco
1476 3097 1571 3144 sancto
1585 3102 1635 3145 suo
1650 3104 1658 3144 :
1674 3085 1762 3158 etqui

107 3179 163 3250 jum
184 3177 252 3249 dies,
269 3187 423 3236 recesserat
444 3178 526 3252 paulo
550 3179 640 3237 miuus
662 3178 703 3238 sol
723 3179 833 3251 iustitiae
849 3199 855 3236 :
872 3180 909 3236 ita
963 3177 1067 3234 cubans
1089 3179 1174 3250 pascit
1196 3178 1320 3250 angelos,
1340 3177 1399 3250 ipse
1423 3177 1516 3250 erupit,
1539 3177 1632 3250 sieque
1655 3173 1764 3232 sanabit

109 3275 139 3323 ut
153 3267 268 3346 exiguus
292 3267 372 3324 nimis
395 3268 527 3341 splendor
550 3272 611 3341 ejus
634 3276 681 3327 aut
696 3269 771 3326 calor
793 3269 907 3328 amatio
940 3282 1030 3336 .nos;
1046 3275 1074 3323 ει
1089 3266 1226 3324 videbitur
1247 3267 1360 3324 veniens
1382 3275 1410 3324 et
1430 3275 1533 3338 pastus,
1549 3265 1595 3337 qui
1618 3265 1721 3322 cubans
1735 3272 1763 3320 ει

109 3355 200 3415 ιειιίε.
214 3358 287 3413 Nam
301 3364 330 3414 et
348 3356 393 3413 lnx
408 3357 507 3415 divinae
527 3359 631 3416 nubtias
655 3374 739 3431 parva
762 3358 908 3415 admodum
962 3371 1080 3430 pascens
1097 3366 1162 3412 ante
1176 3355 1264 3413 videri
1280 3371 1336 3412 non
1351 3364 1468 3426 poterat.
1483 3356 1555 3412 Ecca
1569 3355 1646 3411 venit
1657 3355 1701 3411 hic
1715 3370 1761 3410 sa·

108 3453 179 3513 erat,
189 3452 218 3503 et
228 3444 386 3503 abundante
399 3445 543 3520 iniquitate
558 3448 650 3506 fervor
664 3446 827 3524 refriguerat
841 3449 907 3505 cba-
961 3445 1031 3502 liens
1060 3444 1089 3500 in
1114 3446 1267 3514 montibus,
1297 3444 1452 3501 transiliens
1479 3445 1572 3502 collos.
1600 3447 1707 3501 ltontes
1734 3452 1762 3498 ει

107 3535 205 3595 ιὶιειίε.
221 3536 281 3592 lam
295 3551 351 3594 oon
365 3537 517 3610 apparebat
531 3536 657 3614 angelus,
671 3552 727 3595 uon
746 3536 908 3613 loquebatur
962 3533 1057 3600 colles,
1072 3533 1239 3605 patriarchas
1253 3540 1282 3590 et
1296 3533 1444 3606 prophetas
1458 3534 1570 3605 accipe;
1587 3539 1615 3589 et
1629 3532 1761 3607 quemad·

107 3623 258 3697 propheta,
281 3626 428 3684 cessabant
451 3624 524 3685 velut
547 3625 738 3698 desparatione
757 3625 830 3693 victi,
851 3642 907 3698 prce
963 3624 1072 3682 modum
1088 3625 1194 3683 venerit
1207 3624 1309 3681 saliens
1321 3633 1349 3680 et
1365 3623 1534 3690 transiliens,
1548 3623 1578 3679 in
1590 3621 1660 3679 libro
1674 3637 1759 3697 gene·

107 3712 191 3771 nimia
214 3713 307 3787 utique
330 3713 429 3772 duritia
451 3715 591 3773 bominum
613 3725 641 3774 et
659 3713 840 3772 obstinatione
857 3731 863 3770 ι
880 3725 908 3773 ει
962 3712 1075 3770 rationis
1089 3713 1151 3788 lege
1167 3732 1175 3770 ι
1191 3714 1332 3772 Abrohom
1347 3715 1444 3788 pcuoit
1465 3717 1556 3780 lsuuc,
1571 3714 1649 3772 lsooo
1662 3714 1761 3786 occult

106 3800 393 3876 cco,aitllilius,tuoc
403 3804 479 3862 atet:
489 3806 556 3863 Ecce
566 3807 645 3862 osuio
657 3804 743 3877 (Paul.
755 3819 859 3871 ιιιιι,
869 3803 905 3876 8).
961 3804 1043 3861 tocolr
1058 3804 1167 3877 (iduttlr.
1185 3820 1205 3870 ι,
1220 3805 1259 3874 ι),
1274 3812 1328 3860 ειε.
1345 3803 1384 3859 iix
1397 3804 1439 3859 his
1454 3803 1592 3860 montibus
1607 3800 1717 3874 prodiit,
1732 3808 1761 3857 ut

108 3891 162 3961 Sic,
171 3890 210 3948 sic
220 3890 284 3947 dum
294 3891 413 3950 medium
421 3892 555 3950 silentmm
566 3901 693 3953 tenerent
702 3894 802 3960 omnia,
814 3899 843 3950 ot
852 3909 906 3952 nox
960 3889 1095 3957 invenies,
1132 3891 1208 3947 radix
1246 3892 1335 3962 lesse,
1367 3891 1440 3948 unde
1477 3893 1553 3963 justa
1590 3891 1759 3963 prophetam,

105 3978 133 4035 in
147 3995 292 4040 unocursu
306 3980 358 4048 iter
371 3984 519 4054 perageret
532 3983 608 4057 (Sap.
624 3983 907 4057 xvttt,ti),omnipo·
959 3994 1074 4054 egressa
1097 3987 1139 4036 est
1166 3980 1255 4053 virga,
1279 3986 1308 4036 et
1332 3977 1430 4036 exinde
1453 3979 1505 4036 llos
1525 3979 1657 4047 ascendit,
1679 3991 1762 4048 super

105 4076 169 4127 tens
182 4085 272 4127 sermo
287 4076 360 4138 tuns,
375 4070 501 4142 Domine,
513 4088 529 4128 a
543 4069 681 4145 regalibus
695 4070 807 4128 sedibus
820 4072 904 4130 vonit.
961 4083 1043 4141 quem
1068 4068 1204 4140 requievit
1225 4068 1341 4141 Spiritus
1362 4068 1527 4141 septiformis
1550 4069 1614 4139 (lto.
1639 4082 1679 4132 ιι,
1701 4063 1759 4136 ta).

105 4158 187 4229 Quod
200 4167 230 4216 et
247 4158 396 4233 Apostolus
415 4159 533 4218 innuens
556 4160 668 4217 aiebat:
686 4160 804 4230 Qucum
827 4163 906 4220 canit
960 4157 1039 4227 Quod
1064 4155 1235 4214 manifestius
1256 4156 1309 4214 alio
1324 4156 1352 4211 in
1366 4157 1427 4214 loco
1448 4157 1576 4230 aperiens
1598 4156 1670 4211 idem
1693 4170 1760 4225 pro-

103 4237 253 4323 planitudo
263 4249 489 4323 importantium
498 4250 685 4312 beorFilium
694 4266 729 4307 cu
739 4248 903 4321 umidolut.
923 4283 948 4363 n
962 4247 1057 4316 pheta:
1073 4249 1153 4314 Ecca,
1166 4245 1263 4319 inquit,
1274 4249 1350 4320 otrpo
1364 4249 1504 4322 concipiet
1513 4250 1541 4303 et
1549 4248 1645 4318 parter
1654 4244 1761 4315 filium,

103 4353 144 4404 tv,
165 4336 200 4408 ll.
215 4335 348 4394 Nimirum
371 4334 512 4410 plenitudo
527 4345 554 4395 et
574 4336 740 4395 abundantia
765 4347 903 4411 tempora·
962 4339 992 4393 et
1000 4335 1147 4394 occulitur
1159 4351 1262 4392 nornen
1273 4338 1336 4409 ejus
1346 4337 1526 4403 Emmanuel,
1538 4335 1610 4409 quod
1618 4336 1761 4406 iuterpre-

103 4425 171 4483 lium
180 4423 345 4484 oblivionem
360 4434 388 4485 et
403 4426 522 4500 inopiam
536 4425 639 4484 iecerat
653 4434 829 4486 eternorum.
845 4426 903 4500 Op·
961 4429 1052 4490 tatur,
1063 4425 1210 4482 Nobiscum
1221 4427 1293 4483 Deua
1302 4427 1368 4496 (lac.
1378 4441 1427 4493 ιιι,
1437 4427 1493 4494 ll).
1504 4424 1591 4495 Quem
1601 4423 1673 4480 enim
1685 4422 1760 4494 prius

106 4522 223 4588 portuno
237 4530 305 4588 ergo
318 4523 382 4572 tunc
402 4515 513 4573 advenit
526 4515 676 4585 aeternitas,
692 4517 800 4590 quando
818 4515 905 4593 magis
959 4513 1066 4580 liorem,
1083 4513 1171 4586 ipsum
1187 4514 1287 4570 deinde
1301 4513 1526 4581 Emmanuelem;
1542 4523 1570 4570 et
1585 4526 1666 4584 quam
1680 4509 1759 4567 diae-

104 4610 291 4684 temporalitas
315 4610 492 4685 prevalebat,
520 4612 592 4670 Nam
615 4620 646 4671 ur
672 4620 771 4670 aarum
797 4611 903 4680 sileam,
961 4614 1003 4660 rat
1030 4604 1145 4678 virgam,
1170 4602 1340 4659 manifestius
1360 4603 1527 4676 exprimens,
1548 4601 1681 4678 virginem
1709 4615 1759 4656 no-

104 4698 165 4772 ipaa
180 4716 291 4777 quoqne
304 4715 357 4772 par
367 4700 577 4773 temporalisillo
587 4701 616 4757 iu
628 4709 751 4774 tempore
760 4709 834 4759 ιιιιιε
843 4699 903 4768 luit,
959 4693 1085 4751 minavit.
1111 4691 1166 4748 Sed
1181 4706 1295 4748 necesse
1308 4699 1351 4749 est
1364 4691 1487 4748 altissimi
1501 4692 1582 4761 hujus
1596 4691 1759 4748 sacramenti

103 4795 134 4844 ιιι
146 4787 181 4844 ud
198 4789 315 4849 bominis
324 4789 405 4849 unius
415 4789 535 4849 edictum
543 4790 746 4849 describeretur
759 4789 905 4848 universus
958 4782 1208 4840 considerationem
1232 4781 1287 4838 diei
1310 4781 1389 4841 alteri
1411 4798 1552 4842 reservare
1577 4798 1585 4838 :
1610 4781 1693 4853 digna
1716 4791 1759 4836 est

101 4875 178 4932 orbis
189 4860 269 4947 'lituu
286 4894 316 4948 n,
331 4880 369 4952 ι).
960 4870 1033 4930 enim
1058 4871 1168 4944 proprio
1182 4885 1309 4927 sermone
1324 4873 1449 4940 materia,
1463 4870 1614 4943 prasertim
1638 4870 1710 4943 quod
1731 4869 1758 4923 in

142 4968 185 5021 ld.
201 4965 314 5024 Habetis
326 4969 383 5038 jam
396 4977 424 5027 et
439 4984 586 5043 personam
610 4967 756 5035 venientis,
772 4975 801 5026 et
813 4968 902 5026 locum
958 4960 1071 5035 longum
1084 4963 1140 5032 jam
1156 4957 1303 5017 hodiernus
1317 4976 1407 5019 sermo
1421 4959 1595 5035 processerit.

103 5061 261 5126 utrumque,
277 5052 305 5110 id
320 5062 372 5120 esi,
387 5072 481 5130 aquo,
492 5065 521 5116 et
534 5055 569 5114 ad
583 5073 665 5132 quem
679 5057 754 5114 venit
768 5075 778 5112 ι
792 5073 902 5115 causam
1274 5049 1392 5108 SEllllO
1412 5050 1445 5108 ΙΙ.

107 5148 257 5217 quoquest
273 5149 380 5215 tempus
401 5159 456 5203 non
470 5146 614 5221 ignoratis.
639 5147 728 5205 Unum
751 5152 844 5211 restat,
859 5146 902 5205 via
959 5142 998 5199 De
1012 5142 1101 5198 omlis
1126 5142 1208 5198 isoio
1221 5142 1258 5199 od
1272 5141 1363 5198 Arbor
1378 5160 1416 5197 :t
1443 5142 1511 5198 Pete
1534 5141 1586 5196 titi
1607 5143 1721 5214 siquam
1740 5157 1756 5194 o

106 5232 209 5291 mulcet
222 5248 273 5306 per
286 5248 368 5306 quarn
387 5231 462 5290 venit
477 5254 485 5293 ι
501 5245 530 5292 et
542 5236 602 5295 haec
623 5251 734 5311 quoque
758 5235 902 5308 diligenter
996 5231 1116 5288 Domino
1130 5232 1184 5289 Deo
1199 5232 1247 5290 too
1270 5232 1303 5286 iu
1321 5229 1498 5304 profundum
1517 5231 1756 5302 insaniorem

105 5321 327 5397 rennuendum
338 5321 484 5395 possimus,
493 5324 565 5382 aiom
578 5325 691 5399 dignum
705 5333 758 5396 est,
768 5323 795 5384 ei
808 5318 902 5383 occur·
992 5318 1138 5379 occultum
1153 5337 1250 5394 supro,
1268 5339 1280 5370 ι
1300 5327 1353 5376 ειε.
1376 5318 1442 5391 (lau.
1457 5335 1505 5387 vn,
1523 5322 1626 5393 tt-tt).

109 5426 184 5489 rere,
208 5411 403 5481 Verumtamen
425 5412 543 5473 sicutad
557 5417 724 5489 operandam
745 5415 859 5476 mutam
872 5415 901 5474 in
994 5413 1020 5466 ι.
1048 5410 1208 5473 crotonas
1239 5409 1398 5467 suadentem
1429 5410 1488 5484 regi
1521 5410 1611 5467 achaz
1643 5410 1757 5480 isaiam,

112 5499 203 5559 medio
217 5508 297 5560 terrm
312 5503 388 5562 venit
401 5502 485 5561 semel
505 5502 628 5564 incarne
642 5506 766 5574 visibilia,
780 5506 818 5564 itu
831 5520 902 5579 quo·
958 5506 1054 5571 petere
1093 5501 1200 5572 agnum
1231 5514 1247 5554 a
1279 5499 1406 5573 Domino,
1434 5499 1492 5560 sive
1527 5499 1556 5555 in
1590 5499 1753 5573 protundum
