3734 5948
55 239 109 292 sot

556 230 601 286 ult
620 230 869 288 corvvltttstorttt
891 233 919 286 S.
942 232 1040 288 PAULl
1061 232 1181 291 SERllO
1199 235 1221 293 l.

1580 276 1584 281 ·
1648 250 1700 301 ³62

37 387 40 391 .
48 358 100 432 quq
112 360 168 430 jam
184 355 308 430 poenitet,
323 355 453 426 perlectae
475 355 662 412 conversionis
680 354 777 425 accipit
792 354 850 409 lor·
868 370 891 448 Α
909 354 977 419 Heu,
989 357 1059 411 nent
1080 357 1195 415 Domine
1209 359 1291 424 Deus,
1307 359 1370 430 quia
1386 361 1437 431 ipsi
1452 372 1516 418 sont
1530 365 1557 419 in
1574 381 1704 436 persecu·

50 464 137 503 mam.
154 445 222 517 Quis
236 445 364 515 desperet
387 444 457 499 ultra
471 458 521 515 pro
545 444 731 515 magnitudine
746 442 853 513 cujusli-

50 538 100 593 bet
122 535 253 603 criminis,
282 534 501 606 quandoquidem
517 535 625 589 Saulum
653 533 744 589 audiat
766 535 854 588 adhuc

52 626 205 697 spirantem
220 625 354 679 minarum
370 631 397 678 et
425 623 507 679 caedis
527 624 553 678 in
568 624 714 695 discipulos
736 623 851 689 Domini,

50 714 145 769 subito
160 713 259 768 lactum
274 727 322 768 vas
337 712 497 767 electionis?
522 712 588 780 Quis
611 712 683 767 dicat
706 711 854 783 iniqnitatis

51 803 177 873 pondere
206 817 331 872 pressus:
349 804 501 870 assurgere
515 802 569 870 jam
584 801 618 856 ad
632 800 721 855 studia
741 800 854 855 meliora

55 905 113 946 non
126 891 219 958 valeo;
234 890 343 961 quaudo
356 889 384 943 in
398 889 457 961 ipso
481 888 588 951 itinere,
617 906 671 961 quo
694 888 853 959 sanguinem

54 978 152 1035 sitiens
166 978 358 1046 Christianum,
377 977 462 1033 dirum
479 986 535 1034 toto
559 987 670 1048 pectore
689 979 764 1032 virus
780 977 855 1032 elita-

55 1067 114 1134 bat,
139 1074 301 1137 persecutor
324 1056 574 1120 crudelissimusin
599 1065 782 1120 tidelissimuur
809 1080 853 1118 re-

39 1177 42 1182 ’
54 1162 140 1226 pente
150 1161 269 1209 mutatus
278 1162 320 1208 est
330 1153 555 1225 praedicatorem?
571 1153 709 1226 Magnifice
720 1153 853 1226 siquidem

54 1244 82 1297 in
99 1244 150 1298 hac
163 1257 219 1297 una
232 1242 409 1298 conversione
424 1249 451 1297 et
469 1242 662 1298 misericordior
686 1241 853 1313 magnitudo,

55 1337 84 1384 et
98 1330 221 1386 ellicaeia
235 1330 330 1400 gratiae
343 1330 559 1385 cotnmendatur.

91 1457 119 1508 2.
129 1453 237 1522 Subito,
249 1452 285 1507 ait
295 1452 390 1518 Lucas,
402 1455 594 1526 circumfulsit
604 1472 667 1513 urm
680 1456 732 1511 trra
746 1455 780 1512 dc
789 1456 856 1513 erato

55 1544 131 1612 (Act.
148 1557 190 1611 tx,
207 1544 274 1613 ιδ).
290 1542 314 1599 0
329 1558 393 1599 ιειε
409 1542 604 1598 inaestimabilis
619 1543 718 1599 divitie
735 1544 856 1616 dignatio

55 1629 182 1704 pietatisl
198 1630 315 1686 lllustrat
338 1630 441 1687 coelesti
466 1630 570 1704 fulgore
594 1631 636 1688 vel
661 1631 766 1699 alona,
785 1633 856 1688 intus

55 1719 149 1776 adhue
162 1718 270 1775 luminis
285 1719 454 1791 incapacem:
479 1721 524 1792 qni
545 1721 662 1777 necdum
686 1721 788 1776 inlundi
804 1737 856 1793 po-

57 1815 139 1877 terat,
153 1807 242 1865 divina
257 1809 352 1863 sallem
380 1808 602 1865 circumfunditur
616 1809 747 1865 claritate.
759 1813 793 1866 ut
804 1828 857 1867 troc

47 1901 137 1970 *sacto
152 1902 203 1954 est.
225 1896 304 1954 Lucis
324 1904 351 1954 et
369 1897 443 1953 vocis
462 1897 614 1954 testimonia
634 1898 773 1954 credibilia
788 1897 858 1954 laeta

57 1995 124 2043 sunt
139 1987 231 2055 uineis,
242 2002 292 2043 nec
302 1987 425 2043 dubitare
443 1994 483 2042 est
507 1987 541 2043 de
565 1987 688 2055 veritato,
713 2005 774 2060 quae
796 2004 858 2044 sese

40 2075 158 2147 'ingerit
184 2092 235 2147 per
261 2066 541 2148 utrasque,oculorum
570 2075 672 2131 seilicet
699 2076 859 2149 auriumque

53 2153 203 2221 tencauda.
225 2165 268 2221 Sin
284 2164 421 2230 nimirum,
438 2164 475 2220 sic
492 2164 646 2220 intordane
657 2182 765 2238 quoque
776 2182 858 2238 snpra

56 2263 139 2328 eaput
163 2254 270 2311 Domini
298 2263 326 2310 et
346 2255 471 2312 columba
500 2255 634 2327 apparuit,
655 2263 683 2311 et
705 2273 756 2311 vox
769 2257 858 2312 sonuit

57 2346 168 2417 (narrt.
187 2360 228 2406 ιιι,
245 2348 287 2412 to,
304 2346 364 2417 tt):
382 2345 420 2401 sic
435 2351 463 2398 et
480 2343 624 2411 inmovile,
644 2344 753 2416 qnando
769 2351 857 2398 trans·

57 2434 192 2510 figuratus
207 2443 354 2491 estcoram
370 2433 519 2505 discipulis,
543 2440 570 2489 et
593 2433 701 2489 claritas
725 2433 780 2487 risa
805 2439 856 2501 est,

58 2533 85 2581 et
100 2541 152 2582 vox
168 2523 341 2580 nihilominus
357 2522 439 2578 Patris
454 2522 545 2577 audita
560 2523 668 2592 (llutth.
686 2537 755 2587 nvn,
770 2525 797 2586 ι,
813 2524 855 2590 bl:

59 2616 156 2680 Saule,
164 2614 256 2678 Saule,
265 2611 332 2685 quid
339 2611 584 2686 ⁴mcpcrsequeris?
597 2611 858 2682 l'eredcprchensus

59 2713 101 2763 est
124 2703 234 2759 Saulus:
261 2716 315 2756 non
346 2708 386 2756 εει
415 2699 601 2754 dissimulandi
630 2698 714 2764 locus,
738 2714 792 2754 uon
817 2706 859 2754 est

58 2794 175 2852 incultas
188 2792 242 2848 ulla
251 2790 381 2865 negandi.
398 2792 426 2844 ln
442 2790 566 2844 manibus
581 2797 643 2844 sunl
659 2789 780 2861 episto'ae
791 2806 856 2843 cru·

58 2883 206 2940 delissimae
220 2878 374 2952 legationis,
388 2879 554 2934 auctoritatis
573 2879 757 2943 exsecranda,
778 2886 858 2947 pote-

57 2971 137 3028 statis
151 2971 263 3042 iniquae.
287 2968 358 3037 Quid
374 2985 418 3024 mc
437 2966 633 3041 persequeris?
647 2966 693 3039 inq

56 3060 278 3135 persequebatur
292 3058 438 3126 Christum,
459 3057 505 3128 qui
525 3056 624 3110 Christi
638 3056 761 3111 membra
776 3058 859 3111 truci-

56 3151 142 3207 dabat
160 3148 187 3203 in
207 3147 305 3202 terris?
322 3148 364 3201 dn
384 3162 450 3202 vero
476 3145 612 3217 persecuti
636 3154 699 3199 suut
713 3144 858 3215 Christum,

57 3239 105 3314 qni
121 3236 332 3294 sacratissimum
346 3235 411 3290 illud
432 3250 531 3306 corpus
545 3232 633 3290 crucis
654 3232 768 3289 allixere
789 3235 860 3306 pati-

57 3329 135 3394 bulo,
148 3335 176 3383 et
191 3341 246 3382 non
257 3325 473 3396 persequebatur
488 3339 550 3379 eum
561 3322 607 3394 qui
623 3322 753 3378 adversus
762 3337 861 3394 corpus

58 3418 131 3487 ejus,
147 3415 221 3489 quod
234 3421 275 3468 est
289 3412 413 3468 Ecclesia
428 3413 481 3484 (est
496 3412 569 3467 enim
585 3427 685 3482 corpus
702 3414 763 3483 ejus
779 3411 860 3467 etiam

56 3507 140 3578 ipsa),
170 3504 232 3561 odio
262 3503 368 3557 furebat
394 3500 506 3572 iniquo?
530 3499 653 3572 Denique
674 3500 697 3556 si
719 3501 859 3573 proprium

57 3594 221 3668 sanguinem
236 3592 310 3648 dedit
325 3592 352 3646 in
364 3590 480 3662 pretium
495 3589 689 3661 redemptionis
700 3590 859 3655 animarum,

57 3677 113 3741 non
133 3682 182 3737 tibi
204 3681 311 3738 videtui·
324 3680 477 3754 graviorem
491 3679 526 3733 ab
553 3695 586 3735 co
604 3678 737 3734 sustinere
767 3695 860 3749 perse-

57 3773 206 3841 cutionem,
223 3770 269 3843 qui
283 3769 458 3842 suggestione
473 3767 600 3839 maligna,
629 3767 755 3839 exemplo
770 3766 861 3838 perni-

56 3864 143 3933 cioso,
163 3857 283 3917 scandali
295 3858 449 3927 occasione,
468 3856 564 3913 avertit
578 3857 613 3912 ab
627 3871 660 3911 eo
679 3856 782 3911 animas
793 3873 861 3928 quas

56 3951 182 4020 redemit,
204 3964 286 4021 qnam
304 3965 319 4001 a
336 3947 430 4002 tudaeo
441 3946 487 4017 qui
500 3945 663 4018 sanguinem
677 3944 750 4000 illurn
771 3942 861 3999 ludttt

93 4062 122 4116 3.
137 4055 298 4128 Agnoscite,
310 4052 488 4120 dilectissimi,
502 4061 529 4108 et
538 4053 711 4123 expavescite
726 4031 862 4109 consortia

56 4164 153 4205 eorum
172 4146 219 4220 qui
242 4146 357 4200 salutent
379 4143 531 4216 impediunt
553 4143 714 4201 annuarum.
740 4143 861 4197 Horren-

56 4239 124 4293 dum
145 4236 254 4308 penitus
272 4232 456 4305 sacrilegium,
477 4233 551 4304 quod
569 4242 596 4288 et
615 4232 738 4303 ipsorum
755 4232 862 4288 videtur

56 4415 205 4485 sacrilegas
219 4413 382 4482 injecerunt.
405 4410 552 4466 Videbatur
564 4411 620 4480 jam
630 4426 751 4466 cessasse
768 4426 861 4480 perse-

56 4502 176 4560 cutionis
203 4499 293 4558 956
323 4509 442 4571 tempus;
459 4501 519 4566 sed,
549 4506 578 4555 ut
591 4499 679 4570 palam
691 4499 791 4554 lactum
806 4506 860 4566 εει,

55 4605 199 4664 nunquam
213 4590 292 4645 deest
315 4588 469 4660 persecutio
496 4587 658 4656 Christiano,
691 4592 740 4642 sed
768 4603 858 4659 neque

55 4679 174 4736 Christo.
191 4679 227 4733 Et
249 4693 332 4745 nunc,
356 4676 428 4750 quod
439 4677 548 4748 gravius
570 4685 623 4744 est,
647 4675 700 4747 ipsi
723 4676 859 4732 Christum

54 4776 270 4841 persequuntur,
287 4765 333 4839 qni
347 4767 383 4822 ab
397 4782 430 4823 eo
444 4755 538 4838 utique
558 4765 701 4822 Christiani
720 4765 857 4821 dicuntur.

52 4856 143 4914 Amici
157 4856 206 4923 tui,
221 4857 304 4925 Dens,
321 4863 347 4912 et
366 4855 483 4927 proximi
502 4857 646 4912 adversum
666 4862 692 4909 te
707 4854 857 4926 appropin-

52 4953 210 5020 quaverunt
227 4952 255 5000 et
277 4951 421 5000 steterunt.
446 4944 610 5015 Conjurusse
631 4943 740 4999 videtur
763 4952 858 4998 contra

55 5042 83 5090 te
97 5033 262 5090 universitas
284 5032 377 5105 populi
392 5033 568 5089 Christiania
589 5031 700 5086 minimo
720 5046 805 5102 usque
823 5031 858 5086 ad

54 5122 218 5180 minutum:
239 5142 255 5178 a
278 5123 372 5196 planta
392 5122 471 5195 pedis
494 5121 628 5194 usquead
651 5120 778 5176 verticem
803 5136 858 5176 non

54 5221 99 5272 ost
117 5215 220 5268 sanitas
238 5211 305 5270 ulla:
327 5229 440 5286 egressa
459 5218 501 5267 est
519 5209 680 5281 iniquitusa
704 5208 858 5266 senioribus

51 5302 203 5374 jndicibus,
223 5302 330 5370 vicariis
345 5301 410 5373 tuis,
424 5301 471 5374 qui
484 5301 611 5357 videntur
621 5316 718 5371 regere
729 5303 858 5374 populum

55 5402 143 5450 tuum.
157 5393 218 5449 Non
233 5392 343 5462 estjam
358 5393 461 5463 dicere,
473 5394 502 5450 ltt
516 5392 652 5465 Populus,
670 5394 710 5448 stc
731 5393 859 5450 sacerdos

56 5484 136 5559 that.
151 5497 253 5553 xxxiv,
269 5483 313 5556 ιι);
330 5481 395 5555 quia
407 5497 461 5541 nec
475 5483 499 5540 si
518 5481 645 5559 populus,
662 5488 692 5537 ut
712 5484 852 5541 sacerdos.

139 5581 266 5650 Parnon.
288 5580 476 5650 clxxxttt.

908 443 981 499 tione
997 451 1040 498 tua
1056 446 1135 515 primi
1151 446 1197 518 qui
1214 447 1342 503 videntur
1360 449 1388 503 in
1407 449 1529 506 Ecclesia
1543 460 1589 509 tua
1608 456 1705 527 prima·

908 539 963 586 tum
982 533 1105 604 diligere,
1120 553 1218 607 gerere
1229 538 1424 608 principatuml
1441 543 1537 596 Arcem
1549 543 1704 602 Sionoccu·

909 631 1048 691 paverunt,
1061 625 1319 693 apprenhenderunt
1330 627 1502 690 munitiones,
1514 638 1542 686 et
1551 632 1705 689 universam

907 708 1036 778 deinceps
1049 710 1135 766 libere
1150 714 1343 782 etpotestative
1364 715 1473 770 tradunt
1491 717 1618 776 incendio
1636 721 1704 777 civi-

908 803 1000 852 tatem.
1017 799 1114 852 llisera
1133 816 1226 855 eorum
1246 803 1426 866 conversatio,
1445 804 1533 874 plebis
1552 815 1605 863 ture
1625 809 1706 865 mise·

909 884 1000 939 rabilis
1023 888 1163 941 subversio
1183 897 1233 943 est.
1255 890 1342 959 htque
1362 891 1464 944 utinam
1483 893 1540 948 sola
1562 896 1613 951 hac
1629 906 1706 967 parte

909 976 1052 1027 nocerent!
1074 975 1154 1028 Esset
1171 974 1241 1030 forte
1262 977 1308 1048 qni
1324 978 1462 1032 Dominica
1482 984 1659 1050 praemonitus
1677 995 1706 1041 et

907 1061 1084 1131 praemunitus
1110 1064 1307 1129 attrectatione,
1336 1067 1413 1119 daret
1438 1082 1552 1137 operam
1584 1072 1706 1142 ipsorum

908 1164 963 1203 uon
978 1153 1101 1221 exempla
1116 1152 1224 1217 imitari,
1240 1154 1288 1205 scd
1307 1154 1453 1209 observare
1471 1167 1616 1229 praecepta,
1630 1162 1705 1229 juxta

908 1238 986 1294 illud:
1006 1241 1072 1306 Quae
1090 1241 1190 1296 dicum
1203 1242 1301 1311 sucritc,
1313 1246 1340 1296 et
1353 1243 1390 1297 aa
1404 1260 1489 1314 opero
1504 1262 1603 1303 eorum
1617 1251 1706 1306 nolite

909 1330 1046 1399 respicere
1061 1328 1172 1398 (dcccl.
1191 1345 1268 1396 ιιιιι,
1286 1332 1323 1401 3).
1350 1331 1427 1385 Νιιιιε
1448 1339 1538 1388 autern
1564 1335 1619 1390 dati
1642 1345 1706 1392 sunt

909 1416 979 1471 sacri
994 1418 1095 1490 gradus
1110 1418 1137 1471 in
1153 1418 1327 1474 occasionem
1343 1419 1429 1489 turpis
1440 1418 1517 1482 lucri,
1532 1429 1559 1476 et
1571 1432 1706 1494 quaestum

909 1504 1044 1558 aestimant
1073 1505 1210 1576 pietatem.
1235 1506 1434 1577 Copiosissimae
1449 1508 1583 1580 siquidem
1598 1512 1706 1582 pietatis

910 1592 1084 1647 inveniuntur
1102 1594 1128 1646 in
1149 1593 1332 1665 suscipienda,
1351 1595 1405 1649 imo
1429 1596 1599 1667 accipienda,
1622 1602 1708 1675 magis

872 1668 894 1746 Β
910 1679 1062 1733 animarum
1076 1695 1156 1735 cura:
1173 1682 1219 1735 sed
1241 1682 1299 1738 lianc
1318 1682 1391 1752 apud
1413 1698 1461 1738 eos
1479 1700 1543 1739 eura
1563 1686 1661 1757 minor,
1681 1697 1708 1745 et

911 1770 946 1823 de
959 1766 1109 1822 animarum
1125 1769 1210 1823 salute
1224 1769 1369 1824 novissima
1380 1771 1508 1840 cogitatio
1521 1782 1572 1829 est.
1586 1777 1629 1831 dn
1643 1792 1708 1833 vero

911 1856 1042 1911 Salvatori
1057 1856 1206 1911 animarum
1221 1858 1330 1929 gravior
1344 1857 1398 1913 ulla
1412 1875 1474 1914 esse
1490 1870 1597 1930 poterat
1610 1880 1707 1936 perse·

911 1944 1003 1999 carior
1015 1943 1109 2014 Inique
1124 1952 1209 2017 agunt
1224 1952 1251 1999 ει
1265 1945 1356 2000 caeteri
1370 1953 1463 2000 contra
1478 1948 1624 2018 Christum,
1641 1953 1709 2009 niul·

913 2023 985 2095 tique
1007 2032 1071 2079 sunt
1098 2024 1197 2078 nostris
1225 2024 1394 2095 temporibus
1421 2025 1580 2086 antichristi.
1610 2032 1708 2087 llerito

912 2119 1002 2166 tamen
1017 2120 1045 2167 et
1059 2111 1237 2166 crudeliorem
1248 2127 1309 2167 enm
1323 2122 1417 2168 censet
1431 2115 1648 2182 persecutionem
1658 2133 1709 2190 pro

912 2198 1030 2268 acceptis
1044 2199 1195 2270 benefieiis,
1212 2207 1240 2255 et
1248 2198 1400 2270 graviorem
1411 2200 1494 2256 sentit
1504 2219 1551 2273 pro
1560 2212 1707 2276 potestate,

911 2303 991 2359 quam
1007 2287 1124 2359 propriis
1142 2287 1256 2343 sustinet
1270 2305 1285 2343 a
1305 2289 1447 2356 ministris3
1464 2290 1528 2348 licet
1540 2293 1585 2349 alii
1601 2312 1709 2368 quoque

911 2376 988 2430 multi
1002 2385 1096 2431 contra
1118 2376 1304 2446 proximorum
1328 2378 1441 2434 salutem
1465 2382 1621 2453 multifarie,
1641 2386 1711 2440 mul-

913 2465 999 2535 tisque
1014 2463 1101 2518 modis
1116 2470 1143 2518 et
1157 2462 1238 2519 variis
1253 2465 1440 2521 occasionibus
1454 2484 1536 2540 agere
1556 2471 1708 2530 videantur.

912 2555 975 2607 llaeu
990 2553 1063 2607 videt
1083 2552 1214 2617 Christus,
1240 2560 1267 2608 et
1285 2553 1359 2623 silet3
1377 2556 1434 2610 haee
1453 2557 1576 2613 Salvator
1599 2562 1708 2632 patitur,

912 2654 940 2698 et
954 2641 1112 2696 dissimulat.
1129 2643 1276 2712 Propterea
1290 2642 1490 2700 dissimulemus
1505 2655 1532 2700 et
1542 2663 1592 2704 nos
1602 2666 1710 2723 quoquo

913 2746 1025 2786 necesse
1049 2736 1101 2795 est,
1126 2737 1154 2784 et
1176 2729 1304 2784 sileamus
1332 2731 1450 2800 interim,
1480 2735 1650 2808 maximeque
1681 2738 1715 2795 de

913 2820 1031 2892 praelatis
1048 2818 1158 2883 nostris,
1173 2819 1309 2888 magistris
1323 2820 1507 2876 ecclesiarum.
1519 2824 1564 2879 Sic
1574 2826 1711 2895 nimirum,
1765 2823 1766 2826 ’

913 2908 952 2964 sie
967 2909 1054 2980 placet
1069 2916 1095 2962 et
1109 2906 1175 2976 ipsis
1190 2916 1218 2960 ut
1228 2907 1344 2961 evadant
1358 2925 1432 2964 nunc
1446 2916 1581 2965 humnnna
1596 2914 1711 2982 judicia,

695 2966 743 3022 ¹¹³²·
760 2969 897 3049 A¹¹¹¹⁰⁰ii
914 2997 1058 3068 veniatque
1073 2994 1156 3050 seniel
1170 2995 1301 3063 judicium
1316 3012 1399 3066 grave
1419 2998 1460 3052 his
1475 3000 1521 3069 qui
1536 3010 1666 3071 praesunt,
1684 3013 1712 3059 et

914 3093 1039 3157 potentes
1053 3082 1189 3154 patiantur
1204 3091 1337 3139 tormenta
1351 3092 1488 3155 potenter.

951 3176 977 3229 t.
994 3172 1103 3237 Vereor,
1118 3171 1297 3240 dilectissimi,
1313 3188 1347 3227 ne
1362 3172 1423 3245 quis
1438 3171 1507 3229 forte
1522 3174 1557 3230 sit
1575 3184 1604 3232 et
1617 3177 1644 3232 in
1659 3192 1711 3234 no·

915 3263 957 3319 bis
970 3261 1077 3317 Domini
1091 3270 1256 3331 persecutor,
1279 3261 1341 3333 quia
1360 3262 1502 3318 manifesta
1522 3264 1613 3320 docuit
1632 3268 1711 3337 ratio,

914 3352 1048 3423 impedire
1071 3352 1258 3417 salutem,esse
1286 3351 1413 3424 persequi
1440 3351 1616 3410 salvatorem
1639 3355 1715 3426 Quas

916 3457 966 3515 ego
977 3441 1012 3495 de
1031 3440 1117 3495 salute
1137 3439 1235 3494 atrimae
1257 3456 1326 3494 rtreae
1348 3440 1424 3494 tratri
1445 3440 1483 3494 illi
1505 3442 1607 3514 gratias
1630 3459 1714 3515 agere

915 3548 1035 3602 possum,
1050 3530 1095 3601 qui
1109 3529 1180 3583 inihi.
1189 3530 1315 3601 propinat
1330 3529 1505 3586 detractionis
1517 3532 1645 3589 l'raternae
1660 3550 1712 3590 ve·

915 3621 1034 3676 nenuml
1049 3619 1145 3674 blerito
1158 3618 1327 3674 detractores
1344 3620 1403 3675 Deo
1421 3618 1537 3674 odibiles
1551 3620 1712 3678 describun-

916 3719 959 3763 tur
972 3711 1060 3779 raom.
1076 3723 1096 3777 ι,
1112 3709 1168 3777 30),
1193 3714 1320 3778 tanquam
1338 3715 1538 3777 persecutores.
1558 3707 1629 3777 Quid
1648 3718 1676 3764 et
1689 3710 1714 3767 is

915 3798 961 3869 qui
976 3796 1100 3868 exemplo
1115 3811 1164 3855 suo
1176 3795 1211 3849 ad
1227 3795 1366 3851 remissius
1379 3795 1516 3865 agendum
1525 3804 1640 3855 caeteros
1654 3815 1714 3869 pro·

915 3893 1002 3953 vocal,
1025 3893 1071 3940 aut
1090 3883 1275 3959 singularitate
1294 3885 1392 3948 turbat,
1412 3891 1459 3938 aut
1476 3883 1608 3956 inquietat
1625 3887 1716 3944 curio·

916 3976 1059 4042 sitate,aut
1070 3973 1236 4046 impatientia
1247 3988 1296 4028 sua
1310 3982 1339 4027 et
1350 3975 1563 4030 murmuratione
1577 3975 1712 4047 molestat;

915 4071 961 4118 aut
980 4078 1141 4134 quocunque
1158 4061 1239 4118 modo
1253 4062 1394 4117 contristat
1412 4061 1543 4134 Spiritum
1560 4063 1611 4120 Dei
1624 4066 1671 4138 qui
1685 4066 1714 4121 in
1811 4103 1813 4112 ι

916 4152 957 4208 εἰε
969 4159 1018 4215 εει,
1036 4150 1221 4206 scandalizans
1242 4167 1323 4206 unum
1339 4151 1374 4206 de
1388 4151 1506 4206 mnrimis
1527 4153 1585 4207 istis
1599 4154 1714 4211 creden-

877 4273 900 4352 n
917 4241 989 4296 tibus
1002 4240 1030 4295 in
1048 4240 1130 4295 eum?
1156 4256 1246 4296 noune
1263 4250 1291 4295 et
1315 4240 1357 4294 hic
1381 4240 1524 4296 inanilestc
1544 4242 1715 4313 persequitur

56 4326 193 4383 exoedere
219 4324 334 4390 facinus,
366 4323 414 4395 lli¹¹¹
444 4322 559 4378 ⁰⁰¹¹¹i¹¹⁰
587 4320 735 4390 maiestatis
766 4337 863 4378 1111111118
916 4330 1072 4385 Christum?
1088 4330 1122 4384 bt
1136 4346 1202 4402 ergo
1222 4338 1427 4400 persecutorum
1445 4337 1473 4385 et
1490 4346 1601 4396 nornen,
1618 4339 1645 4386 et
1659 4333 1716 4388 cri-

916 4434 978 4473 men
988 4417 1069 4487 longe
1083 4417 1118 4471 sit
1128 4433 1236 4488 semper
1247 4434 1262 4471 a
1273 4419 1361 4484 nohis,
1375 4420 1490 4474 obsecro
1508 4434 1567 4486 vos,
1594 4420 1714 4476 dilectis-

915 4506 985 4575 simi,
1010 4506 1144 4577 benignos
1165 4521 1274 4574 semper
1298 4515 1325 4560 et
1347 4507 1427 4560 mites
1450 4507 1628 4562 exhibeamus
1651 4524 1711 4577 nos,

914 4594 1029 4651 invicem
1051 4601 1245 4663 supportantes
1269 4593 1392 4648 inomni
1415 4594 1552 4665 patientia,
1578 4597 1662 4651 etad
1686 4597 1713 4651 id

913 4682 988 4754 quod
1010 4681 1106 4736 melius
1130 4689 1157 4737 et
1182 4682 1330 4753 perfectius
1354 4690 1405 4747 est,
1431 4682 1590 4738 alterutrum
1615 4699 1713 4754 provo-

913 4780 1015 4828 cantes.
1040 4770 1106 4841 Quis
1129 4771 1201 4826 enirn
1224 4788 1319 4828 servus
1340 4769 1465 4828 sulficere
1488 4771 1537 4826 sibi
1559 4779 1636 4843 putat
1659 4788 1723 4829 non.

912 4861 1042 4932 persequi
1056 4861 1210 4928 Dominum,
1221 4861 1269 4917 scd
1284 4877 1335 4917 nec
1345 4861 1459 4932 obsequi
1470 4860 1606 4916 hormino?
1625 4861 1712 4932 Quam

913 4950 1052 5005 habiturus
1067 4959 1107 5005 est
1122 4951 1248 5022 gratiam,
1265 4950 1288 5004 si
1302 4958 1331 5005 ut
1345 4966 1398 5006 non
1421 4948 1533 5021 resistit,
1549 4950 1589 5006 sic
1603 4967 1654 5008 nec
1667 4966 1713 5007 ns·

912 5038 1119 5111 sistitquidcm‘t
1134 5039 1257 5110 Denique
1272 5038 1369 5110 siquis
1388 5038 1456 5093 adeo
1471 5037 1648 5109 pusillanimis
1659 5057 1712 5111 est,

912 5136 941 5184 ut
964 5129 1029 5183 satis
1052 5128 1104 5183 sibi
1129 5136 1238 5198 reputet
1260 5143 1312 5182 ner
1334 5135 1540 5198 persecutorem
1564 5145 1636 5194 esse,
1660 5145 1711 5186 nee

912 5219 1098 5288 coadjutorem
1112 5215 1198 5274 951
1215 5217 1276 5287 Dei,
1297 5217 1388 5271 audiat
1406 5217 1472 5290 quid
1491 5216 1550 5289 ipse
1569 5220 1709 5288 loquatur,

916 5310 969 5379 Qui
980 5324 1036 5364 noa
1044 5311 1085 5363 ast
1093 5323 1211 5377 incentu,
1219 5310 1318 5363 contra
1326 5323 1371 5363 me
1380 5311 1436 5374 est;
1447 5308 1532 5380 etqui
1541 5306 1714 5381 concolliot't

912 5415 1033 5462 mecum,
1049 5397 1184 5469 dispergit
1195 5397 1305 5468 (lluttlt.
1321 5385 1371 5463 itu,
1388 5397 1445 5469 30).

950 5491 977 5546 ὃ.
992 5487 1087 5557 Saule,
1110 5486 1204 5555 Saule,
1228 5483 1296 5561 quid
1318 5503 1362 5544 me
1386 5482 1584 5564 persequeris?
1602 5484 1635 5545 Et
1649 5483 1710 5552 itta:
