3734 5948
163 205 216 286 139
641 202 668 262 S.
688 201 854 264 studiant
872 199 1008 270 dilutus
1028 199 1335 267 alibutatttrtsts
1763 207 1818 271 titt

162 329 290 403 eamcisiu
302 332 383 404 (Gen.
394 345 465 400 xvir,
477 329 532 399 ιι).
549 326 604 383 Sed
623 327 684 400 quis
700 327 831 399 cognovit
851 342 961 384 sensum
976 360 1001 442 ss
1016 327 1255 401 malignitatum,
1268 326 1352 385 etiam
1364 326 1440 392 addit
1462 327 1669 409 ququequitur
1683 346 1693 389 ι
1708 332 1816 389 muodo

161 419 292 481 Domini?
305 428 351 481 aut
366 420 426 493 quis
449 417 619 475 consiliarius
636 419 696 488 ejus
711 417 786 474 initi
802 417 894 489 tuom.
919 431 968 489 ru,-
1015 415 1092 477 irtter
1108 417 1388 482 iunocentesmouot
1411 434 1499 483 meas.
1567 473 1570 479 ,

162 512 220 578 36.)
235 509 315 567 Adsit
330 525 403 566 nnnc
416 508 517 565 vestris
544 507 688 565 desideriis
712 509 859 565 advocatas
872 505 961 577 Spiri-
1050 508 1078 562 7.
1090 505 1192 570 Veram
1202 523 1263 563 cum
1274 506 1422 578 eligitesse
1443 506 1697 583 incongregatione
1714 508 1816 566 multo·

163 604 217 665 tus,
233 599 279 671 qui
294 606 431 655 scrutatur
446 597 500 654 alta
518 597 579 663 Dei,
594 605 622 652 et
636 597 770 653 edisserat
784 596 863 652 nobis
877 595 962 668 [alios
1015 612 1086 664 rum,
1098 596 1220 669 nunquid
1234 596 1323 672 eliget¹
1340 613 1401 653 esse
1415 596 1557 671 magister,
1582 596 1765 669 qainondam
1774 597 1817 653 di-

163 686 251 760 vobis]
266 697 466 754 sacramentum
480 686 552 742 istud
568 693 669 742 octavae
684 684 748 740 diei.
768 684 830 742 Non
857 684 963 756 ignora·
1016 685 1135 757 scipulns
1146 684 1205 751 init,
1222 692 1249 741 et
1275 686 1377 743 docere
1393 690 1464 759 qnod
1487 685 1581 742 didicit
1603 701 1741 759 nunquam
1752 689 1766 744 i
1779 687 1817 743 Et

162 792 224 833 mus
233 778 289 848 jam
297 786 426 848 oportere
432 776 563 833 hominen
573 774 648 830 nasci
658 774 763 837 denuo:
775 789 838 830 nam
850 779 962 846 propter
1019 774 1156 848 quomodo
1169 783 1215 831 avit
1229 775 1256 830 in
1278 791 1318 841 se,
1334 783 1380 833 ant
1393 775 1420 833 iu
1435 775 1495 831 eliis
1508 782 1598 832 motus
1616 775 1817 838 irrationabiles

162 865 217 922 hoc
232 867 355 922 meando
371 873 451 922 natus
466 873 508 921 est
523 862 573 923 Dei
586 863 680 922 Filius.
696 864 729 918 ln
743 862 863 934 peccatis
878 861 962 934 siqui·
1015 866 1115 936 poterit
1126 866 1299 938 temperaret
1310 866 1393 925 Nemo
1403 883 1528 941 unquam
1538 883 1744 924 coacervatione
1754 866 1817 925 odio

166 956 229 1012 dem
245 956 384 1014 nascimur
404 969 512 1024 omnes,
528 961 556 1009 et
571 968 685 1009 necesse
711 951 842 1008 habemus
856 950 963 1007 renasci
1019 953 1120 1012 habuit
1127 954 1240 1028 (Epiros.
1251 973 1281 1012 v.
1295 954 1505 1024 29).Quomodo
1514 971 1583 1030 ergo
1598 954 1712 1028 putatis,
1723 955 1748 1015 si
1756 956 1815 1026 jam

162 1042 304 1117 ingratia,
320 1058 402 1116 qnam
420 1041 449 1097 in
467 1041 631 1113 Baptismate
646 1039 757 1113 quidem
778 1039 961 1112 percepimus,
1014 1043 1146 1113 magister
1161 1061 1227 1099 suus
1246 1043 1326 1101 suerit
1341 1043 1403 1113 iste,
1414 1044 1480 1116 quin
1497 1043 1575 1101 facile
1592 1043 1645 1100 sibi
1658 1044 1815 1117 aliqnando,

162 1133 212 1199 sed
227 1132 298 1193 lieu!
322 1139 407 1188 totum
421 1131 503 1203 periit
526 1131 554 1186 in
577 1129 697 1186 saeculari
711 1130 776 1186 vita.
796 1129 876 1187 Nunc
906 1126 962 1201 pri·
1015 1146 1048 1186 eo
1062 1131 1178 1203 amplius
1193 1147 1247 1204 qno
1263 1131 1433 1198 familiarius,
1442 1132 1817 1189 condescendatilllncescat

161 1236 245 1290 mum,
261 1219 408 1278 miserante
422 1222 490 1290 Deo,
516 1219 600 1276 virtus
616 1219 709 1292 gratiae
732 1218 761 1272 in
774 1216 853 1275 nobis
865 1228 962 1287 opera·
1015 1219 1097 1291 igitur
1117 1218 1175 1279 dics
1185 1221 1384 1292 temperantiae,
1400 1228 1430 1277 ιιι
1444 1229 1549 1293 queret
1562 1221 1815 1293 quomodotempe·

162 1315 215 1380 tur,
226 1318 256 1375 ut
269 1310 299 1365 in
314 1312 433 1368 novitate
448 1311 509 1366 vitae
527 1307 708 1371 ambulemus,
728 1308 801 1379 Ergo
816 1314 880 1362 tunc
908 1319 960 1359 nu·
1016 1309 1070 1364 rari
1085 1315 1113 1365 et
1127 1307 1260 1369 refrenari
1269 1309 1379 1381 ,possint
1397 1308 1599 1367 incontinentes
1615 1317 1711 1367 ,motas
1733 1308 1814 1377 ualu-

160 1399 247 1456 scitnr
261 1401 351 1465 bomo,
367 1399 476 1471 qnando
505 1395 552 1453 Sol
576 1396 699 1466 iustitiae,
715 1407 791 1453 ortus
810 1394 837 1452 iu
857 1393 958 1459 animo,
1013 1397 1106 1471 ptatis,
1117 1397 1245 1456 bestiales
1264 1406 1354 1456 motus
1378 1397 1552 1467 curiositatis,
1577 1397 1711 1455 cervicosi
1723 1406 1815 1456 motus

160 1497 336 1561 peecatomnv
361 1486 495 1543 illuminat
509 1485 649 1554 tenebras,
667 1485 890 1557 horrendumque
909 1481 959 1539 Dei
1014 1484 1137 1542 elationis
1151 1501 1218 1543 suu.
1233 1485 1320 1558 Eligat
1333 1486 1459 1555 abjectus
1476 1502 1538 1542 esse
1553 1484 1581 1541 in
1595 1485 1676 1545 domo
1692 1484 1743 1546 Dei
1757 1485 1811 1554 sni,

159 1578 292 1649 judicium
307 1577 422 1634 internis
436 1574 576 1631 obtutibus
590 1573 682 1641 oilert,
697 1575 802 1631 addens
823 1573 858 1628 ad
873 1581 959 1629 terro·
1013 1582 1042 1633 et
1056 1575 1194 1644 subjectus
1214 1590 1276 1634 esse
1291 1575 1432 1650 magistro,
1447 1575 1499 1631 sub
1509 1588 1566 1646 quo,
1588 1573 1731 1650 frangatur
1754 1574 1815 1644 eius

160 1666 346 1725 risvinculum
361 1666 474 1725 brevem
489 1665 595 1721 dierum
610 1681 764 1734 nnmerum,
779 1672 807 1721 et
820 1663 903 1721 linem
917 1663 958 1718 in·
1013 1666 1147 1730 voluntas,
1163 1673 1191 1723 et
1205 1663 1369 1724 obedientia
1383 1661 1462 1724 freno
1478 1661 1702 1735 concupiscentia
1724 1662 1814 1735 repri-

159 1764 274 1812 certum.
290 1756 357 1812 llaec
375 1754 455 1826 plane
471 1769 586 1826 vespera
601 1763 653 1822 est,
668 1754 703 1809 ad
719 1770 801 1827 qaam
829 1753 957 1809 demora-
1014 1762 1113 1823 matur,
1129 1754 1219 1827 sitque
1234 1754 1307 1827 qnod
1321 1753 1359 1809 ait
1373 1755 1507 1824 propbeta
1523 1771 1531 1808 ι
1546 1752 1712 1826 imposuisti
1725 1753 1815 1811 mmi-

158 1844 232 1901 bitnr
250 1845 352 1918 iletus;
369 1853 397 1902 et
411 1860 526 1902 necesse
544 1853 587 1900 est
602 1844 665 1901 addi
689 1843 813 1899 matutini
825 1841 957 1908 laetitiam,
1014 1860 1064 1900 raes
1079 1845 1273 1917 superceptis
1283 1848 1381 1901 nostro
1395 1844 1483 1913 (Psoi.
1499 1857 1566 1911 nav,
1583 1842 1638 1914 li).
1655 1841 1720 1899 -Nec
1733 1839 1812 1902 dedi·

158 1942 189 1992 ut
216 1934 336 1991 auditam
356 1933 436 1992 iaciat
455 1932 534 1990 nobis
559 1932 774 1989 misericordiam
801 1947 888 1989 suam.
914 1930 959 1987 Sic
1013 1934 1153 2004 grandnm
1173 1948 1263 2003 servo,
1275 1933 1348 2006 qnod
1368 1930 1509 2003 praecessit
1521 1931 1549 1987 in
1568 1929 1704 2000 Domino;
1728 1928 1815 2002 siqni-

158 2022 233 2082 enim
244 2024 273 2079 lit
287 2039 402 2096 vespere
417 2030 445 2080 et
459 2038 541 2079 mane
556 2021 617 2079 dies
630 2038 710 2079 unos.
724 2022 774 2078 Est
792 2029 885 2077 autern
899 2019 958 2075 dies
1006 2023 1075 2079 -dem
1095 2038 1150 2078 nou
1167 2032 1209 2079 est
1232 2038 1328 2078 servus
1341 2021 1428 2091 major
1442 2019 1555 2079 domino
1569 2034 1620 2076 suo
1635 2020 1729 2092 (teon.
1746 2034 1812 2077 ιιιιι.

157 2112 340 2183 istajnstitiae,
351 2112 471 2169 reddens
486 2111 633 2184 unicnique
648 2109 721 2184 qnod
735 2126 814 2166 sunm
829 2117 870 2167 est
884 2126 892 2164 ε
908 2124 958 2166 no-
1014 2112 1069 2184 16).
1086 2111 1134 2167 llle
1149 2111 1225 2167 enim
1248 2125 1309 2166 cnm
1322 2111 1379 2181 jans
1402 2109 1536 2167 crevisset
1557 2114 1648 2180 aute,
1668 2106 1812 2180 snpientia,

157 2200 200 2256 bis
219 2201 369 2268 miseriam,
385 2199 602 2257 misericordiam
616 2200 684 2260 Deo.
711 2200 741 2255 ln
754 2200 806 2256 bac
828 2198 873 2254 die
888 2197 959 2253 Puer
1012 2208 1040 2256 et
1051 2200 1138 2272 gratia
1153 2199 1225 2271 apud
1238 2200 1327 2257 Deum
1337 2205 1364 2256 et
1381 2198 1527 2269 bomines;
1551 2186 1616 2255 curn
1631 2199 1689 2268 jam
1708 2196 1813 2256 duode-

156 2289 289 2358 oascitnr,
305 2289 415 2360 quando
429 2305 465 2346 ex
479 2289 521 2345 liis
547 2306 609 2361 quae
639 2288 765 2355 diximus,
787 2287 822 2342 ad
836 2301 958 2343 amorem
1012 2289 1066 2345 cim
1086 2304 1220 2345 annorum
1238 2297 1321 2358 esset,
1339 2295 1366 2344 et
1388 2286 1569 2344 remansisset
1592 2286 1621 2342 in
1645 2284 1808 2353 Jerusalem,

158 2378 331 2452 poenitentiae
346 2387 374 2434 et
389 2379 480 2435 odium
495 2378 601 2450 peccati
615 2378 721 2435 animm
735 2376 877 2433 eradatur.
1011 2378 1138 2435 inventus
1152 2392 1168 2431 a
1181 2379 1261 2434 beata
1273 2377 1384 2449 Virgine
1399 2384 1428 2435 ει
1440 2377 1553 2449 ioseph,
1575 2375 1654 2447 cujus
1667 2374 1742 2435 lilius
1764 2391 1814 2448 pn·

194 2465 281 2525 m
296 2470 323 2522 6.
339 2466 394 2523 Sed
409 2466 591 2538 periculosum
610 2473 653 2523 est
675 2466 698 2521 si
711 2464 780 2524 forte
798 2465 863 2522 velit
886 2464 959 2520 inter
1013 2467 1131 2535 tabatur,
1147 2465 1174 2521 in
1189 2465 1278 2523 medio
1287 2464 1443 2536 doctorum,
1451 2465 1568 2522 audens
1581 2463 1642 2522 illos
1653 2472 1682 2521 ct
1694 2462 1812 2524 interro-

90 2590 91 2594 =
157 2556 249 2614 saculi
263 2556 358 2613 turbas
371 2572 456 2631 agere
483 2555 684 2627 paenitentiam,
711 2554 758 2610 ubi
773 2552 900 2609 nimirum
913 2552 959 2608 alii
1015 2569 1101 2626 gans:
1118 2561 1208 2608 umen
1222 2552 1364 2609 descendit
1381 2567 1445 2611 etun
1476 2551 1813 2625 itaquetentantes

155 2645 299 2702 vanenmis
312 2645 545 2717 persuasionibus,
565 2643 611 2699 alii
624 2642 746 2717 undique
761 2640 893 2714 exemplis
907 2656 958 2713 pe·
1012 2643 1074 2700 iliis
1085 2643 1163 2714 (iae.
1177 2657 1207 2708 tt,
1221 2643 1331 2714 6261).
1346 2643 1379 2698 Ει
1394 2649 1424 2700 ιιι
1438 2658 1505 2715 ergo
1526 2641 1652 2719 sabditos
1677 2647 1815 2713 usupra

155 2734 261 2804 ioribus
275 2734 310 2791 ad
324 2742 466 2808 peccatum
489 2732 619 2802 alliciant,
640 2731 684 2788 alii
715 2729 915 2787 adulationibus
930 2729 957 2783 in
1012 2739 1076 2804 pter
1089 2731 1203 2788 illum,
1243 2786 1245 2790 ,
1619 2800 1623 2807 q

157 2839 257 2883 vanarn
271 2824 398 2897 gloriam,
413 2824 460 2879 alii
474 2821 690 2879 detractionibus
713 2821 741 2877 in
759 2818 958 2892 impatientiam
1049 2825 1076 2877 8.
1094 2821 1150 2878 Sed
1163 2821 1221 2892 jam
1234 2820 1283 2877 tibi
1297 2819 1326 2877 in
1335 2815 1401 2895 ipsa
1414 2821 1578 2879 obedientiae
1596 2821 1641 2879 vis
1654 2818 1745 2893 aliqua
1758 2818 1813 2878 ior-

155 2914 348 2984 animumeJ'us
363 2912 504 2984 dejiciant.
536 2910 668 2966 Procedat
693 2910 749 2980 jani
772 2923 885 2966 necesse
915 2915 957 2964 εει
1014 2911 1097 2967 ιεεείε
1114 2909 1183 2966 dura
1198 2917 1226 2966 et
1236 2925 1336 2983 aspera
1350 2926 1496 2969 occurrere
1509 2919 1637 2983 possunt,
1650 2909 1813 2982 ntaccipias

157 3004 313 3080 prudentiae
327 3001 428 3060 radius.
446 3001 579 3059 Ostendat
593 3007 709 3071 quantas
722 3007 750 3055 et
763 2998 956 3072 qnamimpor·
974 3030 998 3110 c
1015 3001 1152 3059 interdurn
1174 3008 1311 3074 praecepta
1338 3001 1479 3071 nonnulla,
1508 3017 1580 3073 qum,
1609 2999 1674 3057 licet
1695 2999 1814 3057 salubria

155 3101 248 3161 tnnas,
264 3093 423 3166 prasertim
445 3090 473 3148 in
487 3093 539 3147 hac
564 3090 743 3162 generatione
758 3103 886 3160 nequam,
903 3103 955 3157 op·
1015 3090 1079 3158 sint,
1094 3091 1186 3147 minus
1199 3098 1291 3147 tamen
1305 3091 1397 3148 suavia
1416 3090 1570 3147 videantur.
1580 3089 1646 3147 lloec
1664 3090 1687 3145 si
1697 3089 1811 3146 moleste

153 3183 336 3259 portunitates
351 3189 380 3238 ct
393 3181 554 3238 occasiones
582 3179 689 3253 peccati
716 3177 814 3235 olierat
837 3175 955 3232 muudus

156 3280 186 3329 et
203 3273 330 3346 ingerat3
353 3286 435 3342 quam
450 3269 549 3326 debilis
571 3269 607 3324 sit
619 3268 654 3323 ad
667 3267 727 3323 illas
745 3267 879 3323 humanus
892 3265 954 3322 ani-

154 3377 226 3428 mus,
237 3360 355 3416 maxime
371 3358 460 3431 quiin
475 3357 582 3430 pcccati
596 3356 795 3413 consuetudine
810 3356 846 3412 sit
873 3354 959 3412 nntri-

156 3459 209 3507 tas.
233 3451 265 3505 ln
279 3449 332 3504 hac
349 3463 417 3524 ergo
440 3448 487 3503 die
512 3446 662 3519 prudentiae
677 3445 761 3518 eligat
773 3444 809 3502 de
830 3444 959 3516 presenti

154 3537 258 3594 saeculo
268 3550 390 3608 nequam
400 3533 507 3610 ingere,
523 3535 618 3590 dicens
639 3549 700 3590 cnm
716 3535 867 3605 propbeta:
882 3534 959 3591 Odiui

154 3627 313 3686 ‹Emissiors
320 3625 559 3698 malignantium,
571 3629 600 3682 et
608 3640 673 3680 cons
679 3625 777 3696 impiis
792 3640 850 3680 cors
863 3623 959 3682 sedebo

1013 3181 1287 3253 coeperissustinere‚
1304 3180 1327 3235 si
1341 3179 1492 3251 dijudicare
1519 3179 1673 3253 prelatum,
1695 3179 1720 3235 si
1740 3195 1813 3235 mnr-

1012 3286 1122 3326 murare
1145 3270 1174 3325 in
1199 3272 1304 3336 corde;
1326 3269 1433 3326 euamsi
1452 3269 1574 3327 exterius
1595 3268 1710 3342 impleas
1738 3269 1812 3340 qnod

1011 3361 1133 3431 jubetur,
1149 3374 1205 3415 non
1220 3368 1263 3415 ast
1278 3359 1337 3415 baec
1350 3358 1436 3415 virtus
1449 3358 1589 3430 patientia
1599 3357 1728 3430 [fertem
1742 3357 1810 3412 obe-

1012 3447 1144 3520 dientiael,
1155 3448 1205 3503 scd
1219 3448 1402 3505 velamentum
1413 3448 1531 3507 malitiae,
1551 3447 1674 3505 Necesse
1685 3453 1727 3502 est
1743 3460 1812 3517 ergo

1013 3547 1042 3595 nt
1057 3539 1195 3595 illucescat
1208 3536 1422 3610 diespatientiae,
1438 3553 1487 3610 per
1501 3554 1583 3610 quarn
1597 3536 1688 3593 omnia
1702 3535 1771 3591 dura
1784 3544 1813 3592 et

1014 3643 1114 3700 aspera
1126 3626 1208 3682 tacita
1217 3625 1394 3698 amplectaris
1406 3624 1584 3696 conscientia,
1599 3631 1626 3681 ιε
1640 3624 1730 3696 magis
1740 3623 1813 3693 dijn·

95 3775 96 3778 ,
160 3718 250 3791 (Psoi.
274 3716 402 3787 xxv,5).
431 3715 487 3771 Sed
514 3713 637 3770 nondum
665 3711 765 3769 suffieit
792 3715 855 3769 boc.
879 3713 959 3769 Forte
1015 3718 1151 3774 dicanset
1174 3717 1268 3772 durius
1295 3733 1424 3789 arguens,
1444 3715 1488 3773 cui
1510 3714 1639 3777 nimirum
1667 3712 1814 3785 displicent

158 3806 233 3862 enim
255 3805 316 3861 vult
340 3804 445 3876 eligere
458 3802 642 3874 solitudinem,
659 3801 792 3858 nonsatis
818 3801 962 3858 attendens
1016 3824 1077 3880 quae
1091 3807 1253 3876 adsalutem
1267 3814 1349 3874 sunt;
1365 3804 1435 3862 etin
1450 3805 1615 3877 cogitatione
1630 3810 1675 3859 tna
1703 3818 1813 3874 sempor

159 3894 298 3967 propriam
307 3891 505 3959 infirmitatem,
516 3891 736 3964 elspericulosam
746 3889 959 3948 diubuliiucium.
1015 3905 1120 3971 partem
1132 3895 1266 3968 magistri,
1282 3893 1374 3968 quoad
1390 3900 1480 3965 potes,
1494 3893 1627 3949 adversus
1640 3889 1815 3962 temetipsum

160 3981 231 4052 Quid
250 3982 323 4038 euim
338 3980 518 4053 periculosius
531 3997 614 4053 quarn
641 3980 840 4038 solumlnctari
867 3989 963 4037 contra
1014 3987 1129 4056 juvans3
1147 3983 1300 4056 tequidem
1314 3981 1482 4038 inomnibus
1491 3995 1631 4049 accusare,
1640 3979 1731 4054 ipsum
1741 3992 1809 4037 vero

163 4070 267 4142 antiqui
282 4070 370 4126 bostis
383 4069 529 4139 versutias,
543 4086 559 4124 a
574 4084 628 4140 qno
642 4069 776 4140 videatur,
788 4077 815 4126 et
828 4086 911 4142 quem
925 4068 963 4126 vi·
1015 4074 1103 4146 magis
1118 4088 1248 4130 excusare
1258 4072 1398 4129 laborans.

51 4188 56 4196 ,
162 4162 228 4217 dere
243 4174 298 4215 non
313 4158 424 4231 possit?
435 4161 531 4231 ltaque
545 4160 601 4229 jani
612 4158 695 4215 babet
710 4160 895 4215 necessariam
908 4159 963 4216 ior·
1052 4167 1078 4220 9.
1100 4163 1183 4219 Porro
1197 4162 1225 4217 in
1240 4162 1293 4219 hoc
1314 4161 1374 4217 laco
1398 4161 1456 4231 jam
1469 4159 1621 4217 carendum
1639 4154 1815 4214 tibiarbitror

153 4247 415 4314 ,titudinisdiemnt
435 4249 542 4305 noverit
555 4247 762 4304 custodiendam
772 4249 806 4305 ad
818 4249 962 4307 Dominum
1017 4251 1185 4322 asaperbia.
1206 4253 1335 4324 ltlagnnm
1354 4256 1397 4305 est
1416 4246 1490 4303 enim
1504 4246 1615 4304 ommno
1637 4247 1677 4302 sic
1703 4244 1814 4303 vincere

163 4337 354 4395 fortitudinem
368 4353 458 4405 suam,
475 4344 503 4392 et
517 4337 545 4391 in
560 4337 620 4393 acie
634 4337 783 4392 multorum
797 4336 899 4408 pariter
912 4353 962 4409 pu·
978 4372 1001 4452 n
1018 4339 1209 4410 semetipsum.
1221 4341 1316 4399 lleiiur
1336 4343 1389 4404 est,
1408 4335 1445 4392 ait
1467 4335 1605 4406 Salomon,
1625 4336 1739 4410 patum
1753 4335 1814 4390 viro

163 4427 306 4500 gnantinm
320 4442 380 4483 csse
405 4427 589 4499 manendam,
606 4426 653 4481 nbi
679 4433 718 4483 tot
742 4433 805 4483 sant
832 4425 964 4481 auxiliarii
1004 4426 1752 4503 ‘scrinetquiiminuturanimosoo,expugnatura
1761 4439 1814 4497 ur·

153 4524 232 4591 quot
246 4517 324 4589 socii,
340 4522 368 4573 et
379 4516 504 4589 talesqui
518 4516 610 4572 dicere
621 4515 729 4587 possint
740 4515 938 4589 cumdpostolo
954 4536 961 4571 ι
1017 4521 1094 4578 ctum
1103 4519 1196 4587 (Prae.
1208 4519 1333 4592 xvrpaa).
1344 4515 1496 4575 Considera
1507 4511 1717 4586 suadentque
1731 4519 1814 4585 quarn

168 4608 241 4677 Quia
251 4623 310 4664 eeu
318 4609 486 4678 ignoramus
500 4607 623 4663 astutior
632 4608 743 4664 inimici
752 4607 787 4677 (ll
804 4604 962 4676 Contuli).

164 4695 350 4771 Congregetio
365 4696 438 4753 enim
447 4694 664 4768 prusortitudine
674 4712 723 4750 sna
733 4694 862 4752 terribilis
871 4701 923 4761 cst,
933 4700 964 4750 nt

164 4797 317 4842 castrorum
332 4785 406 4843 acies
419 4785 553 4841 ordinata.
570 4784 718 4840 Vae—autem
728 4783 791 4841 solil
804 4785 868 4857 quia
881 4784 903 4840 si
918 4799 964 4840 ce-

165 4872 273 4940 ciderit,
286 4890 341 4931 non
355 4874 440 4930 habet
454 4873 644 4929 sublevantem
658 4874 758 4943 (liccle.
768 4888 806 4942 iv,
821 4874 874 4947 ιο).
886 4873 963 4944 Quod

111 4971 114 4976 ’
167 4960 190 5016 si
204 4961 331 5033 cuiqnam
345 4979 379 5019 ex
390 4963 508 5036 antiquis
530 4961 653 5018 Patribus
668 4962 784 5035 gratiam
808 4963 878 5021 hanc
895 4978 962 5020 eon-

167 5063 274 5107 oesssm
290 5051 447 5121 andivimus,
462 5066 518 5107 non
532 5051 644 5124 expedit
662 5057 766 5109 temere
792 5068 822 5108 se
841 5053 963 5108 commit·

166 5145 224 5196 tere
239 5137 302 5194 huic
316 5139 449 5210 periculo,
469 5156 521 5197 nec
535 5147 644 5212 oportet
658 5148 763 5198 tentare
777 5142 876 5212 Deum,
892 5141 962 5198 sient

151 5237 193 5283 -et
207 5225 338 5300 magister
358 5237 466 5299 noster,¹
478 5229 512 5284 de
526 5230 702 5287 anachoretis
723 5230 840 5304 loquens
854 5250 862 5287 ι
881 5229 961 5300 uQui

140 5327 145 5335 '
164 5330 229 5387 non,
246 5316 372 5390 inqniau
392 5318 579 5376 conversionis
592 5319 700 5378 fervore
719 5320 822 5378 novitio
835 5320 911 5391 (lieg-
932 5323 960 5377 S.

164 5407 318 5464 Benedicti.
335 5420 395 5479 cap.
412 5411 450 5479 t),
467 5425 481 5460 ε
499 5415 553 5465 etc.
568 5410 662 5481 ltaque
676 5410 704 5466 in
731 5411 783 5467 bac
799 5409 963 5465 fortitudinis

163 5495 208 5552 die
223 5494 296 5552 adid
310 5496 451 5570 quodiam
460 5505 592 5569 coeperat,
607 5497 634 5553 id
649 5507 701 5569 est,
720 5500 797 5558 ddici
806 5499 962 5558 Εεείειιιιιιι

1016 4606 1159 4664 manifeste
1179 4608 1314 4681 propbeta
1337 4606 1436 4662 doceat
1464 4602 1650 4660 necessariam
1677 4617 1742 4658 esse
1764 4601 1815 4657 bu·

1017 4697 1159 4754 militatem
1173 4704 1236 4770 post
1244 4693 1532 4770 patientiamdicens:
1548 4691 1816 4750 Verumtamemllee

1016 4876 1176 4946 mcaffsel.
1192 4890 1250 4948 ιιι,
1266 4876 1304 4948 6).
1315 4876 1413 4932 Nonne
1426 4870 1587 4929 ridetnrlric
1609 4868 1816 4939 accamonepa-

1017 4965 1117 5023 tientiae
1131 4966 1307 5024 tentationem
1322 4965 1442 5021 sensisse
1464 4960 1624 5034 superbiat
1638 4960 1761 5016 Necesse
1772 4964 1816 5014 est

1017 5071 1083 5129 ergo
1104 5063 1134 5110 ιιι
1157 5055 1291 5113 illuminet
1314 5071 1363 5112 cor
1383 5061 1459 5109 tunm
1482 5048 1575 5105 radius
1594 5046 1763 5116 bumbula,
1788 5054 1816 5102 ει

1016 5144 1136 5201 declaret
1145 5145 1211 5218 qaid
1226 5163 1241 5201 a
1257 5154 1282 5202 te
1297 5145 1342 5212 sit,
1375 5141 1440 5216 qnid
1468 5155 1484 5194 a
1510 5140 1579 5208 Deo,
1605 5146 1709 5194 utnon
1729 5135 1816 5193 altam

1016 5235 1116 5307 sapias,
1141 5234 1270 5308 qnoniam
1293 5235 1369 5289 Deus
1381 5229 1509 5303 superbis
1533 5227 1646 5297 resistit,
1667 5224 1815 5282 hunilibns

1016 5323 1062 5379 dat
1077 5324 1191 5397 gratiam
1202 5325 1273 5397 (iac.
1288 5337 1328 5391 tv,
1343 5322 1383 5390 6).

1053 5418 1097 5470 ld.
1112 5415 1172 5470 iant
1186 5429 1253 5471 vero
1266 5411 1365 5469 cumin
1379 5406 1626 5468 bisdintittsincris
1636 5404 1815 5475 exercitatas,

1017 5518 1084 5577 roga
1098 5504 1157 5561 dari
1172 5501 1222 5560 tibi
1234 5501 1501 5572 devotionislnmon,
1516 5500 1590 5558 dmm
1599 5495 1815 5568 serenbsinrsnr,
