3734 5948
169 264 223 319 aar
632 250 1359 313 s.ananannrxaaxnscmaavxmansrs
1768 222 1834 315 aos'

169 391 306 443 testatur:
322 378 506 439 Provideborn
525 380 677 436 Dominam
691 380 722 434 in
741 381 890 450 imperta
903 392 965 435 meo
982 392 1006 470 Α
1023 388 1132 451 captare
1155 381 1312 453 praesentia,
1335 388 1390 437 tam
1409 377 1575 436 seaculariter
1590 379 1751 438 transitoriis
1764 370 1834 438 uti-¹

167 491 287 549 semper,
299 474 430 548 monam
445 488 463 526 a
476 469 586 526 dextris
604 472 646 525 cst
659 469 732 526 milti
744 483 781 524 nc
794 481 967 524 commovear
1021 468 1142 526 litatibus
1151 469 1315 542 adgaudere,
1335 469 1369 525 ad
1384 477 1554 526 terrenarum
1568 467 1666 524 damna
1684 470 1728 527 vel
1742 464 1837 544 mini-J

170 565 258 636 (Pani.
268 578 317 630 xv,
332 562 371 633 8).
381 558 508 632 Nunquid
518 573 572 614 nou
582 569 610 613 et
618 557 687 612 illius
697 572 805 612 manum
814 555 966 621 dexteram,
1022 575 1065 613 ma
1084 559 1240 616 facultatum
1252 566 1305 614 tam
1322 557 1529 631 pusillanimiter
1546 558 1660 625 turbari,
1676 566 1729 614 tam
1765 578 1837 623 car·,

170 662 198 712 et
219 653 304 710 solam
323 666 383 707 eam
396 659 475 722 putas
490 651 629 705 dexteram
647 646 778 712 tenuisse,
789 647 867 717 cujus
885 653 968 701 totam
1023 648 1120 704 naliter
1132 664 1215 721 super
1235 649 1277 704 his
1291 649 1442 716 decertare,
1476 646 1631 703 discurrere
1655 656 1709 703 tam
1734 638 1838 723 impu-²

170 744 200 798 in
215 742 371 798 facultatem
386 739 487 811 pariter
502 747 530 793 et
542 736 570 791 in
585 734 788 791 carnemlicere
804 750 900 806 passus
914 741 967 802 est,
1024 738 1129 805 denter,
1145 745 1199 793 tam
1213 736 1373 809 irreligiose,
1395 735 1570 794 saecularibus
1598 752 1660 793 sese
1683 738 1826 810 implicare

171 830 305 905 quidquid
327 828 413 885 libere
437 827 576 882 visumest
601 823 744 879 inimico?
773 825 969 895 Verumtamen
998 826 1150 896 negotiis,
1175 843 1206 883 ac
1225 827 1247 882 si
1268 827 1320 882 hoc
1338 834 1411 882 esset
1434 829 1493 881 tota
1517 840 1612 881 eorum
1635 827 1737 898 portio,
1762 829 1825 886 hac

170 924 309 984 enimam,
323 916 421 989 inquit,
433 916 493 986 ejvs
507 930 587 971 aaron
601 913 661 985 (tob
671 929 702 978 u,
719 914 759 982 6).
775 912 886 968 Utinam
903 910 969 966 mihi
1024 915 1150 970 universa
1168 915 1330 971 substantia.
1345 914 1482 971 attentius
1498 929 1566 970 sane
1580 915 1701 987 agricola
1720 923 1826 989 paupe

172 1026 283 1083 semper
301 1003 429 1063 adextris
451 1004 499 1070 sis,
531 1003 596 1059 Jesu
620 1002 707 1059 bonel
735 1003 837 1060 utinam
860 1016 971 1073 semper
1026 1020 1084 1060 rem
1107 1004 1206 1061 excolit
1229 1003 1352 1070 lundam,
1378 1002 1427 1060 sed
1450 1004 1493 1059 cui
1527 1002 1597 1060 forte
1625 1003 1698 1060 nulla
1709 1005 1828 1077 amplior

175 1106 271 1156 teneas
290 1109 399 1150 manum
414 1093 537 1149 dextram
551 1093 659 1149 meaml
680 1091 742 1148 Scio
756 1091 829 1147 enim
844 1098 972 1147 etcertus
1025 1092 1205 1165 pretiosiorve
1227 1093 1261 1148 sit
1280 1092 1428 1170 possessio.
1443 1090 1594 1148 buccellam
1618 1093 1697 1164 panis
1718 1093 1746 1150 in
1765 1094 1838 1168 sinu

174 1203 235 1244 sum
248 1182 377 1258 quoniam
398 1181 472 1238 nulla
486 1179 597 1238 nocebit
610 1180 771 1251 adversitas,
786 1180 809 1235 si
822 1178 896 1236 nulla
919 1180 972 1234 do·
1027 1197 1076 1238 suo
1090 1181 1232 1238 mendicus
1245 1182 1400 1249 abscondit,
1415 1181 1487 1254 quod
1498 1181 1525 1236 in
1538 1182 1662 1238 saccellis
1675 1182 1730 1238 suis
1738 1183 1829 1239 solum

173 1271 447 1345 mineturiniquitas.
478 1270 634 1326 Tondeatur
657 1269 765 1325 interim
790 1276 818 1326 et
846 1268 974 1325 tundatur
1028 1273 1079 1327 hoc
1093 1271 1195 1327 metalli
1208 1287 1296 1346 genus
1322 1270 1465 1344 eruginat.
1491 1270 1531 1326 Tu
1555 1270 1620 1344 quid
1643 1272 1681 1326 ita
1696 1278 1829 1328 extremas

176 1363 316 1421 sinistrum
330 1361 427 1429 latus;
450 1359 572 1431 pulsetur
592 1358 710 1429 injuriis,
725 1357 866 1414 vellicetur
879 1371 977 1429 oppro·
1028 1359 1091 1416 buic
1110 1360 1272 1433 paupertati,
1293 1360 1450 1434 etquidem
1474 1360 1578 1433 proprii
1600 1360 1671 1417 male
1695 1360 1830 1433 prodigus

177 1454 244 1512 briis
270 1468 278 1506 ι
303 1451 392 1506 libem
414 1447 480 1504 illud
499 1461 616 1520 expono,
646 1446 710 1501 dum
734 1463 751 1502 a
771 1455 798 1503 te
826 1445 974 1516 custodiar,
1029 1448 1141 1517 laboris,
1169 1449 1325 1506 incumbis?
1352 1451 1401 1504 Est
1423 1457 1452 1504 et
1473 1449 1525 1505 alia
1544 1448 1593 1505 tibi
1611 1449 1761 1522 possessio,
1776 1448 1831 1507 etsi

179 1541 327 1599 dummodo
341 1538 378 1595 sis
391 1536 451 1610 ipse
464 1536 599 1608 protectio
611 1550 673 1592 maa
686 1551 769 1608 super
781 1551 891 1592 manum
907 1535 976 1590 dex·
1030 1537 1099 1595 lorte
1111 1547 1226 1595 remota.
1242 1540 1333 1594 Erras.
1348 1537 1394 1594 Nil
1409 1548 1463 1594 tam
1477 1553 1563 1612 prope
1577 1553 1638 1604 nos,
1656 1555 1737 1611 quam
1753 1537 1831 1612 qnod

178 1640 264 1689 teram
280 1644 378 1685 meam.
1031 1628 1101 1682 intra
1115 1642 1166 1684 nos
1179 1635 1231 1684 est.
1245 1628 1282 1682 At
1296 1626 1367 1684 forte
1381 1642 1435 1683 non
1451 1627 1559 1700 quidem
1578 1626 1685 1700 lougius
1694 1627 1826 1700 positam,

216 1723 261 1776 ts.
277 1718 357 1774 Forte
372 1716 455 1773 etiam
469 1713 543 1771 mille
557 1713 634 1785 quia
653 1712 774 1770 sinistris
797 1712 886 1770 casuri
900 1721 975 1784 sunt,
993 1707 1015 1785 Β
1032 1715 1080 1772 sed
1099 1716 1220 1772 inutilem
1234 1731 1294 1772 esse
1317 1716 1447 1783 causaris,
1462 1724 1493 1772 ut
1520 1716 1563 1773 bic
1585 1715 1632 1771 tibi
1651 1716 1829 1787 quaerendam

175 1807 304 1864 -bomiues
318 1805 404 1881 magis
417 1802 586 1878 intelligendi
596 1808 667 1869 suut,
681 1818 761 1874 quam
771 1801 919 1858 daemones.
930 1801 978 1857 llic
1034 1807 1121 1877 magis
1147 1805 1339 1861 sufficientiam
1362 1813 1453 1876 putes.
1479 1804 1608 1860 Falleris:
1629 1805 1666 1859 ibi
1689 1805 1776 1880 magis
1791 1804 1834 1861 in·

181 1895 308 1952 nimirum
320 1894 400 1952 nobis
413 1892 522 1948 nonnisi
535 1891 570 1947 ob
595 1890 757 1961 temporalis
786 1889 912 1962 quaelibet
927 1890 978 1944 sd·
1032 1895 1136 1962 venies,
1150 1895 1205 1951 imo
1220 1910 1274 1950 noo
1290 1894 1414 1951 invenies
1429 1893 1480 1949 nisi
1499 1893 1545 1949 ibi.
1563 1895 1608 1949 dn
1626 1909 1692 1950 aero
1711 1886 1833 1951 aesdmrm

179 1991 323 2045 versantur
337 1991 365 2040 et
380 1981 534 2038 transitoria
550 1981 631 2045 bona,
648 1995 708 2051 quae
722 1977 834 2050 quidem
857 1990 904 2035 aut
928 1993 979 2033 nos
1033 1984 1106 2056 qnod
1120 1983 1284 2055 veloperam
1296 1990 1368 2038 tuam
1379 1998 1434 2039 non
1445 1981 1599 2055 erigat,vel
1616 1983 1833 2055 minnsrespou·

178 2076 282 2132 babere
296 2072 429 2133 invidiosa
451 2069 620 2143 malignitate
639 2067 788 2140 suspirent.
804 2073 852 2123 ³1¹1
877 2066 980 2139 eupidi—
1034 2072 1097 2128 deat
1110 2072 1395 2145 operantitautcerte
1409 2073 1505 2129 intuto
1520 2070 1611 2128 credis
1627 2086 1688 2128 esse
1702 2070 1832 2141 locatam,

179 2172 235 2221 tate
252 2164 353 2235 injusta
367 2175 429 2219 sese
442 2158 533 2232 potius
556 2157 669 2214 doleant
682 2171 739 2213 uon
758 2156 872 2212 babere.
897 2156 979 2213 Forte
1036 2177 1087 2217 nec
1120 2161 1175 2217 ulla
1198 2160 1328 2232 deinceps
1356 2159 1534 2217 sollicitudine
1562 2159 1682 2217 custodis
1715 2176 1799 2233 egere

179 2253 252 2310 enim
264 2251 358 2310 mundi
367 2251 448 2321 hujus
456 2246 701 2306 conanturauiarre
712 2245 899 2311 substantiam,
910 2244 979 2302 torte
1035 2249 1183 2320 Quodlibet
1202 2251 1298 2306 horum
1323 2250 1425 2321 sapias,
1444 2249 1512 2306 scito
1526 2249 1598 2321 quod
1615 2248 1733 2321 desipias
1746 2251 1833 2306 vehe-

180 2342 302 2399 iavorem
324 2338 474 2404 bominum,
506 2337 576 2394 forte
604 2338 690 2409 ipsam
718 2349 862 2408 corporum
885 2334 977 2392 vitam
1032 2347 1149 2396 menter.
1175 2339 1213 2394 lbi
1240 2340 1312 2394 enim
1345 2338 1543 2411 quammaxima
1568 2355 1628 2410 quae
1656 2339 1832 2395 seminaverit

180 2432 274 2504 Usque
288 2430 341 2484 buo
355 2425 452 2484 saevire
463 2425 580 2482 bumana
595 2424 750 2497 persecutio
761 2432 864 2497 potest3
881 2425 979 2480 anima
1033 2429 1124 2492 laonio,
1153 2430 1209 2483 baec
1223 2435 1251 2482 et
1279 2433 1363 2483 metet
1378 2427 1522 2499 (ld.vr,8).
1552 2426 1654 2482 Sedet
1677 2426 1725 2499 qui
1747 2442 1832 2500 parce

180 2534 247 2578 vero
258 2532 312 2575 non
324 2516 426 2572 babent
435 2511 499 2585 quid
514 2511 623 2569 iaciant.
640 2513 709 2568 Nam
719 2513 859 2569 daemones
868 2512 978 2585 quidem
1031 2513 1157 2582 seminat,
1173 2520 1406 2583 parceetmetet;
1419 2511 1465 2583 qui
1479 2511 1582 2568 veroin
1594 2509 1832 2567 benedictionibus

176 2622 296 2682 superna
311 2605 390 2663 nobis
404 2611 432 2660 et
453 2613 556 2659 eterna
570 2601 659 2674 potius
670 2601 796 2657 invidere
819 2609 977 2670 noscuntur,
1031 2599 1219 2667 seminaverit,
1233 2600 1268 2656 de
1288 2599 1525 2656 benedictionibus
1543 2607 1571 2655 et
1593 2605 1678 2656 metet
1701 2599 1753 2671 (ll
1766 2601 1830 2657 Cor.

176 2713 233 2755 non
247 2705 339 2753 tamen
353 2702 384 2751 ut
397 2693 449 2749 sibi
459 2691 549 2756 cedat,
564 2690 638 2762 quod
654 2688 869 2762 irreparabiliter
884 2690 979 2747 amisa·
1032 2704 1072 2758 tx,
1088 2691 1127 2760 6),
1152 2697 1182 2745 ut
1196 2688 1276 2745 iaciat
1289 2705 1373 2745 unum
1396 2689 1572 2756 tricesimum,
1588 2704 1671 2745 uuam
1684 2689 1827 2764 sexagesi-

177 2794 259 2854 mnt;
284 2786 334 2841 sed
357 2798 392 2839 ne
416 2781 480 2839 illuc
503 2793 608 2852 pauper
626 2780 661 2834 de
689 2778 801 2850 pulvere
834 2779 977 2835 suscitatus
1030 2795 1116 2848 mum,
1135 2794 1218 2835 unam
1231 2778 1417 2836 cenmsimum.
1442 2778 1532 2834 llabes
1555 2785 1646 2835 autem
1662 2778 1831 2844 thesaurum,

120 2885 122 2889 '
175 2874 301 2940 accedat,
317 2871 390 2929 unde
404 2869 456 2943 ipsi
470 2869 497 2923 in
521 2867 607 2940 gloria
631 2866 734 2924 conditi
762 2865 977 2939 irreparabiliter
1030 2867 1113 2924 istum
1129 2868 1156 2922 in
1171 2867 1243 2922 vasis
1253 2865 1391 2937 fictilibus,
1408 2866 1430 2922 si
1444 2875 1535 2923 tamen
1554 2865 1643 2923 adhuc
1655 2865 1749 2923 habes.
1762 2866 1831 2924 Puto

176 2963 347 3020 ceciderunt.
377 2958 534 3031 indignatur
553 2964 581 3012 et
609 2955 696 3012 livore
710 2954 824 3010 tabescit
842 2953 976 3011 obstinata
1031 2957 1114 3027 enim,
1131 2959 1187 3029 jam
1210 2955 1334 3022 amisisti,
1359 2965 1436 3027 puto,
1459 2957 1515 3026 jam
1538 2955 1660 3012 sublatus
1674 2960 1734 3024 est3
1750 2964 1829 3028 puto,

176 3050 332 3123 malignitas
367 3048 513 3104 humanam
532 3044 706 3116 fragilitatem
733 3042 868 3115 obtinere,
902 3043 973 3114 quod
992 3013 1014 3092 c
1030 3047 1085 3118 jam
1101 3047 1280 3103 comederunt
1294 3044 1375 3101 alieni
1405 3043 1489 3100 robur
1512 3053 1597 3111 tuum,
1625 3052 1653 3100 et
1680 3044 1830 3120 ignorasti;

175 3142 295 3198 retinere
308 3139 368 3211 ipsa
382 3153 437 3194 non
451 3136 559 3192 meruit.
571 3134 626 3191 Sed
640 3134 691 3190 etsi
705 3132 814 3205 quaudo
824 3131 895 3188 forte
915 3130 976 3188 cui·
1031 3152 1082 3192 nec
1096 3144 1175 3208 potes
1195 3136 1322 3192 thesauro
1343 3142 1390 3191 tuo
1413 3149 1460 3190 cor
1482 3147 1633 3205 apponere,
1658 3133 1758 3205 quippe
1783 3133 1830 3206 qui

174 3230 214 3287 vis
228 3227 388 3300 temporalia
424 3226 523 3281 damna
550 3233 597 3279 aut
620 3223 723 3279 inferre
756 3231 899 3288 conantur,
931 3229 977 3277 aut
1032 3226 1188 3281 thesaurum
1210 3223 1298 3296 ipsum
1322 3239 1376 3280 non
1397 3221 1509 3279 babeas.
1530 3221 1668 3296 Alioquin,
1682 3236 1776 3294 quaeso
1792 3231 1831 3289 ιο,

175 3318 343 3393 gratulantur
365 3313 479 3382 inferri3
495 3315 553 3368 baec
567 3327 661 3369 eorum
676 3318 732 3368 tota
757 3311 859 3367 molitio
873 3317 926 3376 est,
947 3315 976 3366 ul
1031 3315 1118 3370 sitam
1133 3312 1263 3370 sollicitus
1282 3328 1323 3379 es,
1339 3311 1362 3367 si
1381 3327 1432 3368 uec
1447 3311 1558 3366 minima
1581 3311 1699 3383 spernis,
1719 3311 1742 3365 si
1773 3320 1828 3366 tam

173 3407 280 3476 jactura
303 3402 424 3459 exterior
445 3400 489 3458 vel
504 3399 592 3456 eidem
602 3397 663 3470 ipsi,
674 3398 718 3455 vel
728 3398 806 3453 alteri
819 3398 927 3455 occasio
941 3397 977 3453 sit
1032 3401 1181 3475 prudenter
1205 3416 1299 3457 servas
1313 3401 1406 3474 paleas
1419 3408 1479 3456 tuas
1495 3417 1503 3468 ;
1519 3400 1600 3456 etiam
1615 3399 1743 3455 bomaum
1754 3405 1833 3455 tuum

172 3493 282 3549 iuterna
303 3507 309 3546 :
333 3490 403 3546 sicut
427 3487 570 3560 aregione
591 3487 725 3552 homines,
740 3488 848 3558 quoties
863 3501 896 3541 et
914 3502 976 3541 sua·
1031 3507 1141 3548 servare
1149 3498 1288 3547 memento
1300 3496 1329 3546 et
1337 3488 1485 3546 custodire.
1497 3489 1555 3546 lmo
1565 3503 1630 3546 vero
1640 3502 1696 3543 non
1705 3502 1832 3560 exponas

177 3582 244 3639 dere
258 3579 348 3649 nobis,
365 3587 411 3634 aut
425 3576 548 3650 quolibet
562 3575 643 3632 modo
659 3572 768 3631 efficere
782 3581 887 3646 curant,
903 3575 977 3632 unde
1032 3582 1186 3637 tnesaurum
1201 3588 1287 3640 tuum,
1302 3579 1348 3650 qui
1372 3577 1411 3634 sic
1432 3577 1544 3634 incubas
1572 3575 1741 3650 sterquilinio
1770 3583 1832 3633 tuo.

171 3671 296 3744 'dextera
318 3676 412 3724 nostra
429 3665 554 3733 laedatur,
575 3680 629 3721 non
644 3664 697 3721 hoc
711 3662 822 3736 quidem
841 3664 978 3736 principa·
1037 3669 1117 3725 Forte
1136 3670 1209 3726 enim
1224 3668 1290 3724 illud
1314 3668 1363 3723 tibi
1382 3667 1507 3724 invident
1520 3665 1604 3735 mille,
1620 3665 1669 3722 sed
1687 3665 1769 3721 istum
1784 3665 1832 3721 ob-

184 3761 237 3817 iter
259 3773 353 3831 agere,
369 3754 418 3812 sed
443 3752 592 3826 temporale
612 3751 719 3825 aliquod
730 3752 816 3809 cuivis
826 3760 977 3824 proventu·
1031 3758 1121 3814 sidant
1142 3759 1238 3816 decem
1265 3757 1359 3824 millia,
1386 3772 1437 3812 nec
1462 3755 1552 3812 minus
1577 3754 1831 3827 superabundantes

174 3862 246 3912 rum,
267 3846 311 3902 vel
324 3844 376 3899 sibi
392 3843 505 3908 scilicet,
520 3844 561 3899 val
574 3841 663 3907 nobis,
676 3841 716 3896 vel
737 3839 816 3896 alteri
831 3840 902 3897 forte
915 3841 975 3897 cui·
1031 3848 1128 3904 astutia
1142 3855 1171 3904 et
1183 3846 1344 3905 credulitate
1358 3861 1439 3917 quam
1453 3859 1577 3902 numero.
1592 3845 1710 3910 Cadent,
1729 3843 1829 3916 iuquit,

172 3935 246 4008 piam
264 3950 272 3999 3
289 3941 334 3988 ⁸¹11
363 3931 555 3986 detrimentum
572 3938 619 3986 ⁸¹1¹
642 3929 855 3985 0s110¹¹1¹¹¹011111ss¹
877 3928 975 3987 exinde
1030 3937 1147 3995 alotcre
1161 3943 1208 3995 tao
1218 3938 1308 4004 mille,
1321 3940 1348 3992 et
1362 3936 1457 3992 decem
1471 3936 1568 3992 millio
1590 3951 1607 3990 a
1630 3933 1740 3991 dextris
1760 3935 1830 3990 tais.

170 4038 223 4078 seu
234 4028 355 4092 captare,
377 4033 426 4075 seu
437 4017 596 4089 propulsare
606 4016 676 4073 velle
686 4017 823 4075 videntur.
834 4018 890 4075 Nisi
907 4020 976 4077 lorte
1031 4025 1112 4082 Verte
1127 4025 1188 4082 illuc
1202 4028 1298 4082 oculos
1311 4023 1386 4080 fidei.
1407 4024 1487 4080 Forte
1510 4023 1582 4079 enim
1600 4024 1656 4092 jam
1672 4022 1834 4093 irmpemnt

173 4119 287 4167 eatenus
301 4109 362 4181 quis
376 4108 404 4162 in
419 4107 571 4164 damonem
586 4106 723 4163 transierit
743 4124 775 4164 ex
792 4110 912 4178 bomine,
946 4119 976 4167 ut
1029 4113 1129 4188 aditus,
1153 4113 1223 4171 forte
1237 4116 1292 4187 jam
1307 4114 1393 4170 libere
1409 4112 1539 4184 diripiunt
1560 4111 1661 4176 omnia,
1687 4110 1756 4167 iorte
1773 4111 1829 4180 jam

173 4205 269 4271 optare
278 4195 333 4252 ullo
343 4195 424 4251 modo
435 4193 522 4267 possit
532 4194 684 4267 quemlibet
694 4194 745 4250 sibi
757 4195 974 4255 inimicissimum
1030 4203 1116 4275 spolia
1126 4203 1184 4276 ipsa
1199 4203 1376 4260 distribuunt.
1392 4200 1464 4271 Quid
1479 4199 1589 4255 sinistro
1603 4199 1682 4253 lateri
1693 4205 1746 4254 tam
1758 4199 1829 4254 male

174 4287 314 4343 hominem
329 4292 431 4340 aeletna
446 4283 619 4339 damnali‘tsse
634 4282 753 4339 multari·
989 4292 1168 4399 ”studiosus
1190 4292 1349 4347 observator
1381 4289 1510 4354 inbaeres,
1539 4286 1594 4341 bisi
1619 4285 1692 4358 quod
1716 4302 1772 4344 non
1800 4287 1828 4343 in

214 4377 256 4430 li.
287 4373 358 4442 Quid
387 4388 439 4428 noa
462 4372 553 4430 miseri
587 4372 766 4431 dormitamus
794 4390 810 4430 a
843 4375 975 4447 spirituali
1029 4383 1114 4437 latere
1128 4380 1183 4450 jam
1198 4377 1246 4434 tibi
1265 4393 1337 4445 esse,
1361 4377 1454 4434 sedin
1471 4374 1540 4432 facie
1563 4374 1670 4431 sinistra
1687 4375 1826 4443 videntur,

176 4464 276 4547 studio,
298 4477 367 4534 quos
390 4470 445 4518 tarn
477 4461 662 4533 multipliciter
680 4461 830 4520 insectatur
854 4465 975 4537 nequitia
1029 4469 1104 4542 quod
1119 4469 1177 4525 baec
1207 4467 1350 4540 provideas
1373 4465 1401 4522 in
1416 4473 1565 4538 conspectu
1592 4471 1637 4520 tuo
1651 4480 1761 4538 semper
1769 4482 1780 4532 7;
1801 4473 1829 4521 et

172 4551 341 4625 spiritualis?
356 4551 391 4607 Et
400 4550 489 4624 pudor
497 4559 538 4607 est
549 4550 653 4617 dicere,
666 4558 694 4608 et
702 4552 784 4609 silere
794 4555 922 4625 probibet
933 4555 976 4610 vis
1029 4558 1076 4631 qui
1092 4558 1176 4631 tangit
1189 4558 1251 4621 boc,
1265 4571 1320 4613 non
1334 4556 1406 4612 latus
1420 4555 1543 4631 tetigisse
1561 4561 1682 4628 putetur,
1697 4555 1747 4611 sed
1770 4570 1825 4626 pu-

177 4642 288 4699 doloris.
306 4639 389 4697 8ss
399 4641 520 4710 Quantos
534 4641 609 4696 enim
620 4639 803 4708 invenireest,
818 4643 926 4710 iratres,
943 4660 976 4700 ex
1030 4646 1119 4719 pillam
1134 4645 1205 4703 oculi
1220 4645 1257 4701 tui
1270 4644 1284 4701 i

177 4732 219 4787 liis
232 4745 340 4803 quoque
354 4730 399 4802 qui
427 4729 455 4785 iu
471 4727 610 4802 religionis
625 4729 718 4784 babitu
733 4738 761 4786 ct
774 4732 913 4803 proposito
925 4733 976 4789 de·
1066 4740 1109 4792 lb.
1129 4736 1264 4792 (laetemm
1289 4735 1345 4806 jam
1358 4749 1431 4791 nurrc
1445 4732 1495 4790 tibi
1513 4731 1637 4805 provide,
1653 4732 1777 4804 quisquis
1797 4748 1827 4788 es

179 4831 247 4894 gunt
266 4819 451 4891 perfectionis,
468 4831 536 4889 quos
554 4817 681 4872 terribilis
695 4817 739 4874 illa
753 4823 895 4892 prophetae
910 4837 976 4877 sen·
1031 4825 1120 4881 dextri
1129 4823 1285 4899 negligens,
1297 4824 1399 4879 sinistri
1414 4822 1506 4879 lateris
1516 4823 1614 4888 cultor,
1626 4838 1660 4877 ne
1670 4837 1731 4877 eum
1742 4820 1827 4878 haedis

177 4909 262 4965 tentia
277 4907 519 4979 comprehendisse
533 4905 641 4963 videtur
652 4921 658 4960 :
668 4908 697 4964 Si
706 4907 808 4965 oblitas
817 4914 898 4982 suero
920 4915 975 4978 tat,
1031 4913 1119 4970 locum
1128 4913 1245 4984 accipias
1259 4913 1287 4968 in
1298 4912 1406 4969 sinistra
1419 4928 1500 4984 quam
1510 4911 1616 4985 elegisti
1631 4910 1743 4982 (daret.
1756 4925 1825 4979 xxv,

181 4999 345 5065 terascea,
376 4997 511 5055 obliuioni
529 4997 614 5053 datar
638 4996 753 5055 dextera
776 5000 857 5055 maol
888 5001 976 5073 (Psoi.
1033 5005 1087 5076 33).
1111 5005 1243 5073 Asperum
1263 5003 1377 5059 verbum
1398 5010 1451 5068 est,
1477 5000 1598 5056 iratres:
1617 5015 1672 5055 non
1691 4999 1828 5055 immerito

180 5100 300 5155 cxxxvi,
312 5087 468 5157 5.)Nempe
485 5085 586 5141 sinistri
596 5085 727 5142 custodias
738 5087 830 5144 lateris
845 5098 900 5146 tota
909 5090 979 5145 solli·
1033 5093 1188 5165 expavistis.
1206 5093 1243 5149 bt
1265 5107 1362 5149 cavere
1386 5104 1441 5145 non
1453 5088 1542 5143 minus
1557 5103 1671 5144 necesse
1689 5095 1731 5142 est
1747 5103 1828 5158 qnam

185 5175 304 5233 citudine
314 5174 484 5244 incubantes,
504 5173 603 5230 callent
611 5174 766 5246 admodum,
785 5177 835 5234 sed
845 5179 979 5251 sapientia
1033 5198 1143 5255 pavere.
1160 5183 1196 5238 Et
1209 5182 1319 5254 quidem
1328 5179 1460 5236 Dominus
1473 5193 1551 5234 meua
1564 5176 1643 5234 iesus
1654 5184 1716 5248 post
1729 5182 1830 5232 catera

181 5266 263 5336 hujus
272 5261 426 5333 saeculi,cui
433 5263 638 5321 abrenuntiasse
649 5263 817 5324 debuerant:
828 5283 861 5323 ea
869 5285 978 5341 quoque
1035 5271 1229 5328 inestimabilis
1243 5285 1300 5327 snae
1314 5284 1380 5342 arga
1394 5283 1440 5324 me
1460 5266 1592 5323 beneficia
1609 5265 1729 5343 pietatis,
1747 5265 1830 5322 etiam

181 5352 357 5412 nibilominus
384 5366 466 5425 qaam
489 5354 593 5410 revelat
610 5370 674 5412 caro
693 5363 722 5412 et
735 5357 857 5430 sanguis,
880 5358 979 5430 quibus
1035 5361 1161 5418 dextmm
1171 5360 1224 5416 sibi
1236 5366 1349 5432 propter
1363 5373 1407 5413 me
1420 5371 1517 5431 passus
1530 5367 1573 5413 eat
1582 5354 1656 5411 latus
1665 5353 1721 5410 lodi
1734 5372 1742 5410 :
1757 5353 1831 5427 quod

180 5440 258 5513 juxta
282 5440 443 5516 Apostolum
465 5440 584 5499 noluisse
613 5444 790 5516 acquiescere
816 5448 981 5506 videbantur
1036 5449 1165 5509 videlicet
1182 5447 1293 5507 nonnisi
1310 5445 1473 5504 dedentem
1491 5444 1558 5501 mibi
1568 5442 1715 5518 propinare
1738 5443 1832 5510 vellet,

180 5529 665 5605 (Galat.r,lt).1)eniquerideaa
678 5549 727 5590 eos
741 5542 796 5591 tam
811 5535 889 5595 aride
907 5537 982 5597 lucra
1036 5539 1146 5598 nonnisi
1170 5538 1199 5596 in
1212 5537 1328 5596 dextera
1342 5534 1432 5595 locam
1458 5548 1557 5608 parare
1580 5532 1689 5606 mingi-
1723 5531 1833 5590 Utinam
