3734 5948
55 108 110 179 m
476 109 512 174 tt
530 108 756 176 assumunt
773 106 805 171 B.
823 102 939 170 ldlllldl
955 102 1104 170 aluums
1120 106 1231 173 astho
1246 109 1293 173 ll.
1647 123 1703 187 tta

10 310 14 325 Ι
57 241 145 320 gratia
161 239 193 299 in
215 236 383 314 labbaeiua,
402 243 487 299 etcst
507 239 647 312 speciosus
673 237 762 296 torma
783 252 857 310 pra·
870 232 1011 327 gquidem
1025 218 1184 305 exinanitio,
1198 235 1270 296 iacta
1291 242 1334 296 est
1356 230 1473 314 repletio
1492 250 1608 307 umtra:
1629 230 1712 308 iltius*

10 332 18 413 i
57 331 120 389 dliis
133 330 287 401 hominnm,
317 328 373 387 imo
402 328 487 387 etism
508 343 592 403 super
616 343 723 386 omnem
738 327 855 402 gloriam
908 323 1035 393 miseriae,
1064 325 1158 382 muudi
1183 326 1288 383 delicias
1312 330 1385 386 sunt.
1410 329 1530 405 Denique
1548 350 1610 391 cum
1623 336 1704 396 ‘diues

58 422 232 497 angelornm.
246 418 345 479 Gaude
360 429 388 477 et
401 419 503 492 gratias
518 433 582 493 age,
597 419 691 490 llaria,
709 433 770 492 quae
788 433 855 491 par·
908 423 991 484 esset,
1006 424 1177 487 propteruos
1191 432 1295 489 pauper
1309 417 1397 475 iactus
1408 427 1458 486 est,
1474 427 1563 479 utnos
1572 424 1633 495 ejus
1643 425 1704 483 ino·
1753 456 1756 461 ·

59 518 112 568 tem
128 511 262 584 optimam
276 507 400 583 elegisti.
414 508 492 566 beati
507 508 580 565 enim
604 507 675 565 oculi
694 507 741 581 qui
762 505 856 564 vident
907 502 953 575 pia
968 503 1117 560 ditaremur
1130 506 1172 577 (ll
1185 506 1246 564 Cor.
1271 521 1331 580 ritu,
1346 509 1385 580 9).
1409 509 1463 566 Sed
1477 519 1504 566 et
1518 514 1606 571 crucis
1619 513 1703 589 igno-

59 614 117 671 quae
137 607 167 656 tu
182 599 257 656 rides
273 605 300 654 et
317 614 398 656 aures
425 613 486 670 qua
512 603 651 655 merentur
672 595 766 653 audire
782 595 855 669 quod
908 591 1001 662 minis,
1028 593 1197 650 credentium
1214 593 1284 651 iacta
1298 604 1341 651 est
1354 595 1453 668 gloria.

59 688 148 746 andis.
163 688 246 746 Beata
260 687 354 760 plane,
368 703 432 761 quae
446 702 530 746 venas
545 685 660 744 susurrii
683 684 768 746 divini
791 703 855 758 per·
944 683 971 736 2.
985 681 1082 737 Adhuc
1095 690 1186 737 autam
1206 684 1278 739 etad
1292 693 1496 743 monumentum
1510 699 1637 763 properat
1650 693 1706 750 vita
1814 762 1815 765 Ἴ

59 777 125 851 cipis
140 778 169 834 in
192 776 313 847 spemin,
328 777 357 834 in
378 792 432 852 qnn
452 775 547 849 nniqnn
568 776 672 833 nnnnni
695 782 734 832 est
752 775 856 832 homini
909 779 1011 842 nostra,
1042 779 1072 827 ut
1096 771 1305 844 quatriduanum
1338 774 1450 832 redueat
1474 794 1489 833 a
1510 792 1703 842 monumento:

58 868 204 927 maumam
228 875 400 942 exspectare.
427 867 547 940 Simplex
572 875 641 936 osto,
662 881 719 924 non
752 873 855 923 tantum
910 868 936 915 et
962 876 1036 928 euru,
1064 859 1098 915 de
1125 875 1179 932 quo
1206 862 1283 918 robis
1307 863 1387 918 hodie
1417 865 1451 936 (si
1481 868 1549 925 bene
1583 870 1707 928 meminit

58 958 233 1016 sinedoloet
246 956 429 1025 simulatione,
442 955 528 1014 sedet
542 955 646 1028 absque
659 953 855 1028 multiplicitate
910 948 1026 1003 charitas
1048 947 1149 1020 vestra)
1173 965 1264 1005 SermO
1288 951 1412 1018 debetur,
1438 953 1572 1014 Lazarum
1595 960 1703 1032 querit,

58 1047 279 1120 occupationum,
296 1056 325 1103 ut
336 1055 421 1102 tecum
435 1044 471 1100 sit
485 1043 678 1102 sermocinatio
693 1045 763 1114 ejus,
777 1045 856 1114 cujus
909 1047 939 1093 ut
954 1043 1100 1109 quaeratur,
1116 1046 1144 1093 et
1157 1037 1335 1096 inveniatura
1350 1043 1462 1100 Lazaro.
1474 1046 1503 1099 ln
1515 1046 1568 1103 hoc
1578 1047 1649 1103 euim
1665 1057 1707 1106 est

56 1145 81 1194 et
102 1151 159 1195 uox
182 1135 283 1206 dulcis,
303 1144 331 1193 et
354 1134 438 1192 iacies
460 1133 571 1191 deeora.
602 1134 691 1188 Unum
714 1147 791 1201 aare,
820 1148 855 1190 nn
909 1126 1035 1194 charitas,
1051 1142 1107 1181 uon
1122 1127 1199 1199 quasi
1214 1143 1263 1184 nos
1277 1128 1451 1187 dilexerimus
1464 1134 1564 1201 Deum,
1581 1137 1628 1192 sed
1643 1138 1707 1210 quia
1813 1189 1815 1193 Α

56 1225 195 1281 mundare
208 1223 322 1296 incipias
334 1223 362 1279 in
378 1214 458 1281 seusu
473 1229 530 1289 tuo,
540 1228 567 1279 et
580 1221 649 1279 velis
664 1221 726 1294 plus
743 1218 856 1278 1003
910 1213 968 1286 ipse
992 1214 1067 1287 prior
1085 1215 1177 1271 dilexii
1196 1232 1256 1271 11⁰&
1273 1216 1332 1292 ΑΒΘ
1356 1219 1451 1293 igilur,
1467 1222 1593 1290 Domine,
1614 1241 1707 1296 quaere

56 1329 153 1388 sapere
169 1328 251 1388 quam
266 1318 372 1385 oportet
386 1327 506 1385 sapere:
533 1327 567 1367 ne
585 1310 655 1369 forte
678 1311 743 1368 dum
766 1311 856 1368 lucem
909 1320 991 1377 quern
1006 1320 1094 1372 arnas,
1111 1312 1142 1361 ut
1160 1313 1188 1361 et
1207 1316 1342 1363 amantem
1366 1306 1458 1378 facias,
1476 1317 1503 1368 et
1527 1323 1706 1386 quaerentem.

56 1403 181 1473 secmris,
197 1403 332 1478 impingas
348 1404 377 1460 pn
392 1403 531 1474 tenebras,
548 1403 678 1460 pinnenn
693 1401 854 1460 nniinnnn.
909 1391 1007 1463 Quaere
1029 1392 1077 1449 uhi
1101 1402 1252 1468 posuerunt
1267 1411 1346 1451 eum:
1366 1399 1439 1468 jacet
1454 1401 1525 1456 enim
1540 1402 1657 1473 clausus,
1673 1405 1707 1460 li·

56 1493 100 1549 nio
115 1492 282 1562 meridiano,
299 1493 333 1547 da
347 1506 402 1564 quo
414 1507 471 1549 non
484 1501 526 1549 est
539 1492 624 1564 huius
639 1491 771 1563 temporis
795 1490 854 1547 dis·
911 1490 999 1557 gatus,
1015 1490 1153 1539 oneratus.
1169 1483 1244 1542 Jacet
1259 1484 1286 1540 in
1300 1488 1437 1560 ergastulo
1457 1490 1644 1565 conscientie,
1665 1501 1709 1550 te-

55 1587 167 1654 pupm,
182 1582 253 1638 Nam
277 1580 395 1638 marus
417 1596 471 1654 qno
495 1580 627 1640 devenit?
648 1580 695 1636 nni
723 1580 856 1654 nnsnisrin
873 1537 896 1617 Β
911 1580 991 1628 netur
1004 1571 1119 1630 vincuhs
1137 1571 1296 1645 disciptinae,
1313 1582 1340 1630 et
1354 1581 1482 1650 tanquam
1505 1579 1595 1652 lapide
1618 1597 1711 1654 super·

56 1669 278 1727 eumiSorores
301 1669 439 1742 alloquor,
463 1684 525 1742 quae
550 1668 717 1742 sepelierunt
744 1668 856 1726 tratrem
910 1662 999 1737 posito
1027 1662 1160 1736 premitur
1182 1671 1208 1719 ct
1231 1664 1391 1737 opprimitur
1419 1683 1502 1726 onere
1531 1672 1708 1743 peanitentiae,

56 1757 250 1831 predicatione
277 1765 303 1816 et
330 1757 494 1828 ministerio,
509 1758 636 1831 exemplo
663 1767 691 1815 et
717 1759 852 1819 oratione.

57 1847 107 1905 Ubi
119 1863 189 1923 ergo
202 1847 331 1921 posuistis
341 1849 423 1906 sumi
434 1848 617 1905 absconditus
625 1854 666 1906 est
679 1847 855 1918 ioasahumo,

57 1937 107 1994 sub
121 1936 308 2010 lapideiacet,
323 1951 379 1994 non
394 1936 472 1995 lacile
482 1935 628 1996 inuenitur.
643 1937 789 2011 Propterea
803 1953 858 1995 uon

57 2026 108 2083 erit
133 2025 319 2101 incongruum
342 2027 523 2101 quatriduano
556 2032 682 2100 quartum
715 2041 858 2085 reservare

58 2129 227 2185 sermonem,
243 2116 360 2186 utjuxta
369 2116 518 2173 Salvatoris
532 2116 684 2187 exemplum
695 2117 855 2174 audientes:

59 2205 129 2264 Eece
144 2219 228 2280 pacm
242 2221 323 2264 amas
346 2205 513 2276 infirmatur
527 2206 620 2277 (toan.
636 2220 678 2274 xi,
703 2206 741 2275 3),
757 2212 785 2262 et
808 2219 858 2261 nos

58 2305 220 2349 maneamus
234 2291 280 2349 hic
293 2290 337 2351 die
352 2292 417 2351 isto.

368 2381 549 2438 saau01v.

112 2469 153 2527 lte
166 2469 323 2543 quamtus
336 2471 446 2539 tamn,
467 2474 495 2527 et
512 2470 654 2543 preconio
672 2469 801 2543 Virginis.

97 2561 124 2616 t.
144 2558 265 2632 Tempus
279 2558 407 2632 loquendi
422 2568 464 2616 est
476 2559 551 2616 omni
565 2559 651 2628 carui,
667 2574 729 2616 cum
743 2558 859 2617 assumi-

911 1751 1026 1808 marime
1041 1752 1114 1826 quod
1134 1751 1203 1810 desit
1226 1752 1333 1810 iuterim
1349 1755 1426 1812 tortis
1446 1765 1475 1812 ut
1495 1774 1569 1815 mors
1588 1760 1708 1830 dilectio,

912 1848 939 1897 ct
966 1840 1083 1898 charitas
1105 1841 1194 1899 omnia
1209 1844 1347 1900 sustineus
1371 1851 1399 1900 et
1414 1844 1440 1900 iu
1456 1845 1499 1902 his
1514 1849 1639 1905 omnibus
1651 1851 1709 1920 iam

911 1928 985 1999 letet,
1014 1931 1129 1988 Domine
1144 1948 1152 1986 r
1168 1931 1367 2002 quatriduanus
1388 1940 1429 1990 est
1454 1934 1536 1991 enim.
1553 1936 1639 1995 Credo
1651 1939 1710 2008 iam

912 2020 1059 2076 multorum
1079 2019 1191 2094 ingenia
1218 2020 1379 2093 praetotant,
1403 2029 1433 2078 ut
1457 2023 1608 2097 intelligant
1630 2042 1710 2099 quem

911 2107 992 2165 velim
1011 2107 1103 2164 dicere
1115 2109 1245 2164 Lazarum
1262 2127 1269 2165 ε
1284 2125 1347 2165 enm
1368 2111 1430 2167 sine
1449 2110 1544 2181 dubio,
1558 2113 1606 2185 qui
1624 2131 1712 2186 nuper

912 2202 1024 2267 peceato
1038 2203 1160 2254 mortuus
1174 2196 1243 2252 fodit
1257 2197 1310 2252 sihi
1331 2198 1472 2271 parietem,
1489 2208 1519 2257 ut
1536 2200 1626 2259 uideat
1645 2204 1712 2260 abo·

912 2285 1073 2343 minutiones
1087 2285 1307 2357 multaaOEzeoh.
1324 2302 1383 2356 vrrr,
1398 2293 1424 2357 8,
1441 2288 1479 2361 9),
1495 2296 1522 2346 et
1536 2290 1621 2347 malas
1635 2305 1712 2363 pravi

911 2380 940 2429 et
957 2373 1137 2429 inscrutabilis
1150 2374 1241 2431 cordis
1254 2375 1306 2444 sui,
1328 2384 1354 2433 et
1361 2379 1438 2447 juxta
1455 2381 1617 2451 prophetam
1630 2381 1713 2438 alium

912 2462 1053 2536 ingressus
1068 2462 1149 2518 estin
1175 2471 1290 2534 petram,
1311 2465 1484 2523 absconditus
1508 2467 1580 2526 fossa
1600 2471 1715 2528 humoa

914 2551 985 2610 tacie
998 2549 1097 2608 luroris
1111 2550 1218 2608 Domini
1234 2553 1312 2623 (lsai.
1324 2568 1356 2622 n,
1373 2556 1427 2624 tu).

61 2654 106 2704 tur
120 2647 255 2705 incarnati
269 2649 350 2706 Verbi
373 2655 458 2706 mater
485 2649 515 2704 in
532 2649 651 2718 coelum;
676 2663 859 2707 rancessere
948 2641 974 2695 3·
986 2639 1040 2696 Sed
1051 2639 1169 2712 quidest
1180 2656 1187 2697 ἒ
1200 2643 1393 2716 litimiacum
1407 2646 1492 2715 itte&
1501 2647 1714 2719 quatriduanus

60 2735 175 2793 daneta
193 2736 321 2794 lauduna
336 2738 455 2794 humana
475 2737 634 2807 marauna,
650 2752 713 2795 cum
740 2737 858 2794 hominis
914 2727 1065 2788 ostentm?
1078 2729 1158 2786 Forte
1171 2729 1242 2787 enim
1252 2730 1366 2789 fetorem
1378 2731 1470 2802 istum,
1486 2745 1513 2791 et
1527 2739 1715 2807 quatuoruies

60 2827 120 2884 sota
132 2833 234 2885 natura
248 2843 331 2900 supra
353 2826 522 2883 immortales
541 2826 654 2898 spiritus
674 2827 807 2884 exaltatur
833 2824 861 2884 in
877 2822 899 2901 c
915 2818 982 2874 istos
1006 2832 1063 2874 non
1091 2818 1220 2875 continuo
1245 2819 1334 2893 quivis
1353 2819 1496 2894 intelligat.
1512 2824 1572 2897 Ego
1600 2825 1716 2893 nmmum

61 2915 187 2992 Virgine.
198 2915 251 2972 Sed
265 2916 299 2973 de
308 2916 370 2987 ejus
379 2916 467 2990 gloria
479 2931 531 2972 nec
540 2914 622 2972 silere
633 2915 742 2973 devotio
752 2915 861 2987 patitur,
917 2906 1034 2964 arbitror
1057 2906 1162 2966 timoris
1177 2906 1258 2975 ditm,
1273 2925 1327 2982 (111³
1353 2909 1481 2966 nimirum
1500 2911 1645 2971 irradiante
1658 2929 1717 2972 cor·

60 3020 113 3061 nec
127 3004 244 3077 dignum
259 3004 360 3079 aliquid
373 3005 472 3061 sterilis
488 3005 633 3076 concipere
650 3003 787 3078 cogitatio,
817 3013 863 3062 aut
917 2996 1248 3055 dibusnostris1⁰⁰d
1264 3008 1375 3071 peccato
1394 3001 1535 3074 morimur,
1555 3012 1582 3060 et
1596 3006 1717 3078 quodam

59 3092 200 3148 inerudita
218 3098 309 3163 potest
322 3091 423 3148 locutio
442 3091 588 3163 parturire.
611 3090 680 3147 llinc
694 3099 735 3147 est
749 3090 823 3163 quod
838 3099 865 3149 et
917 3086 997 3144 modo
1021 3085 1166 3158 sepelimur
1188 3087 1216 3142 in
1240 3085 1414 3145 conscientiis
1445 3091 1557 3147 nostris.
1581 3091 1718 3170 Secunda,

60 3180 117 3252 ipsi
136 3180 258 3237 eoelcatis
271 3177 353 3237 curiae
368 3180 502 3252 principes
514 3180 544 3236 in
555 3179 772 3237 consideratione
782 3186 862 3236 tautae
917 3176 946 3233 ni
968 3176 1058 3245 iatlor,
1085 3176 1176 3252 agitur
1189 3175 1217 3233 in
1231 3177 1323 3236 hhore
1340 3180 1505 3237 certaminis.
1526 3182 1603 3240 Solet
1619 3200 1718 3258 nempe

60 3269 193 3327 norimtis
211 3269 328 3327 clamant
352 3284 408 3326 non
431 3269 489 3326 sine
510 3269 711 3327 admiratione:
735 3270 801 3339 Qun
821 3275 864 3326 est
917 3267 986 3323 inter
1005 3266 1154 3339 primordia
1168 3267 1357 3327 conversionis
1372 3269 1462 3327 acrius
1472 3271 1615 3347 insurgere
1629 3282 1718 3333 tenta·

59 3358 861 3432 astenseaseenditteccrertadetietisprimatialem.
917 3358 955 3413 tio
972 3372 1065 3429 pravae
1088 3357 1301 3427 consuetudinis,
1320 3367 1347 3415 et
1370 3357 1415 3415 rix
1438 3361 1575 3436 exstingui
1601 3371 1719 3436 possunt

59 3462 123 3517 rur,
140 3449 180 3518 5.)
197 3448 236 3504 dc
251 3446 275 3502 si
286 3446 455 3504 manifestius
465 3447 557 3504 dicant
572 3464 580 3503 s
594 3447 702 3515 Quanta
716 3455 758 3505 est
781 3447 863 3505 haeci
914 3446 1003 3515 iacula
1017 3445 1102 3519 ignita
1112 3446 1225 3505 diaboli.
1235 3446 1326 3503 Tertia
1343 3446 1521 3506 nihilomiuus
1540 3450 1642 3508 doloris
1657 3467 1718 3511 ease

60 3548 112 3593 aut
125 3536 200 3593 unde
212 3536 239 3592 ei
256 3537 414 3594 ascendenti
430 3535 525 3610 utique
550 3537 584 3593 de
599 3537 708 3594 deserto
722 3536 863 3594 attinentis
917 3534 1040 3601 videtum
1058 3535 1123 3591 dum
1137 3534 1268 3610 recogitat
1284 3533 1344 3607 quis
1359 3551 1446 3593 annos
1466 3552 1531 3594 auos
1545 3537 1574 3592 in
1588 3538 1718 3596 ammitta-

60 3633 139 3682 tanta
152 3623 311 3684 deliciarum
325 3626 340 3681 i
352 3627 409 3682 Nec
424 3626 497 3683 euim
511 3641 590 3696 pares
601 3624 780 3683 inueniuntur
795 3625 865 3682 deli·
918 3623 980 3680 dine
996 3623 1094 3680 auimae
1108 3640 1177 3697 suae,
1187 3633 1214 3681 et
1232 3638 1283 3681 uec
1309 3632 1362 3680 tam
1375 3624 1481 3681 loborat
1495 3625 1657 3686 declinando
1671 3627 1718 3686 iu·

10 3740 12 3793 3
61 3715 115 3771 ciae
129 3714 174 3772 vet
190 3713 218 3770 in
241 3714 333 3783 nobis,
350 3730 418 3788 quos
442 3714 593 3771 incivitate
616 3713 725 3771 Domini
748 3714 865 3771 letificat
921 3719 990 3780 tura,
1007 3725 1089 3783 quam
1114 3712 1248 3784 praeterita
1272 3712 1427 3785 plangendo
1453 3713 1587 3786 deplorat.
1612 3716 1719 3775 lliraris

10 3822 12 3833 ·
61 3802 186 3859 fluminis
202 3803 328 3876 impetus,
345 3803 393 3878 qui
406 3819 423 3860 a
436 3804 513 3862 vultu
533 3804 628 3875 glorie
641 3803 788 3875 voluptatis
810 3813 865 3860 tor·
919 3803 992 3872 quod
1013 3802 1063 3857 hoa
1074 3801 1189 3857 dixerim
1203 3799 1281 3856 diesi
1294 3799 1348 3857 Sed
1377 3802 1441 3858 tates
1456 3804 1601 3876 sepultarae
1615 3806 1719 3864 deben-

61 3901 142 3951 rentc
157 3892 250 3967 [utica
267 3893 366 3969 gloria]
380 3903 517 3968 potamur.
532 3894 600 3962 Quae
615 3901 657 3952 est
670 3893 734 3963 ista,
749 3910 809 3968 quae
831 3893 866 3950 da
920 3899 974 3955 tur,
989 3888 1048 3944 dies
1060 3887 1166 3945 nebulae
1180 3896 1207 3945 et
1221 3888 1354 3962 caliginis,
1371 3889 1430 3946 dies
1444 3891 1533 3970 tuctus
1547 3904 1574 3950 et
1588 3896 1719 3954 amaritu-

62 3984 116 4040 sub
131 3983 200 4049 sole,
220 3983 268 4040 ubi
283 3984 349 4040 nihil
375 3993 417 4042 est
431 3985 483 4041 nisi
498 3984 577 4042 labor
600 3990 627 4040 et
647 3983 734 4053 dolor,
750 3990 778 4039 ct
792 3981 865 4039 ailli-
920 3977 1001 4033 dinis·
1019 3976 1144 4049 Sequitur
1159 3978 1219 4035 dies
1233 3976 1354 4049 pudoris.
1370 3993 1425 4035 110ss
1443 3979 1584 4039 dissimilia
1601 3983 1689 4041 tribus
1708 4002 1716 4040 t

64 4073 120 4131 ctio
133 4071 258 4145 spiritns,
274 4071 400 4131 ascendit
412 4072 516 4130 deliciis
529 4072 714 4146 spiritualibus
725 4071 864 4129 aiiluensi
881 4055 904 4133 Ι)
921 4067 1031 4140 quando
1046 4066 1106 4137 jam
1120 4065 1242 4124 horribili
1257 4063 1417 4125 contusione
1430 4070 1552 4140 operitur
1562 4070 1651 4127 anima
1665 4073 1719 4128 mi-

63 4160 168 4232 Quidni
181 4160 295 4218 delicias
307 4161 433 4231 dixerim,
443 4162 608 4236 virginitatis
627 4161 711 4218 decus
725 4175 787 4219 cum
801 4176 862 4217 mu·
919 4156 1041 4223 seranda,
1062 4156 1128 4212 dum
1143 4155 1225 4211 nimis
1239 4154 1393 4212 considerat
1412 4173 1473 4228 quae
1492 4166 1519 4214 et
1532 4167 1634 4230 quanta
1647 4159 1720 4216 deli·

64 4266 130 4309 nere
143 4249 331 4319 fecunditatis,
356 4250 518 4308 humilitatis
541 4250 658 4324 insigne,
688 4249 864 4308 distillantem
916 4244 1015 4318 querit,
1039 4253 1067 4300 et
1089 4243 1117 4299 in
1132 4242 1223 4301 oculis
1252 4243 1341 4301 cordis
1362 4251 1448 4301 terras
1471 4252 1562 4302 versat
1586 4246 1720 4322 imagines

64 4339 205 4397 charitatis
231 4338 331 4408 farum,
362 4338 555 4398 misericordie
583 4338 700 4406 uiscera,
715 4337 864 4414 plenitudi-
917 4341 1098 4404 peccatorum.
1123 4332 1241 4388 Animus
1273 4332 1429 4402 hujusmodi
1462 4333 1530 4388 nihil
1556 4335 1718 4406 dissimulat,

64 4444 128 4488 nean
139 4428 246 4503 gratiae,
257 4429 466 4505 prerogativam
480 4428 566 4502 gloria
577 4428 748 4502 singularis?
762 4431 864 4486 ascen
917 4424 963 4480 sed
974 4420 1113 4493 dijudicat,
1130 4421 1178 4478 sed
1198 4427 1335 4492 aggravat,
1348 4421 1396 4476 sed
1410 4431 1554 4496 exaggerat
1570 4425 1696 4486 uniuersa
1710 4442 1718 4480 s

67 4518 137 4576 dens
150 4517 237 4592 igitur
251 4517 286 4576 da
310 4519 419 4577 deserto
434 4517 531 4592 regina
545 4517 649 4585 mundi,
666 4518 746 4574 etiam
760 4517 865 4592 augelis
918 4527 972 4569 non
996 4511 1048 4566 sibi
1062 4510 1147 4582 parcit
1164 4509 1249 4566 durus
1270 4509 1357 4580 judex
1379 4508 1408 4566 in
1430 4511 1617 4584 semetipsum.
1641 4514 1722 4572 Utilis

68 4607 182 4678 motis,
194 4617 225 4666 ug
242 4608 314 4666 mlii
326 4607 454 4678 Englggig,
472 4607 596 4681 speciosa
614 4607 684 4667 [dcta
697 4617 740 4665 esi
755 4615 782 4665 eg
800 4625 865 4666 gug-
918 4599 1028 4675 quidem
1044 4598 1224 4667 exacerbatiO,
1239 4605 1267 4657 Gi
1281 4599 1362 4673 digna
1376 4599 1549 4658 miseralione
1565 4603 1721 4672 crudelitas,

66 4699 109 4756 ris
126 4699 156 4756 in
182 4698 288 4757 deliciis
306 4699 373 4756 suis.
395 4697 527 4756 Desinant
547 4705 636 4755 nmen
663 4697 766 4755 deserti
785 4699 867 4771 huius
919 4689 998 4748 facile
1025 4690 1076 4746 sibi
1093 4690 1211 4749 diuinam
1225 4687 1373 4747 concilians
1397 4689 1600 4764 gratiam,dum
1613 4706 1665 4764 pro
1689 4704 1723 4748 eo

68 4787 167 4846 ninnni
180 4788 300 4860 definias,
323 4789 387 4861 qnia
409 4787 542 4845 Dominus
564 4787 638 4844 denir
661 4787 865 4862 benignitatem,
919 4795 997 4836 mens
1010 4779 1152 4836 aemulatur
1167 4779 1249 4837 suern
1260 4787 1353 4835 contra
1367 4795 1396 4835 se
1410 4778 1506 4850 ipsam.
1517 4779 1724 4862 Verumtamen,

69 4885 97 4937 et
111 4886 190 4936 terra
202 4887 294 4937 nostra
313 4877 388 4936 dedit
400 4878 519 4936 fructum
538 4893 616 4933 suum
642 4876 721 4951 (Psoi
745 4891 867 4945 cxxxiv,
920 4870 1028 4940 Litore,
1042 4871 1107 4927 Veni
1125 4870 1210 4937 foras,
1224 4885 1260 4926 ne
1273 4871 1303 4926 in
1316 4875 1391 4927 inssi⁰
1405 4867 1491 4927 fei0l0
1505 4870 1607 4948 diulius
1624 4872 1726 4930 immo·

70 4969 129 5044 te).
146 4967 219 5039 Quid
228 4968 363 5026 mirantur
380 4967 415 5025 de
429 4975 500 5026 tarra
514 4969 623 5025 deserta
636 4966 748 5023 beriam
768 4982 868 5024 ascen·
924 4961 1004 5017 reris.
1027 4960 1096 5017 Caro
1123 4960 1216 5033 putida
1244 4959 1378 5032 putredini
1402 4958 1526 5032 proxima
1546 4965 1607 5035 est3
1632 4973 1660 5021 ct
1680 4962 1728 5037 qui

69 5060 135 5117 dere
149 5057 255 5116 deliciis
271 5057 454 5119 affluentem?
468 5056 701 5129 ltirenturpotins
721 5071 868 5130 pauperem
922 5049 1097 5109 confunditur
1118 5049 1307 5106 vehementius
1334 5057 1361 5105 0²
1376 5048 1498 5117 labesssih
1523 5067 1609 5126 prope
1632 5059 1673 5109 θεῖ
1696 5059 1727 5109 ῑῑῑ

71 5147 210 5206 Christum
223 5149 259 5207 de
283 5148 401 5207 coelestis
419 5147 495 5223 regul
518 5145 687 5221 plenitudine
703 5145 872 5203 descenden-
922 5141 1060 5213 desperet.
1087 5140 1241 5210 Propterea,
1270 5138 1380 5207 lazare,
1406 5138 1468 5195 ueni
1492 5140 1575 5200 toras.
1598 5142 1726 5213 Abyssus

71 5245 135 5295 tem
154 5237 250 5315 Longe
265 5240 336 5296 euim
356 5238 481 5313 ampliori
504 5239 633 5296 miraculo
657 5238 770 5311 dignum
794 5236 871 5293 uida-
926 5231 1057 5304 abyssum
1070 5228 1199 5287 invocat:
1220 5228 1335 5299 abyssus
1352 5227 1462 5285 luminis
1478 5236 1507 5285 et
1519 5230 1729 5304 misericordie,

11 5372 14 5395 ,
72 5332 125 5400 tur,
144 5327 513 5404 DeiFiliumpaulominus
536 5329 570 5386 ab
597 5329 701 5402 angelis
728 5325 870 5398 minorari,
927 5322 1059 5395 abyssum
1072 5318 1190 5376 miseriae
1200 5325 1227 5375 et
1240 5318 1426 5376 tenebrarum.
1438 5321 1524 5391 hiajor
1533 5321 1605 5377 illius
1619 5322 1732 5380 bouitas

12 5448 14 5453 ·
72 5408 155 5492 mam
168 5419 220 5480 bai
233 5431 348 5479 matrem
367 5433 451 5493 super
469 5418 581 5494 angelos
594 5417 715 5478 exaltem
739 5415 815 5474 ltlius
831 5418 871 5475 si·
926 5430 1008 5489 quam
1028 5409 1156 5486 iniquitas
1164 5417 1209 5467 tua
1225 5426 1232 5466 :
1249 5416 1277 5468 et
1289 5409 1326 5467 ub
1354 5414 1494 5481 peecatum
1508 5411 1637 5478 abundat,
1650 5428 1734 5486 super

10 5502 18 5801 g
222 5522 343 5584 Parnon.
358 5517 533 5580 CLXXXIII.
968 5522 973 5531 ·
1589 5513 1624 5567 tt
