3734 5948
627 246 695 306 alto
712 247 883 305 bohthtca
896 247 909 304 1
921 246 1125 309 Novsuaats
1138 250 1256 341 stulto
1271 252 1305 311 11.

1707 257 1763 313 ³40

108 386 197 444 gnum
211 370 406 441 spectaculum,
423 369 533 440 fratres,
553 379 581 428 et
595 371 669 428 beati
683 373 753 429 oculi
772 373 819 446 qui
839 373 903 431 vide
922 388 946 470 Α
962 374 1080 432 salutare
1094 375 1145 432 Dei
1161 394 1167 433 :
1184 392 1251 433 sanc
1266 393 1320 435 non
1346 378 1402 448 jam
1428 379 1487 435 siue
1501 379 1593 449 specio
1607 386 1635 435 ct
1648 379 1760 448 decora,

110 467 184 515 runt.
201 458 269 530 Quis
296 474 352 515 non
382 467 438 515 toto
462 459 600 515 desiderio
633 459 806 529 concupiscat
825 465 907 514 tsntae
963 463 1012 519 sed
1027 465 1053 520 in
1065 464 1184 520 claritate
1196 472 1280 532 tanta,
1291 474 1321 522 ut
1330 467 1459 538 majestas
1473 467 1534 537 ejus
1547 465 1650 539 repleat
1663 467 1760 525 orbem

109 549 265 618 majestatis
291 547 406 619 gloriam
432 549 628 621 contemplari?
646 549 703 605 Hoc
728 548 828 620 quippe
847 563 910 603 san·

109 645 219 695 ctorum
244 638 366 694 omniurn
397 640 507 695 unicum
535 654 645 710 semper
665 637 830 693 desiderium
849 636 909 694 fuit.

108 728 173 799 lpse
189 735 232 784 est
247 727 363 784 enimin
377 744 460 800 quem
473 728 630 785 desiderant
639 725 731 799 angeli
741 726 908 798 prospicere,

110 831 196 888 quern
208 815 305 874 videre
319 816 373 873 vita
388 823 490 873 aeterua
505 824 557 874 est.
573 816 628 872 Sed
642 815 734 885 aliurn,
748 814 855 883 fratres,
866 831 912 871 au-

110 905 158 960 dio
182 904 326 976 prophetae
348 905 483 975 ejusdem,
500 914 527 961 ct
545 905 669 976 ejusdem
697 904 805 960 ltomini
828 905 910 976 longe

110 992 276 1049 dissimilem
288 993 431 1050 visionem.
444 993 584 1065 Siquidem
599 993 684 1049 lsaias
699 993 813 1061 isteest,
825 993 909 1066 quiin

109 1082 165 1137 alio
178 1081 240 1138 loco
253 1081 293 1137 sie
307 1081 445 1154 loquitur:
466 1083 591 1140 Vidimus
605 1098 681 1147 earn,
697 1088 725 1140 et
739 1098 796 1139 nore
810 1086 874 1140 erat
884 1086 911 1139 ei

108 1171 318 1244 speciososque
328 1170 426 1238 decor,-
438 1175 466 1226 et
477 1173 683 1228 estimavimus
693 1187 758 1228 eam
772 1175 910 1244 tanquam

110 1261 253 1332 leprosam
270 1259 347 1330 (lsai.
367 1274 425 1328 ιιιι,
441 1259 481 1329 2),
496 1268 549 1319 ιιι.
567 1260 619 1316 Ubi
629 1259 693 1315 illud
709 1260 827 1330 primum
841 1276 909 1316 con·

964 562 1108 610 terrarum.

1001 647 1027 697 3.
1043 642 1204 715 Opportune
1223 644 1358 717 siquidem
1382 645 1486 703 visione
1509 645 1607 718 prima,
1632 652 1761 719 tanquam

966 730 1073 786 hiemali
1100 732 1188 788 adhuc
1217 739 1351 804 tempore,
1367 749 1422 789 non
1437 750 1520 806 super
1543 733 1650 800 solium,
1669 734 1762 791 sedin

965 818 1087 876 inferiori
1102 828 1184 892 atque
1198 820 1334 877 humiliori
1348 821 1513 879 habitatione
1532 821 1647 878 uidetur.
1664 822 1761 894 buph-

965 925 1024 966 cem
1043 909 1145 981 quippe
1165 909 1235 966 solet
1260 911 1362 966 habere
1390 926 1490 982 magna
1509 910 1607 967 domus
1634 909 1762 983 quaelibet

964 997 1145 1066 mansionem,
1162 998 1283 1055 aestivam
1312 999 1446 1070 superius,
1476 998 1590 1055 inferius
1604 998 1760 1057 hiemalem.

965 1086 1050 1160 Igitur
1070 1085 1135 1141 dum
1154 1086 1213 1159 ipsa
1227 1087 1308 1143 etiam
1337 1086 1531 1158 discipulorum
1546 1087 1630 1144 corda
1644 1086 1761 1144 brumali

964 1174 1053 1230 adhuc
1074 1174 1162 1247 glacie
1190 1176 1401 1247 stringerentur,
1422 1184 1450 1233 ct
1472 1178 1567 1233 Petrus
1581 1191 1690 1249 quoque
1706 1192 1761 1233 non

964 1262 1054 1319 minus
1068 1263 1160 1335 gelido
1173 1264 1266 1331 corde,
1284 1280 1366 1336 quarn
1381 1279 1496 1337 corpore
1507 1264 1669 1321 calefaceret
1682 1280 1712 1321 ιι
1727 1263 1762 1320 ad

109 1346 287 1403 siderandum
302 1354 353 1416 est,
369 1348 442 1419 quod
457 1348 610 1405 communis
624 1348 679 1417 illa,
696 1347 754 1404 ham
769 1349 908 1419 propheti·
962 1366 1064 1421 prunas
1077 1370 1084 1418 ;
1099 1360 1207 1424 tempus
1221 1355 1333 1411 omnino
1349 1370 1403 1410 uon
1418 1362 1477 1410 erat
1486 1353 1626 1410 habitandi
1640 1353 1669 1408 in
1683 1351 1760 1422 solio,

109 1452 150 1491 cae
164 1437 357 1509 praerogative
380 1438 491 1508 propria
512 1439 647 1495 videatur.
672 1439 731 1494 Nou
755 1438 909 1495 sinecausa
962 1439 1005 1496 rel
1028 1441 1118 1512 potius
1137 1440 1299 1515 apparendi.
1326 1445 1361 1498 at
1375 1442 1423 1498 uhi
1446 1442 1598 1499 cantabitur
1626 1441 1761 1512 candelam

108 1543 178 1584 sane
190 1527 238 1596 ibi,
254 1527 387 1596 vidimus,
398 1528 528 1600 scriptum
543 1537 599 1598 cst3
611 1535 640 1585 et
653 1529 705 1599 hic,
721 1530 797 1587 vidi:
813 1529 865 1585 nisi
879 1538 909 1586 ut
962 1543 1062 1584 novum
1079 1547 1086 1585 :
1103 1531 1194 1588 Hiems
1207 1532 1279 1587 obiit
1290 1535 1318 1588 et
1332 1533 1457 1597 recessit,
1470 1532 1552 1601 tiores
1566 1533 1762 1604 appararemmt

109 1614 184 1670 illam
197 1615 308 1686 quidem
323 1615 460 1690 intelligas
475 1634 536 1675 esse
551 1633 735 1687 communem,
759 1619 829 1675 lianc
842 1635 909 1676 vero
962 1618 994 1671 m
1008 1623 1084 1674 terra
1100 1623 1199 1675 nostro
1214 1619 1311 1684 (durat.
1341 1635 1371 1685 ιι,
1398 1623 1442 1686 tl,
1458 1619 1517 1690 tt);
1534 1625 1689 1690 opportune
1705 1617 1761 1689 jam

109 1703 282 1760 excellentia
311 1706 467 1780 singularis.
492 1707 634 1778 Siquidem
660 1709 763 1779 absque
778 1710 908 1781 speciest
923 1696 945 1774 Β
962 1711 1025 1761 tunc
1040 1706 1203 1763 ascendetur
1223 1707 1251 1762 iu
1270 1707 1378 1774 solium,
1394 1714 1423 1764 ct
1436 1706 1568 1763 habitabit
1588 1705 1721 1764 Dominus
1733 1704 1762 1759 in

108 1791 213 1849 decore
224 1791 311 1850 tm
329 1795 395 1850 vidit
415 1811 489 1865 eum,
510 1803 538 1853 et
552 1797 653 1868 sprevit
668 1798 813 1854 Herodes:
834 1798 908 1854 vide·
961 1794 1079 1850 excelso.

109 1889 173 1937 runt
182 1880 236 1953 ipsi
247 1883 461 1954 quoqueludaei,
474 1885 556 1957 quiet
566 1886 806 1944 dinumeraverunt
817 1886 907 1942 omnia
997 1885 1023 1938 t.
1041 1882 1107 1938 Puta
1121 1898 1189 1959 ergo
1204 1884 1312 1954 lsaiam,
1334 1901 1396 1940 cum
1419 1885 1479 1941 baec
1494 1886 1661 1956 loqueretur,
1681 1881 1763 1938 illlius

108 1984 173 2027 ossa
187 1970 256 2039 eius.
281 1972 340 2026 lam
354 1987 420 2028 vero
435 1989 518 2044 super
533 1975 583 2029 hac
603 1975 708 2032 visione
722 1975 803 2031 beata
817 1973 906 2030 mani·
960 1971 1074 2042 gloriam
1084 1973 1214 2044 temporis
1225 1973 1303 2030 oculo
1318 1972 1475 2044 praevidisse
1485 1971 1646 2045 prophetico
1662 1988 1668 2024 :
1691 1969 1760 2036 Vidi,

109 2057 179 2114 feste
203 2059 336 2130 propbeta
350 2059 516 2118 denuntians
529 2063 585 2118 ait:
605 2064 857 2137 Tollatarimpias,
872 2081 909 2122 rae
960 2060 1227 2132 inquietissimam
1257 2062 1401 2118 sedentem
1425 2077 1512 2133 saper
1537 2059 1641 2118 sotium
1669 2055 1761 2114 excel·

108 2148 204 2207 videat
216 2151 337 2219 pieriam
353 2152 402 2207 Dei
417 2153 496 2222 (lsai,
510 2168 591 2223 xxvi,
604 2154 660 2225 ιο),
960 2166 1035 2214 som,
1051 2157 1103 2204 etc.
1121 2150 1174 2204 Sed
1186 2149 1251 2221 quid
1260 2149 1406 2220 putamus?
1421 2146 1500 2220 quale
1515 2153 1557 2203 est
1570 2145 1666 2202 solium
1677 2143 1759 2209 istud,

144 2241 171 2293 8.
189 2237 333 2295 llultifarie
349 2255 415 2314 ergo
429 2241 576 2314 multisque
589 2243 678 2299 modis
693 2259 747 2301 non
761 2242 849 2299 solum
863 2244 905 2300 10.
960 2238 1077 2295 fratres?
1105 2240 1201 2310 Neque
1224 2239 1296 2293 enim
1325 2237 1480 2293 altissimus
1499 2236 1526 2291 in
1541 2232 1695 2290 manifestis
1717 2230 1760 2288 vel

108 2331 187 2381 cutus
209 2324 237 2380 in
258 2328 406 2398 prophetis,
432 2330 480 2384 sed
501 2338 529 2385 ct
552 2330 626 2387 visus
658 2339 701 2387 est
720 2349 736 2386 a
754 2333 905 2404 prophetis.
960 2325 1122 2382 manufactis
1136 2325 1277 2381 inhahitat.
1293 2325 1373 2381 Nulla
1395 2325 1506 2382 omnino
1520 2321 1639 2379 materia
1662 2334 1760 2393 corpo·

107 2414 227 2485 Agnovit
242 2429 304 2470 eum
321 2416 406 2473 David
418 2417 582 2474 minoratum
595 2421 630 2474 ab
644 2419 906 2494 angelis;lercmias
960 2415 1098 2486 ralisapta
1113 2423 1188 2471 tanto
1202 2414 1281 2480 solio,
1303 2421 1384 2470 tantae
1399 2413 1510 2470 fabricae
1533 2425 1664 2486 congrua,
1678 2407 1761 2482 digna

106 2501 191 2557 etiarn
207 2501 274 2559 vidit
293 2519 355 2559 eum
369 2503 397 2559 in
412 2505 495 2561 terris
520 2523 581 2562 cum
610 2507 765 2564 hominibus
789 2523 906 2564 conver·
961 2512 1035 2560 tanto
1054 2504 1204 2560 habitatore
1232 2503 1349 2563 uirlctur.
1366 2503 1440 2559 Viris
1459 2510 1500 2560 est
1514 2499 1697 2557 construenda
1718 2497 1760 2552 la-

106 2596 233 2661 santem;
248 2590 333 2648 lsaias
346 2594 427 2650 modo
444 2608 528 2665 super
550 2595 648 2652 sotium
662 2596 808 2667 excelsum,
825 2597 907 2654 modo
961 2593 1069 2664 pidibus
1092 2591 1195 2649 fabrica
1231 2592 1391 2664 spiritualis,
1418 2608 1501 2664 quam
1529 2595 1637 2647 verset
1658 2593 1762 2643 eterna

107 2693 164 2734 non
178 2679 269 2735 solum
282 2679 354 2735 infra
367 2681 480 2756 angelos
489 2691 535 2738 aut
550 2681 622 2739 inter
631 2672 765 2751 homiues,
782 2684 831 2740 sed
848 2692 907 2739 tan·
961 2681 1020 2735 Vita
1047 2695 1096 2735 sua
1130 2680 1326 2738 inhabitatione
1354 2680 1490 2754 dignetur.
1530 2674 1651 2748 Quodsi
1673 2673 1763 2729 minus

106 2781 191 2838 quam
214 2766 353 2840 leprosum
376 2786 406 2824 se
430 2770 530 2827 vidisse
550 2777 673 2836 testatur,
694 2772 778 2830 idest
801 2788 856 2829 non
878 2773 906 2828 in
961 2776 1036 2824 tanto
1050 2767 1164 2826 aediticio
1183 2768 1283 2825 sufficit
1298 2769 1421 2841 angelica
1445 2775 1580 2834 creatura,
1597 2763 1760 2837 praeuarica-

106 2870 191 2912 carne
216 2864 331 2927 tantum,
358 2859 408 2915 sed
426 2860 454 2916 in
476 2859 651 2917 similitudine
678 2861 767 2916 caruis
790 2863 905 2934 peccati.
962 2867 1050 2914 torum
1078 2858 1173 2930 utique
1197 2858 1330 2914 minorata
1358 2857 1509 2929 praecipitio
1528 2855 1665 2912 :suscitet
1684 2859 1760 2909 certe

107 2945 148 3000 Tu
160 2960 272 3018 quoque
287 2946 309 3001 si
319 2948 460 3006 desideras
487 2949 580 3006 ridere
604 2949 760 3019 sublimem,
776 2950 906 3007 humilem
961 2947 996 3003 de
1012 2955 1086 3002 terra
1101 2947 1222 3019 inopem,
1240 2954 1267 3002 et
1282 2948 1317 3002 de
1332 2947 1444 3018 pulvere
1463 2945 1551 3019 erigat
1560 2958 1720 3016 pauperem,
1733 2948 1761 2997 ut

106 3034 183 3104 prius
201 3034 295 3091 losum
307 3036 402 3093 videre
425 3048 529 3094 curato.
546 3039 654 3095 lntuere
669 3038 745 3111 prius
759 3040 906 3095 exaltatum
924 2998 946 3077 c
962 3035 1078 3092 cohoeet
1104 3051 1167 3091 eum
1191 3051 1253 3091 cum
1282 3033 1461 3107 principibus,
1486 3039 1514 3089 et
1541 3031 1638 3088 sotium
1666 3027 1761 3101 gloriar

105 3120 135 3177 in
149 3122 261 3180 deserto
275 3132 442 3196 serpentem,
456 3127 480 3181 si
494 3126 587 3183 videre
607 3127 748 3183 desideras
763 3144 859 3198 regem
879 3128 906 3182 in
962 3122 1108 3193 compleat.
1123 3125 1157 3179 Et
1175 3123 1300 3179 fortassis
1318 3129 1463 3194 propterea
1478 3120 1537 3192 ipse
1552 3119 1597 3191 qui
1613 3116 1689 3182 vidit,
1705 3130 1761 3170 non

105 3210 175 3267 solio
205 3212 384 3271 residentem.
405 3214 459 3270 lsta
488 3222 514 3270 te
539 3215 664 3271 humiliet
694 3216 772 3286 visio,
803 3223 832 3270 ut
861 3215 909 3271 illa
963 3211 1046 3266 modo
1069 3211 1208 3266 excelsum
1232 3208 1346 3275 solium;
1372 3208 1420 3263 sed
1443 3214 1472 3263 et
1494 3205 1631 3262 elevatum
1651 3217 1761 3275 quoque

105 3299 208 3356 exaltet
222 3301 402 3357 humiliatum.
423 3303 687 3375 Reprimatetsanet
702 3304 753 3360 ista
771 3311 909 3361 tumorem
964 3299 1107 3356 describit:
1129 3306 1160 3354 ut
1181 3297 1294 3371 proinde
1318 3305 1346 3353 et
1368 3295 1528 3369 angolorum
1552 3292 1656 3350 stabilis
1678 3290 1760 3349 celsi-

106 3395 195 3458 tuum,
209 3399 240 3445 ut
266 3390 313 3447 illa
340 3390 445 3463 repleat
459 3399 487 3447 et
509 3393 591 3449 satiet
628 3392 795 3449 desiderium
822 3400 909 3449 tuum·
964 3388 1039 3455 tudo,
1063 3396 1092 3444 et
1109 3387 1251 3444 hominum
1275 3385 1431 3442 misericors
1450 3383 1566 3441 elevatio
1589 3381 1759 3455 designetur.

105 3479 280 3535 Exinanitum
293 3479 389 3536 uideat
403 3496 458 3538 nou
477 3481 513 3536 sit
526 3482 621 3539 otiosa'
633 3481 713 3553 risio,
725 3482 791 3555 quia
805 3482 910 3539 exalta·
964 3478 1031 3547 Quae
1053 3485 1215 3549 sequuntur,
1237 3474 1439 3548 diligentiorem
1467 3481 1495 3531 et
1517 3473 1577 3545 ipsa
1599 3469 1758 3528 considera·

106 3575 166 3624 tum
180 3569 268 3625 otiose
283 3569 376 3626 v'idcre
391 3585 446 3626 non
461 3571 574 3642 poteris.
596 3571 697 3628 Similis
712 3573 767 3628 aris
787 3571 835 3640 illi,
847 3587 910 3626 cum
963 3568 1065 3624 tionem
1080 3565 1238 3623 desiderare
1255 3564 1400 3621 videntur:
1415 3562 1534 3637 ideoque
1547 3559 1663 3616 sufficiat
1678 3556 1761 3613 hodie

105 3656 210 3713 videris
224 3672 286 3713 eum
317 3657 397 3716 sicuti
412 3665 454 3714 est
469 3677 477 3716 :
492 3668 552 3717 esto
568 3667 596 3717 et
615 3676 689 3715 nunc
712 3660 808 3716 similis
821 3660 857 3728 ei,
873 3659 910 3716 vi-
963 3659 1005 3716 vcl
1024 3655 1151 3729 coepisse.

105 3744 177 3802 dens
187 3760 251 3802 eum
265 3747 335 3803 sicut
349 3757 462 3819 propter
480 3756 508 3805 te
527 3748 614 3804 factus
628 3753 681 3804 ost.
697 3748 725 3805 Si
741 3749 815 3804 enim
831 3765 866 3806 ne
881 3750 909 3805 in

105 3833 259 3892 humilitate
273 3835 384 3906 quidem
402 3835 609 3892 similitudinem
629 3839 690 3908 ejus
705 3837 816 3905 abnuis,
832 3847 910 3896 certa

105 3923 156 3979 tibi
181 3923 353 3981 sublimitatis
370 3940 481 3998 quoque
503 3926 652 3983 similitudo
675 3926 803 3984 debetur.
827 3928 907 3985 Nuu-

105 4031 190 4086 quam
203 4014 249 4072 ille
267 4016 369 4072 socium
385 4016 566 4073 tribulationis
580 4032 597 4072 a
610 4017 908 4093 commuuionegloriae
962 4030 1044 4088 quern
1066 4028 1150 4085 super
1164 4008 1261 4066 solium
1276 4006 1390 4073 viderat,
1407 4007 1558 4079 majestate
1581 4007 1642 4077 ejus
1666 4006 1760 4063 omnis
1842 4000 1847 4009 ’

105 4105 227 4175 patietur
240 4105 337 4161 arceri.
349 4105 475 4178 Denique
489 4121 576 4178 usque
591 4107 660 4163 adeo
675 4120 731 4162 non
745 4106 908 4179 dedignatur
962 4107 1050 4160 terra.
1073 4099 1217 4164 adveniat,
1240 4096 1357 4154 Domino
1372 4110 1488 4167 regnum
1511 4100 1597 4160 tuum,
1622 4100 1651 4148 ut
1669 4093 1760 4162 maje-

104 4193 244 4265 passionis
271 4209 328 4250 suae
351 4202 506 4252 consortem
527 4195 595 4252 etin
620 4211 736 4271 regnum
761 4194 907 4252 admittere
960 4198 1030 4248 state
1050 4197 1096 4245 tua
1115 4188 1186 4244 sicut
1203 4186 1304 4242 coelum
1325 4183 1456 4254 repletur,
1476 4181 1614 4254 repleatur
1633 4186 1662 4236 et
1676 4186 1758 4235 terra.

105 4298 211 4352 secum,
227 4283 298 4338 utin
317 4299 399 4340 cruce
423 4283 557 4340 confitens
580 4284 649 4341 latro
668 4285 765 4340 eadem
781 4284 825 4340 die
844 4301 904 4341 curn
922 4297 945 4375 n
962 4280 1061 4353 thuid
1085 4278 1159 4335 enim
1183 4275 1312 4348 princeps
1335 4273 1418 4342 huJus
1440 4269 1535 4326 mundi
1559 4274 1634 4324 tanto
1652 4267 1759 4367 ‘ubique

106 4386 141 4430 eo
164 4371 288 4428 fueritin
302 4373 440 4444 paradiso.
473 4372 540 4428 lliuc
569 4372 695 4445 estquod
723 4373 760 4428 ait
773 4373 856 4428 ctiam
871 4373 906 4428 ad
960 4369 1052 4427 furore
1066 4362 1322 4430 debacchatur‚nisi
1336 4361 1400 4434 quia
1420 4358 1570 4416 terradata
1590 4364 1632 4413 est
1650 4373 1678 4412 ru
1697 4372 1758 4413 nra·

106 4463 264 4533 apostolos:
282 4463 329 4521 Vos
344 4463 412 4519 estis
425 4464 474 4534 qai
479 4463 678 4534 permansistis
691 4478 802 4520 mecum
815 4463 845 4517 ira
857 4463 907 4518 tri·
960 4475 1011 4515 nus
1024 4455 1125 4528 impii?
1140 4452 1196 4509 Sed
1211 4453 1270 4508 haec
1285 4457 1326 4506 est
1341 4452 1407 4506 hora
1427 4451 1498 4520 ejus,
1510 4456 1538 4504 et
1553 4453 1673 4519 potestas
1687 4453 1761 4502 tene·

106 4550 300 4607 mationibus
309 4553 389 4621 meis,
397 4555 425 4607 et
434 4567 481 4622 epo
491 4551 686 4624 disporaovobis
695 4567 816 4623 regnam
827 4551 904 4620 (Luc.
959 4548 1080 4604 brarum.
1100 4543 1158 4599 Erit
1174 4548 1249 4599 certe
1263 4540 1373 4613 quando
1388 4537 1434 4610 qui
1452 4537 1481 4592 in
1500 4536 1570 4593 coelo
1594 4536 1683 4591 locum
1702 4549 1757 4590 non

107 4655 179 4706 xxrr,
207 4644 252 4706 28,
277 4642 335 4710 29).
368 4640 438 4710 Quia
463 4655 529 4716 ergo
544 4640 566 4695 si
590 4640 781 4714 compatimur,
798 4647 825 4695 et
840 4655 906 4695 con·
959 4635 1061 4698 habuit,
1077 4640 1105 4690 et
1120 4633 1155 4688 ab
1174 4629 1235 4701 ipsa
1249 4642 1359 4700 quoque
1374 4632 1455 4681 terrae
1469 4621 1613 4694 superficie
1627 4622 1758 4678 exturba·

107 4729 307 4804 regnabimus:
324 4729 480 4785 sitinterim
500 4728 641 4787 meditatio
661 4736 764 4796 nostra,
795 4729 904 4793 fratres,
959 4724 1031 4780 bitur
1048 4722 1140 4787 miser,
1157 4717 1281 4776 cavernis
1297 4715 1393 4790 utique
1411 4711 1596 4770 subterraneis
1612 4709 1757 4767 recluden-

105 4817 240 4884 Christus,
257 4825 285 4875 et
298 4819 341 4875 hic
359 4817 513 4876 crucifixus.
529 4821 619 4891 lpsum
633 4833 767 4889 ponamus
780 4817 906 4889 signacu-
958 4814 1017 4869 dus.
1035 4810 1101 4867 llinc
1120 4809 1222 4883 quippe
1234 4807 1368 4880 propheta
1385 4801 1470 4858 David
1482 4807 1637 4857 sauctorum
1646 4813 1759 4898 prospe·

102 4904 161 4963 lum
175 4923 259 4980 super
273 4923 329 4975 cor,
341 4908 511 4981 signaculum
522 4922 606 4979 super
616 4906 757 4963 brachium
768 4913 904 4963 nostrum.
958 4903 1036 4958 ritate
1051 4898 1202 4973 praemissa,
1221 4896 1256 4953 de
1271 4894 1391 4965 maligno
1406 4899 1434 4949 et
1448 4888 1554 4963 angelis
1563 4904 1612 4944 scu
1623 4887 1758 4944 membris

101 4999 197 5069 lpsum
210 4996 408 5068 amplectamur
422 4997 540 5053 brachiis
563 4996 725 5068 quibasdam
740 4996 847 5054 vicariae
861 4996 904 5052 di·
957 4993 1017 5062 eius
1036 4989 1146 5059 adjecit,
1172 4994 1199 5043 et
1219 4986 1274 5042 air:
1299 4985 1359 5042 Noa
1383 4983 1423 5038 εἶθ
1446 4979 1540 5053 impiis
1564 4993 1622 5034 Μ
1635 4979 1688 5046 δῑθι
1708 4976 1757 5034 fid
1844 5060 1850 5065 ι

1184 3740 1272 3800 945
1288 3738 1404 3796 sartho
1425 3739 1450 3793 11
1463 3739 1532 3810 (bl).

1077 3837 1116 3892 De
1129 3832 1220 3891 vertis
1238 3832 1319 3887 laotoe
1337 3829 1492 3903 prophetae,
1507 3841 1548 3893 va,
1567 3830 1592 3897 t,
1609 3829 1636 3884 3.

999 3930 1023 3980 t.
1050 3926 1139 3982 Plena
1160 3925 1234 3991 erat,
1259 3919 1296 3974 ait
1324 3915 1525 3988 contemplator
1542 3921 1634 3970 noster
1656 3912 1691 3970 de
1715 3928 1759 3980 eo,

92 5086 238 5153 ,lectionis
249 5087 337 5158 ipsum
352 5102 499 5158 sequamur
509 5085 599 5142 studio
611 5086 662 5157 piae
676 5086 902 5144 conuersationis.
959 5088 1093 5156 tanquam
1103 5079 1204 5152 patos.
1216 5091 1300 5150 quem
1310 5073 1539 5148 Pf0t'f'02'tvfffmf
1549 5087 1567 5126 θ
1578 5070 1655 5141 imi
1669 5073 1755 5125 ‘m

103 5176 164 5232 lloc
178 5176 253 5232 enim
266 5175 329 5243 iter,
345 5191 401 5249 qao
416 5175 577 5233 ostendatur
587 5182 615 5231 et
630 5175 708 5232 nobis
723 5174 792 5246 ipse,
805 5174 849 5247 qui
862 5182 904 5231 est
956 5172 1044 5244 (Psoi.
1066 5184 1086 5235 1,
1112 5167 1149 5238 t).
1171 5163 1250 5221 Nulla
1264 5165 1320 5235 janu
1335 5170 1398 5218 tunc
1413 5159 1538 5216 tentandi
1552 5158 1665 5215 facultas
1692 5157 1755 5213 erit·

136 5301 196 5372 (st)
215 5304 244 5358 lu
259 5300 396 5375 plerisque
410 5299 601 5371 manuscriptis
615 5298 745 5355 contiuua
760 5297 832 5355 serie
847 5314 903 5356 ser.
957 5301 1007 5355 bus
1018 5290 1162 5365 reperitur.
1181 5289 1212 5344 Et
1226 5289 1254 5343 in
1269 5287 1346 5369 libris
1358 5287 1471 5370 illorum
1487 5297 1608 5356 quinque
1628 5288 1673 5337 rsh
1688 5298 1753 5339 ser·

100 5388 200 5430 moues
229 5379 285 5429 trcs
313 5381 460 5445 soquentes
475 5373 688 5443 conjunguntur,
706 5375 732 5425 et
753 5368 811 5425 fere
823 5369 902 5427 deest
957 5382 1053 5424 mones
1075 5362 1230 5417 laudantur.
1256 5358 1322 5415 llrde
1347 5358 1395 5417 lab.
1421 5375 1451 5442 ¹,
1472 5369 1531 5437 cap.
1549 5358 1576 5434 ,9
1590 5359 1617 5408 θῑ
1636 5355 1679 5434 ¹9·
1696 5351 1754 5436 ⁰,bt

100 5445 224 5519 quintus,
245 5444 291 5518 qui
306 5459 375 5502 noua
389 5443 583 5502 commentatio
598 5449 639 5497 est
652 5441 679 5496 iu
693 5439 778 5497 verba
801 5440 899 5500 laste:
957 5455 1038 5497 serra
1051 5449 1133 5492 voces
1142 5432 1324 5514 seraphimet
1334 5431 1481 5510 chertrbam
1491 5443 1518 5481 rn
1533 5422 1754 5507 angulanscnbr

100 5517 152 5578 ,gd
167 5525 261 5577 „men
274 5516 304 5574 qn
314 5516 472 5576 colbertino
482 5523 510 5573 θ)
522 5515 589 5574 qu„
600 5512 789 5571 Manqeflomm
802 5512 903 5570 0011101.
956 5527 1020 5570 cum
1034 5508 1123 5565 littera
1137 5522 1177 5575 m,
1191 5520 1219 5559 ιιι
1229 5503 1325 5576 plurali
1334 5517 1395 5562 cuna
1410 5519 1430 5557 a
1444 5516 1472 5555 m
1486 5503 1599 5554 vetustus
1614 5495 1699 5554 hbrrs.
