3734 5948
127 219 183 276 ΥΠ
676 214 713 273 ΙΝ
726 215 787 274 DIE
801 212 937 273 sancto
957 213 1097 273 PASCHAE
1115 213 1244 273 SEDDO.
1735 219 1786 272 278

129 339 318 400 surrectionis.
344 338 423 410 Quod
445 337 468 397 si
490 338 601 396 iudaeus
618 353 673 397 uon
696 336 804 412 quaerit,
829 337 933 410 ample·
950 350 974 432 Α
990 336 1152 413 speranssb
1169 335 1368 405 aliosnscitari;
1389 336 1424 392 ab
1446 351 1479 394 eo
1502 336 1596 411 utique
1619 338 1666 412 qni
1682 338 1787 397 'triom-

129 439 220 490 ctstur
234 438 264 489 et
272 428 391 505 gaudeat
401 429 581 487 Christianus.
590 427 659 486 vicia
674 430 747 486 euim
757 429 800 486 leo
814 429 849 486 de
863 428 935 485 tribu
989 429 1082 501 phavit
1102 428 1198 485 mortis
1216 425 1360 499 imperium
1383 425 1411 482 in
1434 425 1536 498 seipso.
1560 425 1627 484 lude
1650 435 1693 485 est
1715 432 1788 501 quod

129 520 216 576 tuda.
235 519 387 577 Suscitatus
408 527 450 575 εει
473 527 589 592 paterna
611 533 677 576 voce
700 517 786 576 leonis
810 518 932 586 catulusr
989 528 1101 575 caeteros
1115 517 1226 592 quidem
1241 517 1355 573 dicimus
1368 514 1520 585 suscitatos,
1540 516 1677 573 Christum
1696 534 1788 576 resur-

127 611 227 674 clauso
245 609 346 683 prodiit
366 607 481 676 tumulo,
501 609 547 681 qui
562 608 598 665 de
611 607 733 680 patibulo
747 623 802 666 non
816 608 935 665 descen·
990 609 1102 677 rexisse,
1123 608 1169 680 qui
1194 606 1269 662 solus
1293 606 1390 664 virtute
1408 605 1518 679 propria
1531 605 1618 662 vietor
1640 606 1738 677 prodiit
1753 610 1788 667 de

132 698 184 755 dit.
194 700 239 755 Aa
249 713 315 756 vero
329 697 357 753 id
372 697 520 769 majusne,
537 697 640 754 inimici
652 699 737 754 nostri
751 697 805 754 sint
817 698 935 770 judices,
990 696 1132 768 sepulcro:
1148 695 1282 768 siquidem
1297 703 1325 751 ει
1338 695 1366 750 iu
1380 696 1433 752 boc
1447 694 1563 752 vicitleo
1573 695 1607 751 de
1622 695 1693 751 tribu
1707 698 1786 753 tuda.

134 786 182 860 qni
196 794 253 843 tam
266 786 374 843 curiose
393 785 548 843 munierant
561 795 778 855 monumentum,
797 786 938 860 signantes
991 784 1127 856 Quantum
1150 785 1260 858 poterit,
1286 784 1368 841 immo
1389 782 1454 856 quid
1474 799 1530 841 non
1547 800 1628 857 posse
1651 785 1787 843 videbitur

136 877 259 950 lapidem
272 893 335 934 curn
346 876 516 934 custodibus.
536 877 613 932 Hune
638 876 710 932 enim
733 875 852 948 lapidem
877 891 937 931 ma·
990 876 1093 946 vivens,
1111 884 1139 934 et
1152 877 1246 933 diceus
1264 875 1356 932 Patri:
1381 877 1541 946 Resurrcot,
1567 881 1596 933 et
1611 877 1702 934 editoe
1725 895 1789 936 sum
1859 929 1862 932 ,

135 984 222 1040 gnum
235 967 325 1036 valde,
346 967 381 1023 de
403 982 458 1041 quo
481 965 611 1023 mulieres
624 965 676 1022 illae
695 966 801 1023 devotae
823 965 938 1022 invicem
991 974 1084 1028 tecum
1098 967 1184 1038 (Psoi,
1204 964 1417 1038 cxxxv111‚l8)·,
1439 963 1485 1039 qui
1505 970 1560 1020 tarn
1575 973 1673 1038 potens
1688 966 1790 1025 exstitit

135 1057 334 1130 querebantur.
362 1056 434 1112 lacta
468 1057 525 1128 jam
562 1055 761 1113 resurreetione
798 1056 938 1113 Dominica
991 1057 1138 1130 deputatus
1151 1072 1213 1112 cum
1227 1055 1350 1122 mortuis,
1367 1054 1416 1110 sed
1429 1053 1500 1110 inter
1514 1063 1636 1111 mortuos
1650 1055 1744 1116 liberi

137 1147 399 1220 resalutemini,
416 1151 444 1204 et
454 1147 568 1216 resedit,
584 1146 623 1203 sic
640 1146 836 1217 scriptumest,
852 1162 939 1221 seper
1028 1149 1055 1201 8.
1075 1146 1132 1202 Νεε
1144 1159 1211 1202 vero
1231 1141 1459 1199 resurrectionem
1478 1141 1581 1197 distulit
1595 1141 1666 1198 ultra
1682 1145 1787 1201 tertiam

135 1252 202 1294 cum
212 1236 323 1308 (narrt.
335 1237 573 1305 xxrrrr‚tt;llarc.
584 1250 645 1302 xvr,
656 1237 694 1308 3).
705 1235 937 1306 Constatproinde
991 1237 1074 1305 diem,
1099 1242 1130 1291 ut
1159 1234 1294 1306 propheta
1321 1230 1407 1288 tidelis
1438 1230 1600 1299 inveniatur,
1631 1232 1678 1304 qui
1701 1232 1787 1292 dixit:

135 1326 229 1384 clauso
244 1325 344 1383 exiisse
360 1324 463 1383 tumulo
478 1325 628 1383 redivivum
639 1341 747 1398 corpus,
760 1325 832 1399 quod
847 1325 938 1383 clauso
996 1324 1151 1397 Vieificebit
1161 1340 1211 1380 nos
1217 1320 1358 1396 postdecs
1369 1320 1438 1388 dics,
1447 1321 1479 1376 in
1490 1319 1533 1378 dic
1544 1322 1630 1377 tertio
1639 1322 1791 1381 suscitabit

136 1415 258 1489 Virginis
281 1422 360 1472 utero
379 1423 471 1471 natum
487 1415 622 1488 processit
635 1414 664 1470 in
685 1415 780 1483 vitam,
797 1423 824 1472 et
843 1415 877 1470 ad
896 1415 937 1471 di·
992 1434 1043 1474 nor
1057 1417 1134 1487 (Osee
1153 1429 1191 1483 vr,
1209 1415 1247 1486 3).
1267 1413 1353 1468 Decet
1371 1410 1498 1467 nimimm
1516 1417 1545 1466 ut
1560 1411 1789 1482 quemadmodum

136 1503 255 1577 scipulos
278 1504 377 1562 clausis
400 1504 521 1562 introivit
536 1504 627 1575 januis
649 1504 677 1559 in
699 1504 860 1563 conclavim.
883 1504 938 1562 Sed
991 1513 1073 1580 caput
1096 1503 1243 1578 praecesait,
1272 1511 1423 1574 sequuntur
1449 1501 1581 1556 membra.
1610 1502 1641 1556 ln
1669 1502 1789 1573 patibulo

135 1600 178 1650 est
196 1593 273 1650 locus
286 1592 360 1650 unde
375 1592 472 1649 clausis
488 1592 574 1668 noluit
592 1593 745 1667 procedere
758 1594 859 1666 jannis,
874 1608 938 1651 ear·
992 1604 1069 1654 serta
1083 1593 1150 1651 laria
1172 1591 1289 1650 redemit
1302 1592 1450 1658 bominem,
1471 1591 1531 1662 ipsa
1544 1590 1589 1648 die
1612 1606 1666 1663 qua
1687 1591 1791 1648 iecerat

137 1699 184 1740 oer
202 1683 300 1756 utique
319 1681 490 1757 gehennalis.
515 1681 656 1754 Confregit
676 1681 810 1755 siquidem
834 1682 938 1741 ferreos
953 1666 977 1745 Β
993 1685 1130 1743 homiuem
1158 1683 1187 1740 in
1218 1681 1308 1739 initio:
1339 1680 1465 1753 sequenti
1494 1680 1538 1736 die
1561 1679 1739 1737 sabbatizavit
1761 1682 1790 1738 in

135 1782 241 1844 vectes,
257 1771 387 1847 repagula
405 1771 533 1829 universa
556 1771 690 1840 contrivit,
716 1778 745 1829 ut
769 1771 854 1829 libere
875 1788 939 1831 suos
993 1781 1177 1842 monuments,
1203 1778 1388 1829 consummato
1412 1785 1497 1843 opere
1520 1771 1593 1843 quod
1618 1780 1789 1845 susceperat,

135 1863 278 1928 educeret,
295 1876 363 1935 quos
384 1861 541 1919 redemerat
554 1861 587 1917 de
602 1877 684 1918 manu
705 1861 806 1918 inimici
830 1870 857 1919 et
880 1863 938 1935 ple·
991 1863 1072 1923 tertia
1086 1877 1162 1934 vero,
1182 1877 1242 1934 quae
1260 1860 1347 1933 prima
1371 1858 1474 1915 dierum
1499 1868 1551 1928 est,
1573 1859 1700 1930 primitie
1722 1862 1789 1917 dor-

136 1950 938 2025 nisegrederentnrportisagmiua[cliusudditorsancto
991 1954 1132 2011 mientium
1153 1951 1277 2024 apparuit
1297 1949 1393 2005 mortis
1410 1949 1507 2019 victor,
1532 1963 1618 2004 novus
1636 1950 1727 2005 homo.
1749 1953 1790 2008 lta

137 2041 207 2114 rum]
222 2040 422 2110 dealbatorum,
433 2041 478 2115 qui
492 2040 707 2099 laverantstolas
717 2056 791 2109 snas,
807 2043 937 2099 etcandi-
992 2052 1019 2101 et
1029 2060 1089 2114 nos,
1104 2043 1260 2117 quicunque
1275 2040 1416 2112 sequimur
1429 2045 1510 2111 caput
1524 2047 1657 2109 nostmm,
1674 2044 1730 2094 tota
1744 2039 1788 2096 die

134 2130 185 2186 das
199 2145 249 2185 eas
267 2128 391 2187 lecerunt
409 2128 437 2184 in
458 2129 592 2201 sanguine
606 2131 691 2203 Agui,
715 2130 844 2187 candidas
860 2146 937 2204 pror·
990 2135 1042 2190 hae
1056 2147 1109 2207 qua
1123 2131 1248 2204 plasmati
1262 2138 1290 2186 et
1304 2128 1438 2201 redempti
1453 2143 1555 2195 sumus,
1577 2143 1634 2183 non
1649 2143 1788 2185 cessemus

133 2235 180 2275 sus
192 2219 223 2275 in
239 2219 386 2290 sauguine3
409 2218 473 2292 quia
492 2218 574 2275 exivit
593 2235 653 2275 eum
673 2233 706 2275 eo
721 2227 748 2274 et
764 2218 793 2275 in
807 2235 841 2276 co
855 2220 935 2276 etiam
990 2240 1073 2296 agere
1097 2220 1296 2294 poenitentiam,
1321 2233 1375 2274 non
1398 2232 1535 2274 cessemus
1559 2217 1655 2272 tollere
1678 2233 1787 2275 crucem

133 2323 206 2381 aqua
229 2309 375 2380 dealbans3
402 2314 430 2363 et
453 2306 636 2364 testimonium
660 2308 787 2380 perhibet
809 2309 868 2381 ipse
890 2310 935 2382 qui
990 2320 1120 2381 nostram,
1141 2315 1349 2383 perseverantes
1362 2307 1390 2363 in
1410 2322 1452 2374 ea,
1468 2306 1537 2362 sicut
1550 2305 1609 2378 ipse
1624 2321 1786 2377 persevera-

132 2397 212 2455 vidit.
233 2400 289 2454 Aut
301 2405 376 2454 certe
398 2395 529 2454 candidas
546 2397 574 2452 in
594 2397 737 2471 sangnine,
757 2398 806 2454 scd
825 2397 853 2454 id
872 2414 936 2455 san·
989 2403 1037 2471 rit,
1052 2403 1141 2458 donec
1160 2399 1232 2456 dicat
1249 2398 1365 2471 Spiritus
1385 2403 1415 2452 ut
1429 2395 1663 2469 requiescamuss
1685 2396 1787 2454 labori-

133 2487 218 2561 gninn
240 2487 315 2559 tigni
338 2486 436 2543 ”nielli
460 2486 559 2555 lacteo,
582 2486 699 2544 nnndidn
722 2494 750 2543 ei
774 2487 933 2564 mbicundo,
989 2495 1039 2550 bus
1061 2491 1170 2549 nostris.
1199 2489 1342 2547 Neminem
1356 2487 1508 2553 audiamus,
1525 2485 1633 2556 iratres,
1649 2503 1705 2543 non
1723 2504 1786 2544 car·

133 2577 204 2635 deut
218 2577 304 2633 babes
317 2576 345 2632 in
360 2576 472 2633 cantico
489 2576 674 2635 canticomm:
699 2579 826 2635 Dilectus
843 2595 933 2647 meus,
988 2600 1053 2641 nem
1071 2581 1281 2654 etsanguinem,
1291 2593 1347 2635 uon
1362 2577 1486 2651 spiritum
1500 2576 1658 2650 quemlibet,
1671 2575 1787 2636 descen-

132 2666 476 2740 aitsponsaeendidusct
489 2666 671 2733 raimundus,
684 2668 935 2727 electusecmilli-
988 2689 1048 2730 sum
1076 2688 1092 2728 a
1118 2685 1198 2727 cruce
1226 2666 1397 2725 suadentem.
1424 2665 1604 2724 Persistamus
1634 2665 1662 2721 in
1693 2683 1785 2737 eruce,

133 2757 182 2816 int
196 2755 296 2829 (Carn-
311 2774 338 2823 v,
363 2755 650 2830 to).1ndeestquod
673 2755 702 2810 in
726 2756 795 2812 stnln
819 2757 935 2813 candida
988 2763 1134 2820 moriamur
1155 2761 1184 2818 in
1203 2775 1300 2826 cruce;
1325 2758 1495 2830 deponamur
1513 2756 1627 2814 aliorum
1649 2759 1785 2828 manibus,

132 2854 160 2901 et
179 2845 306 2917 fulgureo
326 2843 401 2901 vultu
420 2843 497 2901 testis
519 2858 628 2918 quoque
650 2845 857 2903 resurrectionis
883 2863 933 2921 ap·
988 2868 1043 2909 non
1057 2858 1151 2909 nostra
1172 2849 1292 2907 levitate.
1316 2849 1404 2921 Caput
1424 2854 1546 2903 nostmm
1569 2847 1722 2920 deposuere
1736 2849 1787 2907 viri
1855 2889 1858 2894 ·

132 2943 223 3008 lintei·
985 2943 1072 3015 justi;
1097 2956 1149 2998 nos
1165 2955 1231 2997 vero
1247 2936 1407 3014 dignatione
1422 2951 1471 2992 sua
1484 2936 1575 3010 augeli
1593 2937 1679 2994 sancti
1702 2938 1786 3010 depo·

167 3029 194 3080 6·
210 3024 272 3078 tam
286 3022 310 3080 si
325 3022 496 3079 confutandis
516 3022 671 3080 Jndaenrnnn
694 3023 835 3081 calumniis
857 3025 933 3082 suta-
948 2981 971 3062 e
987 3040 1064 3099 nant,
1084 3039 1114 3088 ut
1136 3033 1322 3088 consummata
1344 3024 1458 3082 viriliter
1480 3025 1524 3082 die
1543 3026 1640 3095 crucis,
1664 3028 1785 3083 secunda

132 3127 196 3170 cere
217 3112 326 3169 videtur
349 3113 401 3168 hoe
421 3111 520 3184 ipsum,
537 3112 609 3185 quod
629 3113 721 3170 clauso
742 3130 870 3186 egressus
893 3125 934 3173 εει
987 3138 1048 3195 quaa
1063 3125 1126 3193 post
1141 3125 1258 3175 mortem
1270 3124 1321 3176 est.
1335 3114 1507 3187 quiescamus
1516 3113 1642 3181 suaviter,
1659 3113 1781 3171 donnia·

132 3209 320 3271 monumento,
335 3201 379 3259 cui
392 3202 551 3259 insultantes
563 3202 706 3262 dicebant:
727 3205 757 3261 st
776 3221 828 3263 ree
847 3206 934 3265 lsrael
987 3225 1047 3264 mus
1061 3205 1176 3264 tevidear
1185 3203 1213 3260 in
1223 3201 1364 3275 sepulcris,
1376 3207 1568 3274 exspectantes
1577 3201 1684 3258 boatum
1694 3218 1781 3273 spem,

131 3299 184 3361 cst,
202 3293 351 3351 decondet
368 3294 401 3352 de
420 3309 521 3349 crece:
546 3292 679 3349 curiosius
698 3309 816 3367 namque
836 3310 933 3352 mouu-
988 3308 1014 3357 et
1037 3298 1183 3356 adventurn
1210 3293 1304 3369 gloriae
1332 3290 1424 3365 magni
1451 3289 1511 3358 Dei,
1541 3290 1587 3364 qul
1612 3291 1785 3348 resuscitabit

130 3393 255 3440 mentum
269 3381 396 3439 claudere
411 3390 439 3439 et
459 3383 570 3455 signare
585 3383 757 3450 studuerant,
777 3399 858 3457 quam
872 3383 933 3440 iuli·
986 3403 1101 3461 corpora
1111 3393 1204 3443 nostra
1218 3381 1416 3440 tertiademum
1427 3379 1481 3448 die,
1498 3379 1665 3452 configurata
1675 3382 1783 3454 corpori

129 3488 198 3551 gere
213 3469 323 3539 clavos3
343 3470 367 3527 si
379 3471 463 3544 igitur
476 3471 539 3528 vicit
558 3471 602 3529 leo
616 3472 651 3529 de
666 3472 738 3528 tribu
751 3473 821 3530 tuda
833 3473 861 3529 in
881 3475 933 3531 boc
986 3475 1113 3534 claritatis
1127 3490 1194 3530 suae.
1219 3472 1321 3528 Feteut
1338 3467 1520 3543 quatriduani,
1541 3468 1610 3525 sieut
1625 3469 1660 3526 de
1683 3471 1784 3528 Lazaro

130 3563 191 3635 ipso
215 3576 359 3634 processu,
378 3569 407 3618 et
429 3563 517 3632 majus
540 3561 736 3621 demonstravit
759 3578 827 3635 opus
850 3582 932 3638 quam
985 3566 1125 3623 scribitur:
1148 3566 1213 3622 tum
1236 3565 1316 3635 letat,
1342 3561 1480 3629 Domiuc;
1508 3558 1719 3634 quatriduanus
1741 3565 1784 3617 cst

130 3658 277 3725 peterent;
294 3651 383 3724 ipsum
396 3653 452 3723 jam
475 3652 683 3709 resurrectionis
708 3653 867 3711 miraculum
889 3656 931 3713 cui
985 3658 1062 3716 enim
1076 3656 1167 3729 (toan.
1183 3669 1224 3721 xv,
1240 3651 1296 3724 39).
1481 3659 1484 3663 ’

131 3739 234 3814 poterit
257 3740 433 3813 comparari?
451 3740 578 3815 Legimus
601 3740 715 3814 quidem
739 3742 931 3800 nonnuDorum
1021 3750 1047 3801 9.
1073 3742 1235 3801 Αάἰιιιειιιίο
1258 3740 1373 3798 liliorum
1396 3739 1484 3796 adam
1508 3745 1632 3812 quartam
1656 3737 1783 3797 formavit

130 3829 304 3903 precessisse
317 3828 542 3895 resurrectiones,
562 3837 608 3887 aut
626 3832 712 3903 magis
726 3838 801 3887 certe
815 3832 931 3888 suscita·
985 3835 1068 3902 diem,
1084 3850 1165 3908 quam
1180 3848 1195 3886 a
1213 3829 1328 3886 Domino
1344 3843 1399 3885 uon
1418 3829 1533 3901 accepit.
1551 3829 1701 3902 Propterea
1724 3845 1783 3886 cor·

129 3920 231 3989 tiones,
248 3918 297 3975 sed
311 3918 389 3977 istius
402 3918 594 3990 preambulas,
610 3920 708 3993 quibus
723 3927 751 3978 et
764 3920 866 3994 duplici
880 3923 931 3996 pri·
985 3924 1057 3998 rupti
1085 3930 1158 3994 sunt,
1188 3927 1216 3977 et
1242 3917 1439 3974 abominabiles
1470 3916 1533 3974 lacti
1561 3924 1625 3975 sunt
1655 3926 1782 3993 tanquam

128 4008 229 4083 vilegio
243 4008 365 4065 noscitur
379 4008 646 4081 praeeminereNam
660 4010 752 4067 caeteri
767 4011 931 4084 quidemre-
984 4017 1106 4088 jumenta
1129 4027 1190 4083 quae
1218 4009 1245 4065 iu
1268 4015 1461 4065 stercore'suo
1484 4013 1657 4078 putmerunt.
1680 4007 1783 4068 Divinae

128 4105 306 4155 surrexerant
320 4098 404 4172 [otius
418 4098 536 4155 additur
549 4098 657 4172 mortui]
677 4099 774 4155 iterum
789 4099 928 4158 morituri:
985 4101 1121 4177 siquidem
1135 4097 1312 4156 ordinationis
1326 4104 1368 4153 cst
1382 4096 1500 4154 triduum
1510 4096 1583 4170 quod
1597 4097 1780 4168 prediximus,

127 4186 254 4244 Christus
275 4203 422 4260 resurgens
446 4203 479 4255 ex
503 4189 616 4244 mortuis
641 4189 697 4259 jam
721 4204 776 4246 nou
802 4191 929 4262 moritur;
984 4192 1012 4249 in
1030 4192 1136 4257 labore,
1150 4189 1178 4246 in
1194 4188 1298 4262 requie,
1318 4186 1347 4243 in
1367 4187 1576 4244 resurrectione.
1598 4187 1659 4244 Nou
1673 4188 1783 4261 placent

127 4291 205 4334 mors
219 4275 257 4331 ilii
278 4277 348 4332 ultra
367 4291 421 4332 nou
436 4276 628 4332 dominabitur.
654 4277 696 4334 llli
718 4278 818 4335 mortui
839 4279 930 4338 denuo
945 4296 969 4374 Β
985 4285 1044 4340 baee
1056 4281 1118 4337 liliis
1133 4280 1281 4350 hominum,
1297 4277 1346 4333 sed
1363 4294 1440 4334 suam
1454 4277 1548 4336 volunt
1565 4275 1695 4349 praeferre
1709 4278 1782 4336 diem

126 4380 199 4438 opus
227 4363 329 4422 babent
365 4365 463 4423 iterum
497 4365 669 4422 resuscitari:
702 4367 824 4425 Christus
857 4372 930 4442 quod
985 4371 1143 4428 differentes
1165 4367 1364 4443 paenitentiam,
1392 4374 1424 4423 ut
1451 4365 1610 4440 indulgeant
1639 4368 1784 4440 voluptati.

128 4461 253 4518 mortuus
262 4461 304 4511 εει
313 4464 438 4525 peccato,
449 4463 573 4511 mortuus
584 4462 625 4511 est
639 4454 739 4524 semel;
755 4457 828 4529 qnod
838 4464 930 4514 autern
984 4465 1046 4520 Non
1060 4470 1103 4518 εει
1115 4461 1173 4515 haec
1192 4458 1250 4514 dies
1270 4473 1349 4530 quam
1365 4455 1429 4512 lecit
1442 4457 1594 4512 Dominus:
1610 4459 1783 4529 quatriduani

126 4545 205 4614 vivit,
221 4541 286 4601 vivit
298 4545 357 4601 Deo
371 4545 462 4616 (Rom.
476 4559 513 4612 vx,
529 4550 556 4613 9,
574 4544 629 4618 to),
645 4545 709 4602 virit
722 4545 751 4601 in
765 4548 928 4606 aeternitate.
984 4553 1047 4609 lacti
1067 4558 1139 4615 sunt,
1160 4555 1188 4604 et
1212 4548 1268 4618 jam
1283 4544 1378 4602 fetent.
1394 4544 1455 4601 Non
1470 4545 1544 4601 novit
1558 4546 1638 4614 banc,
1655 4547 1728 4620 quod
1747 4549 1784 4606 de

126 4633 227 4692 blerito
255 4633 370 4706 proinde
398 4633 598 4708 resurgentium
631 4635 755 4706 primitias
788 4637 928 4707 Christns3
984 4641 1067 4697 llario
1090 4646 1184 4695 uatum
1209 4644 1260 4702 est,
1284 4633 1432 4690 Sanctum:
1460 4634 1539 4690 tertia
1562 4635 1710 4693 resurrexit
1726 4637 1781 4695 die.

127 4723 176 4799 qni
191 4724 230 4779 iia
243 4723 433 4790 muntenni,
454 4720 539 4781 895
558 4731 589 4778 ni
610 4724 710 4781 vadere
731 4739 787 4782 non
808 4725 928 4799 adjiciat,
984 4747 1019 4788 ue
1037 4729 1143 4786 videret
1160 4723 1373 4797 corruptionem.
1400 4725 1469 4781 Vicit
1487 4722 1579 4796 itaque
1597 4725 1638 4782 teo
1657 4725 1690 4783 de
1706 4729 1783 4787 tritu

127 4813 176 4889 qni
190 4811 265 4871 nnlnn
279 4813 367 4888 ningit
378 4813 617 4871 immortalitatem.
983 4820 1066 4879 tadu.
1085 4816 1197 4875 Occisus
1215 4823 1257 4872 est
1275 4831 1371 4892 agnus,
1393 4813 1441 4870 sed
1452 4813 1494 4869 leo
1516 4812 1588 4870 vicit.
1608 4815 1663 4871 Leo
1682 4816 1782 4890 rugiat,

163 4905 191 4960 t.
207 4901 256 4970 Est
270 4902 351 4970 allud,
370 4901 398 4957 in
413 4918 467 4974 quo
482 4901 690 4959 resurrectionis
709 4904 789 4975 hujus
803 4903 928 4963 innotes·
983 4909 1044 4982 quis
1057 4924 1112 4965 non
1133 4905 1256 4964 timebit?
1276 4906 1341 4973 Leo,
1367 4904 1488 4977 iuquam,
1504 4901 1666 4961 tortissimus
1689 4907 1784 4964 bestia·

126 4997 174 5049 cat
187 4990 275 5064 gloria
289 4989 445 5066 singularis.
462 4989 529 5061 Quis
546 4990 619 5046 enim
642 4990 669 5046 iu
684 4992 790 5049 eaeteris
804 4995 930 5054 omnibus
985 5016 1053 5068 rum,
1074 4998 1121 5073 qui
1135 4998 1169 5053 ad
1195 4995 1293 5053 nullius
1307 4993 1417 5067 pavebit
1431 5007 1584 5065 occursum,
1609 4995 1712 5054 seilicet
1727 4998 1782 5054 beo

125 5079 271 5137 suscitavit
292 5078 438 5151 aliquando
465 5080 664 5152 semetipsum?
695 5080 835 5140 Ineiinbile
857 5085 930 5142 istud
984 5089 1018 5147 de
1033 5089 1105 5145 tribu
1119 5086 1197 5145 tuda.
1213 5086 1333 5140 Paveant
1351 5080 1398 5156 qui
1411 5082 1626 5154 abnegaverunt,
1643 5085 1689 5158 qui
1703 5086 1783 5143 dixe-

97 5204 100 5208 ·
122 5175 181 5237 est,
203 5176 234 5223 ut
252 5185 269 5224 a
286 5175 374 5224 morte
387 5182 418 5223 ss
437 5167 536 5224 excitet
550 5168 609 5240 ipse
629 5170 675 5241 qui
693 5168 807 5227 dormit.
835 5170 930 5245 singu·
984 5185 1065 5236 runt:
1084 5180 1144 5236 Non
1172 5174 1305 5231 babemus
1333 5188 1426 5246 regem
1453 5172 1510 5229 aar
1535 5172 1671 5233 Curarem
1688 5175 1782 5249 (toan.

123 5254 187 5310 lare
202 5261 261 5321 est;
277 5268 332 5310 non
348 5259 389 5309 est
402 5252 449 5326 qui
464 5252 552 5324 iaciat,
568 5270 624 5311 nou
634 5262 771 5327 estusque
786 5255 820 5311 ad
834 5272 927 5318 naum.
984 5280 1047 5335 xm,
1077 5263 1132 5334 15).
1157 5261 1276 5317 Paveant
1304 5256 1349 5329 qui
1372 5255 1518 5315 dixerunt:
1549 5259 1685 5316 Nolumus
1708 5261 1783 5318 bunc

127 5339 238 5396 illisam
260 5339 396 5412 propbeta
418 5347 556 5396 mortuum
577 5339 719 5398 suscitavit
738 5341 788 5414 (ll'
802 5345 869 5417 Req.
888 5358 929 5419 tv,
984 5364 1103 5423 regnare
1118 5361 1202 5419 super
1220 5361 1271 5403 nos
1290 5343 1366 5415 (Lau
1391 5353 1451 5408 ¹1¹.
1478 5343 1531 5412 at).
1555 5342 1637 5401 Redit
1649 5344 1783 5419 Siquidem

127 5426 186 5497 aa),
202 5424 253 5483 sed
267 5423 394 5491 alterum,
410 5439 466 5482 non
484 5424 671 5499 semetipsum.
686 5426 759 5482 Eoos
777 5426 851 5483 enim
865 5437 931 5503 quot
985 5440 1097 5507 accepto
1115 5445 1212 5504 regno,
1232 5436 1260 5485 et
1279 5427 1366 5484 malus
1383 5424 1456 5483 male
1474 5427 1582 5500 perdet.
1602 5428 1688 5488 Vultis
1701 5445 1784 5489 nosse

127 5513 211 5570 anna
237 5512 313 5584 iacet
332 5513 364 5568 ia'
379 5523 567 5581 monumento,
586 5515 663 5588 quod
679 5532 696 5570 a
713 5531 744 5571 ss
763 5531 818 5574 non
838 5523 930 5590 potest
986 5519 1054 5595 quia
1070 5517 1142 5574 redit
1161 5522 1274 5587 accepto
1294 5513 1405 5587 regnet
1429 5513 1504 5569 Doto
1527 5518 1569 5572 cst
1591 5516 1672 5585 matt,
1688 5515 1776 5590 inquit
