<?xml version="1.0" encoding="UTF-8"?>
<!DOCTYPE html PUBLIC "-//W3C//DTD XHTML 1.0 Transitional//EN"
    "http://www.w3.org/TR/xhtml1/DTD/xhtml1-transitional.dtd">
<html xmlns="http://www.w3.org/1999/xhtml" xml:lang="en" lang="en">
 <head>
  <title>
</title>
<meta http-equiv="Content-Type" content="text/html;charset=utf-8" />
  <meta name='ocr-system' content='tesseract 3.04.00' />
  <meta name='ocr-capabilities' content='ocr_page ocr_carea ocr_par ocr_line ocrx_word'/>
</head>
<body>
  <div class='ocr_page' id='page_1' title='image "./patrologiaecurs56unkngoog_0189.png"; bbox 0 0 3734 5948; ppageno 0'>
   <div class='ocr_carea' id='block_1_1' title="bbox 188 253 240 307">
    <p class='ocr_par' dir='ltr' id='par_1_1' title="bbox 188 253 240 307">
     <span class='ocr_line' id='line_1_1' title="bbox 188 253 240 307; baseline 0.019 -1"><span class='ocrx_word' id='word_1_1' title='bbox 188 253 240 307; x_wconf 77' lang='grc'>367</span> 
     </span>
    </p>
   </div>
   <div class='ocr_carea' id='block_1_2' title="bbox 642 233 1380 299">
    <p class='ocr_par' dir='ltr' id='par_1_2' title="bbox 642 233 1380 299">
     <span class='ocr_line' id='line_1_2' title="bbox 642 233 1380 299; baseline -0.005 -4"><span class='ocrx_word' id='word_1_2' title='bbox 642 239 673 295; x_wconf 90' lang='lat' dir='ltr'>S.</span> <span class='ocrx_word' id='word_1_3' title='bbox 692 236 869 294; x_wconf 73' lang='lat' dir='ltr'>adnotant</span> <span class='ocrx_word' id='word_1_4' title='bbox 887 233 1032 291; x_wconf 76' lang='lat' dir='ltr'>neentis</span> <span class='ocrx_word' id='word_1_5' title='bbox 1050 234 1380 299; x_wconf 67' lang='lat' dir='ltr'>clane-vamensts</span> 
     </span>
    </p>
   </div>
   <div class='ocr_carea' id='block_1_3' title="bbox 1780 238 1831 295">
    <p class='ocr_par' dir='ltr' id='par_1_3' title="bbox 1780 238 1831 295">
     <span class='ocr_line' id='line_1_3' title="bbox 1780 238 1831 295; baseline 0.02 -1"><span class='ocrx_word' id='word_1_6' title='bbox 1780 238 1831 295; x_wconf 77' lang='grc'>368</span> 
     </span>
    </p>
   </div>
   <div class='ocr_carea' id='block_1_4' title="bbox 182 334 1833 451">
    <p class='ocr_par' dir='ltr' id='par_1_4' title="bbox 182 334 1833 451">
     <span class='ocr_line' id='line_1_4' title="bbox 182 334 1833 451; baseline -0.009 -20"><span class='ocrx_word' id='word_1_7' title='bbox 182 373 260 430; x_wconf 82' lang='lat' dir='ltr'>Unde</span> <span class='ocrx_word' id='word_1_8' title='bbox 276 369 344 428; x_wconf 91' lang='lat' dir='ltr'>hocl</span> <span class='ocrx_word' id='word_1_9' title='bbox 361 368 465 437; x_wconf 88' lang='lat' dir='ltr'>Nempe</span> <span class='ocrx_word' id='word_1_10' title='bbox 476 365 537 436; x_wconf 89' lang='lat' dir='ltr'>quia</span> <span class='ocrx_word' id='word_1_11' title='bbox 551 364 609 418; x_wconf 84' lang='lat' dir='ltr'>Lux</span> <span class='ocrx_word' id='word_1_12' title='bbox 618 361 692 418; x_wconf 90' lang='lat' dir='ltr'>venit</span> <span class='ocrx_word' id='word_1_13' title='bbox 701 360 729 414; x_wconf 91' lang='lat' dir='ltr'>in</span> <span class='ocrx_word' id='word_1_14' title='bbox 740 334 885 425; x_wconf 85' lang='lat' dir='ltr'>mundum,</span> <span class='ocrx_word' id='word_1_15' title='bbox 897 358 976 414; x_wconf 91' lang='lat' dir='ltr'>etdi-</span> <span class='ocrx_word' id='word_1_16' title='bbox 993 373 1017 451; x_wconf 59' lang='grc' dir='ltr'><strong>Α</strong></span> <span class='ocrx_word' id='word_1_17' title='bbox 1033 358 1104 427; x_wconf 76' lang='lat' dir='ltr'>eJus,</span> <span class='ocrx_word' id='word_1_18' title='bbox 1120 367 1147 413; x_wconf 91' lang='lat' dir='ltr'>et</span> <span class='ocrx_word' id='word_1_19' title='bbox 1163 359 1220 414; x_wconf 85' lang='lat' dir='ltr'>haec</span> <span class='ocrx_word' id='word_1_20' title='bbox 1233 357 1314 414; x_wconf 88' lang='lat' dir='ltr'>sedes</span> <span class='ocrx_word' id='word_1_21' title='bbox 1328 359 1402 430; x_wconf 90' lang='lat' dir='ltr'>ejus:</span> <span class='ocrx_word' id='word_1_22' title='bbox 1420 358 1470 413; x_wconf 91' lang='lat' dir='ltr'>nisi</span> <span class='ocrx_word' id='word_1_23' title='bbox 1479 357 1548 414; x_wconf 85' lang='lat' dir='ltr'>sorte</span> <span class='ocrx_word' id='word_1_24' title='bbox 1561 357 1663 415; x_wconf 85' lang='lat' dir='ltr'>excidit</span> <span class='ocrx_word' id='word_1_25' title='bbox 1671 359 1750 416; x_wconf 91' lang='lat' dir='ltr'>vobis</span> <span class='ocrx_word' id='word_1_26' title='bbox 1770 375 1833 435; x_wconf 72' lang='lat' dir='ltr'>que</span> 
     </span>
    </p>
   </div>
   <div class='ocr_carea' id='block_1_5' title="bbox 176 449 979 1585">
    <p class='ocr_par' dir='ltr' id='par_1_5' title="bbox 176 449 979 1394">
     <span class='ocr_line' id='line_1_5' title="bbox 178 449 978 527; baseline -0.023 -7"><span class='ocrx_word' id='word_1_27' title='bbox 178 464 305 520; x_wconf 74' lang='lat' dir='ltr'>leserunt</span> <span class='ocrx_word' id='word_1_28' title='bbox 323 456 446 513; x_wconf 81' lang='lat' dir='ltr'>laomiaes</span> <span class='ocrx_word' id='word_1_29' title='bbox 469 453 556 527; x_wconf 84' lang='lat' dir='ltr'>magis</span> <span class='ocrx_word' id='word_1_30' title='bbox 570 450 698 507; x_wconf 81' lang='lat' dir='ltr'>tenebras</span> <span class='ocrx_word' id='word_1_31' title='bbox 719 464 801 521; x_wconf 89' lang='lat' dir='ltr'>quam</span> <span class='ocrx_word' id='word_1_32' title='bbox 825 449 924 504; x_wconf 84' lang='lat' dir='ltr'>lucem.</span> <span class='ocrx_word' id='word_1_33' title='bbox 943 449 978 503; x_wconf 84' lang='grc' dir='ltr'>Ει</span> 
     </span>
     <span class='ocr_line' id='line_1_6' title="bbox 180 538 979 619; baseline -0.019 -11"><span class='ocrx_word' id='word_1_34' title='bbox 180 555 253 614; x_wconf 81' lang='lat' dir='ltr'>hae,</span> <span class='ocrx_word' id='word_1_35' title='bbox 269 545 366 619; x_wconf 87' lang='lat' dir='ltr'>inquit,</span> <span class='ocrx_word' id='word_1_36' title='bbox 385 546 417 600; x_wconf 78' lang='lat' dir='ltr'>iri</span> <span class='ocrx_word' id='word_1_37' title='bbox 432 543 552 598; x_wconf 79' lang='lat' dir='ltr'>tenebris</span> <span class='ocrx_word' id='word_1_38' title='bbox 568 542 655 605; x_wconf 86' lang='lat' dir='ltr'>lucet,</span> <span class='ocrx_word' id='word_1_39' title='bbox 670 543 698 594; x_wconf 85' lang='lat' dir='ltr'>ct</span> <span class='ocrx_word' id='word_1_40' title='bbox 713 538 906 594; x_wconf 84' lang='lat' dir='ltr'>tenebroecom</span> <span class='ocrx_word' id='word_1_41' title='bbox 921 554 979 593; x_wconf 81' lang='lat' dir='ltr'>noa</span> 
     </span>
     <span class='ocr_line' id='line_1_7' title="bbox 180 625 977 710; baseline -0.023 -13"><span class='ocrx_word' id='word_1_42' title='bbox 180 635 454 710; x_wconf 82' lang='lat' dir='ltr'>comprehenderent</span> <span class='ocrx_word' id='word_1_43' title='bbox 479 631 570 701; x_wconf 73' lang='lat' dir='ltr'>(loon.</span> <span class='ocrx_word' id='word_1_44' title='bbox 596 646 616 692; x_wconf 90' lang='grc' dir='ltr'>ι,</span> <span class='ocrx_word' id='word_1_45' title='bbox 628 628 666 698; x_wconf 82' lang='grc'>5).</span> <span class='ocrx_word' id='word_1_46' title='bbox 692 631 729 681; x_wconf 80' lang='lat' dir='ltr'>he</span> <span class='ocrx_word' id='word_1_47' title='bbox 744 625 766 680; x_wconf 92' lang='lat' dir='ltr'>si</span> <span class='ocrx_word' id='word_1_48' title='bbox 785 626 871 683; x_wconf 87' lang='lat' dir='ltr'>dicat:</span> <span class='ocrx_word' id='word_1_49' title='bbox 893 626 929 679; x_wconf 85' lang='lat' dir='ltr'>Et</span> <span class='ocrx_word' id='word_1_50' title='bbox 948 625 977 679; x_wconf 90' lang='lat' dir='ltr'>in</span> 
     </span>
     <span class='ocr_line' id='line_1_8' title="bbox 179 713 975 798; baseline -0.019 -17"><span class='ocrx_word' id='word_1_51' title='bbox 179 724 277 798; x_wconf 81' lang='lat' dir='ltr'><strong>plateis</strong></span> <span class='ocrx_word' id='word_1_52' title='bbox 286 723 446 780; x_wconf 79' lang='lat' dir='ltr'>derivantur</span> <span class='ocrx_word' id='word_1_53' title='bbox 463 736 552 792; x_wconf 83' lang='lat' dir='ltr'>aque,</span> <span class='ocrx_word' id='word_1_54' title='bbox 568 727 596 773; x_wconf 91' lang='lat' dir='ltr'>et</span> <span class='ocrx_word' id='word_1_55' title='bbox 609 715 714 771; x_wconf 89' lang='lat' dir='ltr'>alienus</span> <span class='ocrx_word' id='word_1_56' title='bbox 727 730 782 771; x_wconf 92' lang='lat' dir='ltr'>non</span> <span class='ocrx_word' id='word_1_57' title='bbox 793 714 860 769; x_wconf 86' lang='lat' dir='ltr'>bibit</span> <span class='ocrx_word' id='word_1_58' title='bbox 874 730 907 768; x_wconf 87' lang='lat' dir='ltr'>ex</span> <span class='ocrx_word' id='word_1_59' title='bbox 922 713 975 784; x_wconf 84' lang='lat' dir='ltr'>eis3</span> 
     </span>
     <span class='ocr_line' id='line_1_9' title="bbox 179 804 976 874; baseline -0.02 -3"><span class='ocrx_word' id='word_1_60' title='bbox 179 823 208 871; x_wconf 91' lang='lat' dir='ltr'>et</span> <span class='ocrx_word' id='word_1_61' title='bbox 227 810 414 870; x_wconf 76' lang='lat' dir='ltr'>misericordia</span> <span class='ocrx_word' id='word_1_62' title='bbox 431 811 459 864; x_wconf 91' lang='lat' dir='ltr'>in</span> <span class='ocrx_word' id='word_1_63' title='bbox 480 807 571 863; x_wconf 88' lang='lat' dir='ltr'>medio</span> <span class='ocrx_word' id='word_1_64' title='bbox 594 804 687 874; x_wconf 89' lang='lat' dir='ltr'>templi</span> <span class='ocrx_word' id='word_1_65' title='bbox 703 812 764 859; x_wconf 88' lang='lat' dir='ltr'>est:</span> <span class='ocrx_word' id='word_1_66' title='bbox 785 817 866 858; x_wconf 91' lang='lat' dir='ltr'>nemo</span> <span class='ocrx_word' id='word_1_67' title='bbox 885 809 976 856; x_wconf 73' lang='lat' dir='ltr'>maren</span> 
     </span>
     <span class='ocr_line' id='line_1_10' title="bbox 176 891 976 975; baseline -0.015 -17"><span class='ocrx_word' id='word_1_68' title='bbox 176 904 282 960; x_wconf 86' lang='lat' dir='ltr'>accedit</span> <span class='ocrx_word' id='word_1_69' title='bbox 306 902 399 975; x_wconf 82' lang='lat' dir='ltr'>latias,</span> <span class='ocrx_word' id='word_1_70' title='bbox 426 913 477 953; x_wconf 90' lang='lat' dir='ltr'>nec</span> <span class='ocrx_word' id='word_1_71' title='bbox 501 905 593 951; x_wconf 90' lang='lat' dir='ltr'>tamen</span> <span class='ocrx_word' id='word_1_72' title='bbox 616 891 759 964; x_wconf 86' lang='lat' dir='ltr'>accedunt]</span> <span class='ocrx_word' id='word_1_73' title='bbox 784 907 817 947; x_wconf 89' lang='lat' dir='ltr'>ex</span> <span class='ocrx_word' id='word_1_74' title='bbox 842 891 884 945; x_wconf 90' lang='lat' dir='ltr'>his</span> <span class='ocrx_word' id='word_1_75' title='bbox 908 905 976 962; x_wconf 87' lang='lat' dir='ltr'>quos</span> 
     </span>
     <span class='ocr_line' id='line_1_11' title="bbox 177 976 976 1045; baseline -0.018 -1"><span class='ocrx_word' id='word_1_76' title='bbox 177 997 271 1045; x_wconf 89' lang='lat' dir='ltr'>manet</span> <span class='ocrx_word' id='word_1_77' title='bbox 285 994 387 1043; x_wconf 87' lang='lat' dir='ltr'>aeterna</span> <span class='ocrx_word' id='word_1_78' title='bbox 401 984 549 1039; x_wconf 88' lang='lat' dir='ltr'>damnatio.</span> <span class='ocrx_word' id='word_1_79' title='bbox 567 982 673 1039; x_wconf 87' lang='lat' dir='ltr'>hledins</span> <span class='ocrx_word' id='word_1_80' title='bbox 686 989 805 1038; x_wconf 88' lang='lat' dir='ltr'>vestrum</span> <span class='ocrx_word' id='word_1_81' title='bbox 815 986 878 1042; x_wconf 90' lang='lat' dir='ltr'>stat,</span> <span class='ocrx_word' id='word_1_82' title='bbox 894 994 911 1032; x_wconf 95' lang='lat' dir='ltr'>o</span> <span class='ocrx_word' id='word_1_83' title='bbox 926 976 976 1031; x_wconf 89' lang='lat' dir='ltr'>mi-</span> 
     </span>
     <span class='ocr_line' id='line_1_12' title="bbox 177 1069 975 1146; baseline -0.016 -14"><span class='ocrx_word' id='word_1_84' title='bbox 177 1078 241 1140; x_wconf 90' lang='lat' dir='ltr'>seri,</span> <span class='ocrx_word' id='word_1_85' title='bbox 266 1091 347 1146; x_wconf 91' lang='lat' dir='ltr'>quem</span> <span class='ocrx_word' id='word_1_86' title='bbox 372 1089 421 1130; x_wconf 89' lang='lat' dir='ltr'>vos</span> <span class='ocrx_word' id='word_1_87' title='bbox 440 1071 566 1129; x_wconf 90' lang='lat' dir='ltr'>nescitis:</span> <span class='ocrx_word' id='word_1_88' title='bbox 592 1079 622 1125; x_wconf 94' lang='lat' dir='ltr'>ut</span> <span class='ocrx_word' id='word_1_89' title='bbox 642 1069 802 1133; x_wconf 90' lang='lat' dir='ltr'>morientes,</span> <span class='ocrx_word' id='word_1_90' title='bbox 827 1075 975 1137; x_wconf 86' lang='lat' dir='ltr'>antequam</span> 
     </span>
     <span class='ocr_line' id='line_1_13' title="bbox 176 1152 974 1227; baseline -0.015 -9"><span class='ocrx_word' id='word_1_91' title='bbox 176 1162 301 1218; x_wconf 88' lang='lat' dir='ltr'>videritis</span> <span class='ocrx_word' id='word_1_92' title='bbox 314 1161 450 1218; x_wconf 76' lang='lat' dir='ltr'>Christum</span> <span class='ocrx_word' id='word_1_93' title='bbox 465 1159 583 1220; x_wconf 88' lang='lat' dir='ltr'>Domini,</span> <span class='ocrx_word' id='word_1_94' title='bbox 600 1173 654 1213; x_wconf 92' lang='lat' dir='ltr'>non</span> <span class='ocrx_word' id='word_1_95' title='bbox 670 1157 697 1211; x_wconf 92' lang='lat' dir='ltr'>in</span> <span class='ocrx_word' id='word_1_96' title='bbox 707 1171 775 1227; x_wconf 88' lang='lat' dir='ltr'>pace</span> <span class='ocrx_word' id='word_1_97' title='bbox 791 1152 974 1223; x_wconf 78' lang='lat' dir='ltr'>dimittamiui3</span> 
     </span>
     <span class='ocr_line' id='line_1_14' title="bbox 176 1240 975 1322; baseline -0.015 -16"><span class='ocrx_word' id='word_1_98' title='bbox 176 1250 226 1306; x_wconf 88' lang='lat' dir='ltr'>sed</span> <span class='ocrx_word' id='word_1_99' title='bbox 251 1251 342 1322; x_wconf 91' lang='lat' dir='ltr'>potius</span> <span class='ocrx_word' id='word_1_100' title='bbox 364 1248 505 1321; x_wconf 88' lang='lat' dir='ltr'>rapiamini</span> <span class='ocrx_word' id='word_1_101' title='bbox 525 1264 541 1302; x_wconf 87' lang='lat' dir='ltr'>a</span> <span class='ocrx_word' id='word_1_102' title='bbox 566 1245 738 1320; x_wconf 80' lang='lat' dir='ltr'>rugientibus</span> <span class='ocrx_word' id='word_1_103' title='bbox 763 1240 922 1315; x_wconf 76' lang='lat' dir='ltr'>praeparatis</span> <span class='ocrx_word' id='word_1_104' title='bbox 941 1240 975 1295; x_wconf 91' lang='lat' dir='ltr'>ad</span> 
     </span>
     <span class='ocr_line' id='line_1_15' title="bbox 178 1352 281 1394; baseline 0.01 -1"><span class='ocrx_word' id='word_1_105' title='bbox 178 1352 281 1394; x_wconf 87' lang='lat' dir='ltr'>eseam.</span> 
     </span>
    </p>

    <p class='ocr_par' dir='ltr' id='par_1_6' title="bbox 177 1423 975 1585">
     <span class='ocr_line' id='line_1_16' title="bbox 213 1423 975 1497; baseline -0.008 -15"><span class='ocrx_word' id='word_1_106' title='bbox 213 1430 239 1482; x_wconf 85' lang='grc'>3.</span> <span class='ocrx_word' id='word_1_107' title='bbox 255 1427 441 1497; x_wconf 78' lang='lat' dir='ltr'>suscepimus,</span> <span class='ocrx_word' id='word_1_108' title='bbox 453 1427 537 1489; x_wconf 84' lang='lat' dir='ltr'>Deus,</span> <span class='ocrx_word' id='word_1_109' title='bbox 548 1423 772 1480; x_wconf 80' lang='lat' dir='ltr'>misericordiore</span> <span class='ocrx_word' id='word_1_110' title='bbox 784 1427 865 1478; x_wconf 83' lang='lat' dir='ltr'>teum</span> <span class='ocrx_word' id='word_1_111' title='bbox 879 1423 975 1477; x_wconf 82' lang='lat' dir='ltr'>inme·</span> 
     </span>
     <span class='ocr_line' id='line_1_17' title="bbox 177 1510 974 1585; baseline -0.009 -13"><span class='ocrx_word' id='word_1_112' title='bbox 177 1516 223 1572; x_wconf 87' lang='lat' dir='ltr'>die</span> <span class='ocrx_word' id='word_1_113' title='bbox 239 1515 339 1585; x_wconf 85' lang='lat' dir='ltr'>templi</span> <span class='ocrx_word' id='word_1_114' title='bbox 354 1515 408 1569; x_wconf 84' lang='lat' dir='ltr'>toi.</span> <span class='ocrx_word' id='word_1_115' title='bbox 424 1513 517 1580; x_wconf 84' lang='lat' dir='ltr'>Longe</span> <span class='ocrx_word' id='word_1_116' title='bbox 527 1521 569 1567; x_wconf 89' lang='lat' dir='ltr'>est</span> <span class='ocrx_word' id='word_1_117' title='bbox 584 1513 634 1566; x_wconf 91' lang='lat' dir='ltr'>hac</span> <span class='ocrx_word' id='word_1_118' title='bbox 644 1511 791 1582; x_wconf 79' lang='lat' dir='ltr'>gratiarnm</span> <span class='ocrx_word' id='word_1_119' title='bbox 801 1510 872 1565; x_wconf 88' lang='lat' dir='ltr'>actio</span> <span class='ocrx_word' id='word_1_120' title='bbox 882 1525 898 1563; x_wconf 91' lang='lat' dir='ltr'>a</span> <span class='ocrx_word' id='word_1_121' title='bbox 908 1523 974 1565; x_wconf 83' lang='lat' dir='ltr'>voce</span> 
     </span>
    </p>
   </div>
   <div class='ocr_carea' id='block_1_6' title="bbox 75 1597 975 1675">
    <p class='ocr_par' dir='ltr' id='par_1_7' title="bbox 75 1597 975 1675">
     <span class='ocr_line' id='line_1_18' title="bbox 75 1597 975 1675; baseline 0 -22"><span class='ocrx_word' id='word_1_122' title='bbox 75 1646 78 1653; x_wconf 31' lang='grc' dir='ltr'>ι</span> <span class='ocrx_word' id='word_1_123' title='bbox 176 1600 224 1655; x_wconf 91' lang='lat' dir='ltr'>illa</span> <span class='ocrx_word' id='word_1_124' title='bbox 233 1600 384 1675; x_wconf 80' lang='lat' dir='ltr'>gementis:</span> <span class='ocrx_word' id='word_1_125' title='bbox 397 1601 526 1662; x_wconf 82' lang='lat' dir='ltr'>Domine,</span> <span class='ocrx_word' id='word_1_126' title='bbox 540 1601 573 1654; x_wconf 85' lang='lat' dir='ltr'>in</span> <span class='ocrx_word' id='word_1_127' title='bbox 586 1599 654 1655; x_wconf 87' lang='lat' dir='ltr'>coele</span> <span class='ocrx_word' id='word_1_128' title='bbox 665 1597 862 1656; x_wconf 76' lang='lat' dir='ltr'>misericordia</span> <span class='ocrx_word' id='word_1_129' title='bbox 873 1602 933 1664; x_wconf 82' lang='lat' dir='ltr'>tuo,</span> <span class='ocrx_word' id='word_1_130' title='bbox 945 1602 975 1654; x_wconf 86' lang='lat' dir='ltr'>et</span> 
     </span>
    </p>
   </div>
   <div class='ocr_carea' id='block_1_7' title="bbox 1028 447 1831 1667">
    <p class='ocr_par' dir='ltr' id='par_1_8' title="bbox 1028 447 1831 1667">
     <span class='ocr_line' id='line_1_19' title="bbox 1033 447 1830 519; baseline 0.005 -20"><span class='ocrx_word' id='word_1_131' title='bbox 1033 461 1104 500; x_wconf 85' lang='lat' dir='ltr'>nram</span> <span class='ocrx_word' id='word_1_132' title='bbox 1120 449 1219 502; x_wconf 85' lang='lat' dir='ltr'>animo</span> <span class='ocrx_word' id='word_1_133' title='bbox 1228 449 1304 518; x_wconf 81' lang='lat' dir='ltr'>justi</span> <span class='ocrx_word' id='word_1_134' title='bbox 1317 447 1394 504; x_wconf 87' lang='lat' dir='ltr'>sedes</span> <span class='ocrx_word' id='word_1_135' title='bbox 1408 448 1559 518; x_wconf 82' lang='lat' dir='ltr'>sapientiae</span> <span class='ocrx_word' id='word_1_136' title='bbox 1569 452 1609 504; x_wconf 86' lang='lat' dir='ltr'>est</span> <span class='ocrx_word' id='word_1_137' title='bbox 1619 447 1738 519; x_wconf 79' lang='lat' dir='ltr'>(oa-tta).</span> <span class='ocrx_word' id='word_1_138' title='bbox 1751 448 1830 518; x_wconf 87' lang='lat' dir='ltr'>Quod</span> 
     </span>
     <span class='ocr_line' id='line_1_20' title="bbox 1032 533 1831 606; baseline 0.005 -19"><span class='ocrx_word' id='word_1_139' title='bbox 1032 548 1099 603; x_wconf 77' lang='lat' dir='ltr'>ergo</span> <span class='ocrx_word' id='word_1_140' title='bbox 1110 534 1276 604; x_wconf 78' lang='lat' dir='ltr'>frequenter,</span> <span class='ocrx_word' id='word_1_141' title='bbox 1283 534 1337 589; x_wconf 91' lang='lat' dir='ltr'>imo</span> <span class='ocrx_word' id='word_1_142' title='bbox 1345 541 1372 589; x_wconf 88' lang='lat' dir='ltr'>et</span> <span class='ocrx_word' id='word_1_143' title='bbox 1379 533 1642 603; x_wconf 87' lang='lat' dir='ltr'>semperadmonere</span> <span class='ocrx_word' id='word_1_144' title='bbox 1648 534 1727 606; x_wconf 90' lang='lat' dir='ltr'>cupio</span> <span class='ocrx_word' id='word_1_145' title='bbox 1732 535 1745 590; x_wconf 88' lang='lat' dir='ltr'>l</span> <span class='ocrx_word' id='word_1_146' title='bbox 1746 544 1831 591; x_wconf 91' lang='lat' dir='ltr'>ratres</span> 
     </span>
     <span class='ocr_line' id='line_1_21' title="bbox 1031 622 1829 690; baseline 0.009 -15"><span class='ocrx_word' id='word_1_147' title='bbox 1031 637 1117 690; x_wconf 87' lang='lat' dir='ltr'>meos,</span> <span class='ocrx_word' id='word_1_148' title='bbox 1133 624 1248 678; x_wconf 89' lang='lat' dir='ltr'>obsecro</span> <span class='ocrx_word' id='word_1_149' title='bbox 1268 631 1296 678; x_wconf 90' lang='lat' dir='ltr'>et</span> <span class='ocrx_word' id='word_1_150' title='bbox 1314 639 1395 690; x_wconf 92' lang='lat' dir='ltr'>nunc,</span> <span class='ocrx_word' id='word_1_151' title='bbox 1417 622 1589 680; x_wconf 91' lang='lat' dir='ltr'>ambulemus</span> <span class='ocrx_word' id='word_1_152' title='bbox 1608 639 1664 680; x_wconf 93' lang='lat' dir='ltr'>non</span> <span class='ocrx_word' id='word_1_153' title='bbox 1678 626 1829 681; x_wconf 91' lang='lat' dir='ltr'>secundum</span> 
     </span>
     <span class='ocr_line' id='line_1_22' title="bbox 1031 709 1828 782; baseline 0.01 -19"><span class='ocrx_word' id='word_1_154' title='bbox 1031 725 1141 765; x_wconf 89' lang='lat' dir='ltr'>carnem</span> <span class='ocrx_word' id='word_1_155' title='bbox 1157 709 1185 764; x_wconf 91' lang='lat' dir='ltr'>ln</span> <span class='ocrx_word' id='word_1_156' title='bbox 1204 725 1296 778; x_wconf 91' lang='lat' dir='ltr'>carne,</span> <span class='ocrx_word' id='word_1_157' title='bbox 1318 727 1352 766; x_wconf 92' lang='lat' dir='ltr'>ne</span> <span class='ocrx_word' id='word_1_158' title='bbox 1370 709 1563 782; x_wconf 85' lang='lat' dir='ltr'>displiceamus</span> <span class='ocrx_word' id='word_1_159' title='bbox 1582 711 1650 767; x_wconf 87' lang='lat' dir='ltr'>Deo.</span> <span class='ocrx_word' id='word_1_160' title='bbox 1668 712 1728 769; x_wconf 88' lang='lat' dir='ltr'>Non</span> <span class='ocrx_word' id='word_1_161' title='bbox 1742 711 1828 771; x_wconf 83' lang='lat' dir='ltr'>simus</span> 
     </span>
     <span class='ocr_line' id='line_1_23' title="bbox 1030 797 1825 867; baseline 0.009 -17"><span class='ocrx_word' id='word_1_162' title='bbox 1030 798 1109 853; x_wconf 90' lang='lat' dir='ltr'>amici</span> <span class='ocrx_word' id='word_1_163' title='bbox 1131 799 1212 867; x_wconf 86' lang='lat' dir='ltr'>hujus</span> <span class='ocrx_word' id='word_1_164' title='bbox 1232 797 1333 863; x_wconf 83' lang='lat' dir='ltr'>saeculi,</span> <span class='ocrx_word' id='word_1_165' title='bbox 1364 815 1398 853; x_wconf 91' lang='lat' dir='ltr'>ne</span> <span class='ocrx_word' id='word_1_166' title='bbox 1423 799 1471 855; x_wconf 91' lang='lat' dir='ltr'>Dei</span> <span class='ocrx_word' id='word_1_167' title='bbox 1491 800 1686 856; x_wconf 83' lang='lat' dir='ltr'>constituamur</span> <span class='ocrx_word' id='word_1_168' title='bbox 1713 800 1825 857; x_wconf 86' lang='lat' dir='ltr'>inimici.</span> 
     </span>
     <span class='ocr_line' id='line_1_24' title="bbox 1030 888 1826 964; baseline -0.001 -20"><span class='ocrx_word' id='word_1_169' title='bbox 1030 888 1197 944; x_wconf 86' lang='lat' dir='ltr'>Resistarnus</span> <span class='ocrx_word' id='word_1_170' title='bbox 1211 905 1319 959; x_wconf 88' lang='lat' dir='ltr'>quoque</span> <span class='ocrx_word' id='word_1_171' title='bbox 1332 888 1425 960; x_wconf 80' lang='lat' dir='ltr'>latios,</span> <span class='ocrx_word' id='word_1_172' title='bbox 1441 889 1517 962; x_wconf 84' lang='lat' dir='ltr'>ergo]</span> <span class='ocrx_word' id='word_1_173' title='bbox 1533 889 1651 952; x_wconf 88' lang='lat' dir='ltr'>diabolo,</span> <span class='ocrx_word' id='word_1_174' title='bbox 1666 898 1695 945; x_wconf 90' lang='lat' dir='ltr'>et</span> <span class='ocrx_word' id='word_1_175' title='bbox 1709 889 1826 964; x_wconf 73' lang='lat' dir='ltr'>lugieta</span> 
     </span>
     <span class='ocr_line' id='line_1_25' title="bbox 1031 977 1826 1053; baseline 0.001 -22"><span class='ocrx_word' id='word_1_176' title='bbox 1031 977 1117 1043; x_wconf 88' lang='lat' dir='ltr'>nohis,</span> <span class='ocrx_word' id='word_1_177' title='bbox 1140 987 1167 1031; x_wconf 93' lang='lat' dir='ltr'>ut</span> <span class='ocrx_word' id='word_1_178' title='bbox 1189 977 1274 1034; x_wconf 91' lang='lat' dir='ltr'>libare</span> <span class='ocrx_word' id='word_1_179' title='bbox 1299 979 1357 1050; x_wconf 87' lang='lat' dir='ltr'>jam</span> <span class='ocrx_word' id='word_1_180' title='bbox 1377 979 1545 1034; x_wconf 90' lang='lat' dir='ltr'>ambulemus</span> <span class='ocrx_word' id='word_1_181' title='bbox 1564 980 1592 1033; x_wconf 92' lang='lat' dir='ltr'>in</span> <span class='ocrx_word' id='word_1_182' title='bbox 1615 978 1723 1050; x_wconf 89' lang='lat' dir='ltr'>spiritu,</span> <span class='ocrx_word' id='word_1_183' title='bbox 1749 985 1778 1034; x_wconf 90' lang='lat' dir='ltr'>et</span> <span class='ocrx_word' id='word_1_184' title='bbox 1799 978 1826 1053; x_wconf 86' lang='lat' dir='ltr'>in</span> 
     </span>
     <span class='ocr_line' id='line_1_26' title="bbox 1029 1065 1827 1138; baseline 0.004 -19"><span class='ocrx_word' id='word_1_185' title='bbox 1029 1066 1112 1121; x_wconf 91' lang='lat' dir='ltr'>corde</span> <span class='ocrx_word' id='word_1_186' title='bbox 1127 1065 1160 1120; x_wconf 93' lang='lat' dir='ltr'>sit</span> <span class='ocrx_word' id='word_1_187' title='bbox 1175 1066 1345 1122; x_wconf 89' lang='lat' dir='ltr'>conversatio</span> <span class='ocrx_word' id='word_1_188' title='bbox 1360 1075 1463 1121; x_wconf 91' lang='lat' dir='ltr'>nostra.</span> <span class='ocrx_word' id='word_1_189' title='bbox 1480 1066 1620 1138; x_wconf 82' lang='lat' dir='ltr'>Siquidem</span> <span class='ocrx_word' id='word_1_190' title='bbox 1639 1082 1739 1137; x_wconf 87' lang='lat' dir='ltr'>eorpus</span> <span class='ocrx_word' id='word_1_191' title='bbox 1754 1065 1827 1138; x_wconf 89' lang='lat' dir='ltr'>quod</span> 
     </span>
     <span class='ocr_line' id='line_1_27' title="bbox 1029 1153 1829 1230; baseline 0.001 -21"><span class='ocrx_word' id='word_1_192' title='bbox 1029 1155 1220 1225; x_wconf 80' lang='lat' dir='ltr'>corrumpitur,</span> <span class='ocrx_word' id='word_1_193' title='bbox 1241 1160 1382 1230; x_wconf 75' lang='lat' dir='ltr'>aggravat,</span> <span class='ocrx_word' id='word_1_194' title='bbox 1398 1162 1426 1210; x_wconf 91' lang='lat' dir='ltr'>et</span> <span class='ocrx_word' id='word_1_195' title='bbox 1441 1162 1562 1224; x_wconf 89' lang='lat' dir='ltr'>enervat,</span> <span class='ocrx_word' id='word_1_196' title='bbox 1578 1161 1606 1210; x_wconf 92' lang='lat' dir='ltr'>et</span> <span class='ocrx_word' id='word_1_197' title='bbox 1620 1153 1759 1211; x_wconf 83' lang='lat' dir='ltr'>effeminat</span> <span class='ocrx_word' id='word_1_198' title='bbox 1774 1154 1829 1210; x_wconf 87' lang='lat' dir='ltr'>aui·</span> 
     </span>
     <span class='ocr_line' id='line_1_28' title="bbox 1029 1241 1825 1315; baseline 0.001 -19"><span class='ocrx_word' id='word_1_199' title='bbox 1029 1258 1117 1309; x_wconf 75' lang='grc' dir='ltr'>ιιιιιιι,</span> <span class='ocrx_word' id='word_1_200' title='bbox 1134 1251 1162 1296; x_wconf 88' lang='grc' dir='ltr'>ιι</span> <span class='ocrx_word' id='word_1_201' title='bbox 1172 1250 1280 1297; x_wconf 85' lang='grc' dir='ltr'>ιιιιιιι</span> <span class='ocrx_word' id='word_1_202' title='bbox 1295 1242 1454 1297; x_wconf 88' lang='lat' dir='ltr'>inhabitatio</span> <span class='ocrx_word' id='word_1_203' title='bbox 1473 1241 1682 1299; x_wconf 87' lang='lat' dir='ltr'>seasummulta</span> <span class='ocrx_word' id='word_1_204' title='bbox 1695 1241 1825 1315; x_wconf 60' lang='lat' dir='ltr'>angium</span> 
     </span>
     <span class='ocr_line' id='line_1_29' title="bbox 1029 1329 1828 1403; baseline 0.003 -21"><span class='ocrx_word' id='word_1_205' title='bbox 1029 1337 1084 1385; x_wconf 91' lang='lat' dir='ltr'>tem</span> <span class='ocrx_word' id='word_1_206' title='bbox 1099 1330 1227 1402; x_wconf 86' lang='lat' dir='ltr'>deprimit</span> <span class='ocrx_word' id='word_1_207' title='bbox 1241 1329 1318 1403; x_wconf 86' lang='lat' dir='ltr'>(Sap.</span> <span class='ocrx_word' id='word_1_208' title='bbox 1335 1346 1375 1394; x_wconf 87' lang='grc' dir='ltr'>ιιι,</span> <span class='ocrx_word' id='word_1_209' title='bbox 1386 1333 1443 1399; x_wconf 83' lang='lat' dir='ltr'>te),</span> <span class='ocrx_word' id='word_1_210' title='bbox 1455 1338 1483 1385; x_wconf 91' lang='lat' dir='ltr'>ut</span> <span class='ocrx_word' id='word_1_211' title='bbox 1495 1329 1657 1386; x_wconf 88' lang='lat' dir='ltr'>adcoelestia</span> <span class='ocrx_word' id='word_1_212' title='bbox 1667 1344 1828 1386; x_wconf 75' lang='lat' dir='ltr'>nonasmr·</span> 
     </span>
     <span class='ocr_line' id='line_1_30' title="bbox 1029 1418 1829 1494; baseline 0.003 -22"><span class='ocrx_word' id='word_1_213' title='bbox 1029 1426 1085 1491; x_wconf 83' lang='lat' dir='ltr'>gat.</span> <span class='ocrx_word' id='word_1_214' title='bbox 1101 1419 1180 1475; x_wconf 91' lang='lat' dir='ltr'>Unde</span> <span class='ocrx_word' id='word_1_215' title='bbox 1196 1428 1223 1474; x_wconf 92' lang='lat' dir='ltr'>et</span> <span class='ocrx_word' id='word_1_216' title='bbox 1233 1419 1369 1489; x_wconf 88' lang='lat' dir='ltr'>sapientia</span> <span class='ocrx_word' id='word_1_217' title='bbox 1379 1419 1460 1488; x_wconf 79' lang='lat' dir='ltr'>hujus</span> <span class='ocrx_word' id='word_1_218' title='bbox 1474 1418 1568 1474; x_wconf 90' lang='lat' dir='ltr'>mnndi</span> <span class='ocrx_word' id='word_1_219' title='bbox 1577 1418 1692 1474; x_wconf 89' lang='lat' dir='ltr'>stultitia</span> <span class='ocrx_word' id='word_1_220' title='bbox 1702 1428 1746 1474; x_wconf 89' lang='lat' dir='ltr'>est</span> <span class='ocrx_word' id='word_1_221' title='bbox 1755 1419 1829 1494; x_wconf 86' lang='lat' dir='ltr'>apud</span> 
     </span>
     <span class='ocr_line' id='line_1_31' title="bbox 1028 1506 1823 1579; baseline 0 -18"><span class='ocrx_word' id='word_1_222' title='bbox 1028 1508 1114 1562; x_wconf 87' lang='lat' dir='ltr'>Deum</span> <span class='ocrx_word' id='word_1_223' title='bbox 1128 1509 1155 1577; x_wconf 80' lang='lat' dir='ltr'>(l</span> <span class='ocrx_word' id='word_1_224' title='bbox 1169 1509 1229 1566; x_wconf 80' lang='lat' dir='ltr'>Cor.</span> <span class='ocrx_word' id='word_1_225' title='bbox 1253 1523 1294 1572; x_wconf 91' lang='lat' dir='ltr'>nr,</span> <span class='ocrx_word' id='word_1_226' title='bbox 1309 1507 1368 1577; x_wconf 84' lang='lat' dir='ltr'>ta);</span> <span class='ocrx_word' id='word_1_227' title='bbox 1391 1514 1419 1561; x_wconf 90' lang='lat' dir='ltr'>et</span> <span class='ocrx_word' id='word_1_228' title='bbox 1436 1523 1452 1561; x_wconf 92' lang='lat' dir='ltr'>a</span> <span class='ocrx_word' id='word_1_229' title='bbox 1471 1506 1590 1578; x_wconf 83' lang='lat' dir='ltr'>maligno</span> <span class='ocrx_word' id='word_1_230' title='bbox 1605 1506 1651 1579; x_wconf 93' lang='lat' dir='ltr'>qui</span> <span class='ocrx_word' id='word_1_231' title='bbox 1665 1511 1823 1576; x_wconf 89' lang='lat' dir='ltr'>superator,</span> 
     </span>
     <span class='ocr_line' id='line_1_32' title="bbox 1029 1595 1827 1667; baseline -0.005 -14"><span class='ocrx_word' id='word_1_232' title='bbox 1029 1599 1053 1653; x_wconf 91' lang='lat' dir='ltr'>ei</span> <span class='ocrx_word' id='word_1_233' title='bbox 1063 1605 1091 1653; x_wconf 92' lang='lat' dir='ltr'>et</span> <span class='ocrx_word' id='word_1_234' title='bbox 1108 1613 1206 1653; x_wconf 90' lang='lat' dir='ltr'>servus</span> <span class='ocrx_word' id='word_1_235' title='bbox 1221 1597 1364 1653; x_wconf 87' lang='lat' dir='ltr'>addicitur.</span> <span class='ocrx_word' id='word_1_236' title='bbox 1382 1597 1465 1652; x_wconf 88' lang='lat' dir='ltr'>Porro</span> <span class='ocrx_word' id='word_1_237' title='bbox 1478 1597 1507 1650; x_wconf 92' lang='lat' dir='ltr'>in</span> <span class='ocrx_word' id='word_1_238' title='bbox 1520 1597 1603 1652; x_wconf 89' lang='lat' dir='ltr'>eorde</span> <span class='ocrx_word' id='word_1_239' title='bbox 1616 1595 1763 1667; x_wconf 87' lang='lat' dir='ltr'>suscipitur</span> <span class='ocrx_word' id='word_1_240' title='bbox 1776 1595 1827 1650; x_wconf 89' lang='lat' dir='ltr'>mi·</span> 
     </span>
    </p>
   </div>
   <div class='ocr_carea' id='block_1_8' title="bbox 176 1679 1826 1760">
    <p class='ocr_par' dir='ltr' id='par_1_9' title="bbox 176 1679 1826 1760">
     <span class='ocr_line' id='line_1_33' title="bbox 176 1679 1826 1760; baseline -0.004 -15"><span class='ocrx_word' id='word_1_241' title='bbox 176 1691 281 1747; x_wconf 83' lang='lat' dir='ltr'>veritos</span> <span class='ocrx_word' id='word_1_242' title='bbox 301 1693 354 1744; x_wconf 84' lang='lat' dir='ltr'>luc</span> <span class='ocrx_word' id='word_1_243' title='bbox 372 1703 461 1760; x_wconf 83' lang='lat' dir='ltr'>usque</span> <span class='ocrx_word' id='word_1_244' title='bbox 477 1686 611 1751; x_wconf 69' lang='lat' dir='ltr'>adcubes</span> <span class='ocrx_word' id='word_1_245' title='bbox 622 1687 711 1756; x_wconf 77' lang='lat' dir='ltr'>(Psoi.</span> <span class='ocrx_word' id='word_1_246' title='bbox 732 1702 826 1755; x_wconf 76' lang='lat' dir='ltr'>xxxv,</span> <span class='ocrx_word' id='word_1_247' title='bbox 849 1690 889 1755; x_wconf 84' lang='grc'>6).</span> <span class='ocrx_word' id='word_1_248' title='bbox 903 1684 973 1754; x_wconf 85' lang='lat' dir='ltr'>Quid</span> <span class='ocrx_word' id='word_1_249' title='bbox 990 1679 1012 1756; x_wconf 78' lang='grc' dir='ltr'><strong><em>Β</em></strong></span> <span class='ocrx_word' id='word_1_250' title='bbox 1028 1685 1184 1752; x_wconf 82' lang='grc' dir='ltr'>ιιιιιοιιιιι,</span> <span class='ocrx_word' id='word_1_251' title='bbox 1206 1685 1235 1740; x_wconf 91' lang='lat' dir='ltr'>in</span> <span class='ocrx_word' id='word_1_252' title='bbox 1253 1686 1336 1740; x_wconf 90' lang='lat' dir='ltr'>corde</span> <span class='ocrx_word' id='word_1_253' title='bbox 1356 1683 1459 1739; x_wconf 88' lang='lat' dir='ltr'>habitat</span> <span class='ocrx_word' id='word_1_254' title='bbox 1478 1683 1612 1752; x_wconf 86' lang='lat' dir='ltr'>Christus,</span> <span class='ocrx_word' id='word_1_255' title='bbox 1632 1683 1661 1738; x_wconf 92' lang='lat' dir='ltr'>iu</span> <span class='ocrx_word' id='word_1_256' title='bbox 1680 1682 1765 1739; x_wconf 89' lang='lat' dir='ltr'>corde</span> <span class='ocrx_word' id='word_1_257' title='bbox 1783 1682 1826 1739; x_wconf 95' lang='lat' dir='ltr'>lo-</span> 
     </span>
    </p>
   </div>
   <div class='ocr_carea' id='block_1_9' title="bbox 176 1771 975 2550">
    <p class='ocr_par' dir='ltr' id='par_1_10' title="bbox 176 1771 975 2550">
     <span class='ocr_line' id='line_1_34' title="bbox 178 1771 972 1840; baseline -0.01 -7"><span class='ocrx_word' id='word_1_258' title='bbox 178 1775 278 1833; x_wconf 80' lang='lat' dir='ltr'>eniml</span> <span class='ocrx_word' id='word_1_259' title='bbox 296 1775 439 1832; x_wconf 80' lang='lat' dir='ltr'>videturne</span> <span class='ocrx_word' id='word_1_260' title='bbox 455 1774 503 1828; x_wconf 92' lang='lat' dir='ltr'>tihi</span> <span class='ocrx_word' id='word_1_261' title='bbox 518 1773 545 1827; x_wconf 90' lang='lat' dir='ltr'>in</span> <span class='ocrx_word' id='word_1_262' title='bbox 567 1773 657 1829; x_wconf 90' lang='lat' dir='ltr'>medio</span> <span class='ocrx_word' id='word_1_263' title='bbox 672 1771 756 1829; x_wconf 89' lang='lat' dir='ltr'>luisse</span> <span class='ocrx_word' id='word_1_264' title='bbox 776 1771 972 1840; x_wconf 88' lang='lat' dir='ltr'>misericordia,</span> 
     </span>
     <span class='ocr_line' id='line_1_35' title="bbox 177 1858 975 1935; baseline -0.009 -14"><span class='ocrx_word' id='word_1_265' title='bbox 177 1881 238 1921; x_wconf 90' lang='lat' dir='ltr'>cum</span> <span class='ocrx_word' id='word_1_266' title='bbox 248 1863 320 1934; x_wconf 91' lang='lat' dir='ltr'>apud</span> <span class='ocrx_word' id='word_1_267' title='bbox 334 1862 565 1935; x_wconf 77' lang='lat' dir='ltr'>soloseoeligenas</span> <span class='ocrx_word' id='word_1_268' title='bbox 581 1861 692 1933; x_wconf 86' lang='lat' dir='ltr'>spiritus</span> <span class='ocrx_word' id='word_1_269' title='bbox 702 1859 870 1916; x_wconf 75' lang='lat' dir='ltr'>haberetur?</span> <span class='ocrx_word' id='word_1_270' title='bbox 886 1862 919 1913; x_wconf 82' lang='grc' dir='ltr'>Αι</span> <span class='ocrx_word' id='word_1_271' title='bbox 929 1858 975 1914; x_wconf 90' lang='lat' dir='ltr'>ubi</span> 
     </span>
     <span class='ocr_line' id='line_1_36' title="bbox 178 1947 973 2020; baseline -0.008 -14"><span class='ocrx_word' id='word_1_272' title='bbox 178 1968 245 2006; x_wconf 90' lang='lat' dir='ltr'>sane</span> <span class='ocrx_word' id='word_1_273' title='bbox 260 1952 411 2007; x_wconf 88' lang='lat' dir='ltr'>minoratus</span> <span class='ocrx_word' id='word_1_274' title='bbox 425 1958 466 2006; x_wconf 89' lang='lat' dir='ltr'>est</span> <span class='ocrx_word' id='word_1_275' title='bbox 481 1949 604 2007; x_wconf 89' lang='lat' dir='ltr'>Christus</span> <span class='ocrx_word' id='word_1_276' title='bbox 613 1949 695 2020; x_wconf 90' lang='lat' dir='ltr'>paulo</span> <span class='ocrx_word' id='word_1_277' title='bbox 710 1949 798 2004; x_wconf 86' lang='lat' dir='ltr'>minus</span> <span class='ocrx_word' id='word_1_278' title='bbox 808 1949 843 2003; x_wconf 90' lang='lat' dir='ltr'>ab</span> <span class='ocrx_word' id='word_1_279' title='bbox 858 1947 973 2019; x_wconf 79' lang='lat' dir='ltr'>angelis,</span> 
     </span>
     <span class='ocr_line' id='line_1_37' title="bbox 176 2036 974 2111; baseline -0.004 -19"><span class='ocrx_word' id='word_1_280' title='bbox 176 2038 318 2111; x_wconf 84' lang='lat' dir='ltr'>laetusque</span> <span class='ocrx_word' id='word_1_281' title='bbox 332 2045 375 2094; x_wconf 95' lang='grc' dir='ltr'>ιιι</span> <span class='ocrx_word' id='word_1_282' title='bbox 389 2039 438 2095; x_wconf 80' lang='grc' dir='ltr'>[ιιι</span> <span class='ocrx_word' id='word_1_283' title='bbox 453 2047 481 2095; x_wconf 89' lang='grc' dir='ltr'>ιι</span> <span class='ocrx_word' id='word_1_284' title='bbox 490 2038 628 2094; x_wconf 91' lang='lat' dir='ltr'>hominum</span> <span class='ocrx_word' id='word_1_285' title='bbox 638 2036 781 2107; x_wconf 89' lang='lat' dir='ltr'>mediator,</span> <span class='ocrx_word' id='word_1_286' title='bbox 797 2052 829 2092; x_wconf 89' lang='lat' dir='ltr'>ac</span> <span class='ocrx_word' id='word_1_287' title='bbox 844 2036 918 2092; x_wconf 88' lang='lat' dir='ltr'>velut</span> <span class='ocrx_word' id='word_1_288' title='bbox 932 2036 974 2091; x_wconf 92' lang='lat' dir='ltr'>la-</span> 
     </span>
     <span class='ocr_line' id='line_1_38' title="bbox 177 2125 975 2199; baseline -0.005 -16"><span class='ocrx_word' id='word_1_289' title='bbox 177 2128 220 2199; x_wconf 90' lang='lat' dir='ltr'>pis</span> <span class='ocrx_word' id='word_1_290' title='bbox 242 2127 382 2199; x_wconf 81' lang='lat' dir='ltr'>angularis</span> <span class='ocrx_word' id='word_1_291' title='bbox 400 2125 553 2198; x_wconf 85' lang='lat' dir='ltr'>pacificavit</span> <span class='ocrx_word' id='word_1_292' title='bbox 576 2143 626 2198; x_wconf 91' lang='lat' dir='ltr'>per</span> <span class='ocrx_word' id='word_1_293' title='bbox 646 2125 805 2196; x_wconf 81' lang='lat' dir='ltr'>sanguinem</span> <span class='ocrx_word' id='word_1_294' title='bbox 825 2141 975 2196; x_wconf 79' lang='lat' dir='ltr'>suumque</span> 
     </span>
     <span class='ocr_line' id='line_1_39' title="bbox 177 2215 975 2288; baseline 0.001 -20"><span class='ocrx_word' id='word_1_295' title='bbox 177 2217 205 2270; x_wconf 93' lang='lat' dir='ltr'>in</span> <span class='ocrx_word' id='word_1_296' title='bbox 219 2216 294 2272; x_wconf 88' lang='lat' dir='ltr'>eoehs</span> <span class='ocrx_word' id='word_1_297' title='bbox 308 2223 380 2282; x_wconf 90' lang='lat' dir='ltr'>sunt,</span> <span class='ocrx_word' id='word_1_298' title='bbox 395 2225 422 2273; x_wconf 93' lang='lat' dir='ltr'>et</span> <span class='ocrx_word' id='word_1_299' title='bbox 444 2232 504 2288; x_wconf 86' lang='lat' dir='ltr'>quae</span> <span class='ocrx_word' id='word_1_300' title='bbox 520 2232 602 2286; x_wconf 90' lang='lat' dir='ltr'>super</span> <span class='ocrx_word' id='word_1_301' title='bbox 626 2223 742 2283; x_wconf 88' lang='lat' dir='ltr'>terram;</span> <span class='ocrx_word' id='word_1_302' title='bbox 763 2230 797 2269; x_wconf 87' lang='lat' dir='ltr'>ex</span> <span class='ocrx_word' id='word_1_303' title='bbox 820 2215 873 2270; x_wconf 90' lang='lat' dir='ltr'>hoc</span> <span class='ocrx_word' id='word_1_304' title='bbox 894 2215 975 2285; x_wconf 91' lang='lat' dir='ltr'>plana</span> 
     </span>
     <span class='ocr_line' id='line_1_40' title="bbox 176 2303 975 2376; baseline 0.008 -20"><span class='ocrx_word' id='word_1_305' title='bbox 176 2305 231 2372; x_wconf 89' lang='lat' dir='ltr'>jam</span> <span class='ocrx_word' id='word_1_306' title='bbox 240 2307 428 2376; x_wconf 84' lang='lat' dir='ltr'>suscepimus,</span> <span class='ocrx_word' id='word_1_307' title='bbox 438 2307 522 2369; x_wconf 83' lang='lat' dir='ltr'>Deus,</span> <span class='ocrx_word' id='word_1_308' title='bbox 531 2303 975 2362; x_wconf 85' lang='lat' dir='ltr'>misericerdiamtueminrnedio</span> 
     </span>
     <span class='ocr_line' id='line_1_41' title="bbox 179 2391 974 2462; baseline 0.001 -16"><span class='ocrx_word' id='word_1_309' title='bbox 179 2393 280 2462; x_wconf 83' lang='lat' dir='ltr'>templi</span> <span class='ocrx_word' id='word_1_310' title='bbox 295 2395 350 2446; x_wconf 86' lang='lat' dir='ltr'>tei.</span> <span class='ocrx_word' id='word_1_311' title='bbox 368 2393 481 2448; x_wconf 85' lang='lat' dir='ltr'>liramus</span> <span class='ocrx_word' id='word_1_312' title='bbox 500 2393 669 2449; x_wconf 89' lang='lat' dir='ltr'>enimetnos</span> <span class='ocrx_word' id='word_1_313' title='bbox 680 2401 776 2448; x_wconf 89' lang='lat' dir='ltr'>natura</span> <span class='ocrx_word' id='word_1_314' title='bbox 792 2393 839 2447; x_wconf 90' lang='lat' dir='ltr'>hhi</span> <span class='ocrx_word' id='word_1_315' title='bbox 857 2391 974 2455; x_wconf 82' lang='lat' dir='ltr'>irae‚sed</span> 
     </span>
     <span class='ocr_line' id='line_1_42' title="bbox 177 2479 975 2550; baseline 0.003 -16"><span class='ocrx_word' id='word_1_316' title='bbox 177 2479 318 2536; x_wconf 86' lang='lat' dir='ltr'>consecuti</span> <span class='ocrx_word' id='word_1_317' title='bbox 339 2494 434 2536; x_wconf 88' lang='lat' dir='ltr'>sumus</span> <span class='ocrx_word' id='word_1_318' title='bbox 456 2479 680 2535; x_wconf 87' lang='lat' dir='ltr'>misericordiam.</span> <span class='ocrx_word' id='word_1_319' title='bbox 705 2482 789 2548; x_wconf 74' lang='lat' dir='ltr'>Cujus</span> <span class='ocrx_word' id='word_1_320' title='bbox 803 2482 849 2536; x_wconf 85' lang='lat' dir='ltr'>irae</span> <span class='ocrx_word' id='word_1_321' title='bbox 869 2479 927 2550; x_wconf 90' lang='lat' dir='ltr'>lilii,</span> <span class='ocrx_word' id='word_1_322' title='bbox 946 2488 975 2536; x_wconf 92' lang='lat' dir='ltr'>et</span> 
     </span>
    </p>
   </div>
   <div class='ocr_carea' id='block_1_10' title="bbox 1027 1771 1826 2548">
    <p class='ocr_par' dir='ltr' id='par_1_11' title="bbox 1028 1771 1826 2007">
     <span class='ocr_line' id='line_1_43' title="bbox 1028 1771 1826 1845; baseline 0.001 -16"><span class='ocrx_word' id='word_1_323' title='bbox 1028 1775 1120 1845; x_wconf 90' lang='lat' dir='ltr'>quitur</span> <span class='ocrx_word' id='word_1_324' title='bbox 1144 1790 1239 1844; x_wconf 91' lang='lat' dir='ltr'>pacem</span> <span class='ocrx_word' id='word_1_325' title='bbox 1261 1774 1288 1828; x_wconf 92' lang='lat' dir='ltr'>in</span> <span class='ocrx_word' id='word_1_326' title='bbox 1312 1771 1419 1843; x_wconf 89' lang='lat' dir='ltr'>plebem</span> <span class='ocrx_word' id='word_1_327' title='bbox 1443 1788 1530 1837; x_wconf 89' lang='lat' dir='ltr'>suam,</span> <span class='ocrx_word' id='word_1_328' title='bbox 1554 1779 1582 1827; x_wconf 89' lang='lat' dir='ltr'>et</span> <span class='ocrx_word' id='word_1_329' title='bbox 1608 1787 1691 1843; x_wconf 90' lang='lat' dir='ltr'>super</span> <span class='ocrx_word' id='word_1_330' title='bbox 1714 1778 1826 1829; x_wconf 86' lang='lat' dir='ltr'>sanctos</span> 
     </span>
     <span class='ocr_line' id='line_1_44' title="bbox 1028 1859 1635 1932; baseline -0.003 -16"><span class='ocrx_word' id='word_1_331' title='bbox 1028 1877 1103 1927; x_wconf 88' lang='lat' dir='ltr'>auos,</span> <span class='ocrx_word' id='word_1_332' title='bbox 1118 1873 1146 1918; x_wconf 91' lang='lat' dir='ltr'>et</span> <span class='ocrx_word' id='word_1_333' title='bbox 1156 1862 1183 1917; x_wconf 93' lang='lat' dir='ltr'>in</span> <span class='ocrx_word' id='word_1_334' title='bbox 1199 1877 1247 1918; x_wconf 88' lang='lat' dir='ltr'>eos</span> <span class='ocrx_word' id='word_1_335' title='bbox 1260 1861 1305 1932; x_wconf 89' lang='lat' dir='ltr'>qui</span> <span class='ocrx_word' id='word_1_336' title='bbox 1320 1868 1516 1916; x_wconf 87' lang='lat' dir='ltr'>convertuntur</span> <span class='ocrx_word' id='word_1_337' title='bbox 1529 1859 1563 1915; x_wconf 93' lang='lat' dir='ltr'>ad</span> <span class='ocrx_word' id='word_1_338' title='bbox 1578 1875 1635 1917; x_wconf 93' lang='lat' dir='ltr'>cor.</span> 
     </span>
     <span class='ocr_line' id='line_1_45' title="bbox 1285 1947 1556 2007; baseline 0.004 -1"><span class='ocrx_word' id='word_1_339' title='bbox 1285 1948 1367 2006; x_wconf 74' lang='grc'>961</span> <span class='ocrx_word' id='word_1_340' title='bbox 1388 1947 1508 2005; x_wconf 80' lang='lat' dir='ltr'>SElllllO</span> <span class='ocrx_word' id='word_1_341' title='bbox 1522 1949 1556 2007; x_wconf 93' lang='lat' dir='ltr'>ll.</span> 
     </span>
    </p>

    <p class='ocr_par' dir='ltr' id='par_1_12' title="bbox 1029 2037 1825 2114">
     <span class='ocr_line' id='line_1_46' title="bbox 1029 2037 1825 2114; baseline 0.001 -20"><span class='ocrx_word' id='word_1_342' title='bbox 1029 2041 1067 2095; x_wconf 83' lang='lat' dir='ltr'>lle</span> <span class='ocrx_word' id='word_1_343' title='bbox 1077 2039 1175 2096; x_wconf 84' lang='lat' dir='ltr'>ordine</span> <span class='ocrx_word' id='word_1_344' title='bbox 1189 2046 1214 2096; x_wconf 87' lang='lat' dir='ltr'>et</span> <span class='ocrx_word' id='word_1_345' title='bbox 1223 2040 1304 2095; x_wconf 82' lang='lat' dir='ltr'>raudo</span> <span class='ocrx_word' id='word_1_346' title='bbox 1313 2039 1499 2111; x_wconf 76' lang='lat' dir='ltr'>processionis</span> <span class='ocrx_word' id='word_1_347' title='bbox 1511 2037 1616 2095; x_wconf 82' lang='lat' dir='ltr'>Christi</span> <span class='ocrx_word' id='word_1_348' title='bbox 1629 2038 1661 2094; x_wconf 85' lang='lat' dir='ltr'>in</span> <span class='ocrx_word' id='word_1_349' title='bbox 1672 2040 1825 2114; x_wconf 83' lang='lat' dir='ltr'>templum.</span> 
     </span>
    </p>

    <p class='ocr_par' dir='ltr' id='par_1_13' title="bbox 1027 2125 1826 2548">
     <span class='ocr_line' id='line_1_47' title="bbox 1066 2125 1826 2198; baseline 0.005 -20"><span class='ocrx_word' id='word_1_350' title='bbox 1066 2128 1091 2178; x_wconf 92' lang='lat' dir='ltr'>l.</span> <span class='ocrx_word' id='word_1_351' title='bbox 1113 2125 1222 2181; x_wconf 88' lang='lat' dir='ltr'>Gratias</span> <span class='ocrx_word' id='word_1_352' title='bbox 1242 2125 1422 2197; x_wconf 84' lang='lat' dir='ltr'>Redemptori</span> <span class='ocrx_word' id='word_1_353' title='bbox 1446 2126 1617 2197; x_wconf 82' lang='lat' dir='ltr'>nostro,·qui</span> <span class='ocrx_word' id='word_1_354' title='bbox 1639 2132 1695 2180; x_wconf 88' lang='lat' dir='ltr'>tam</span> <span class='ocrx_word' id='word_1_355' title='bbox 1714 2126 1826 2198; x_wconf 84' lang='lat' dir='ltr'>copiose</span> 
     </span>
     <span class='ocr_line' id='line_1_48' title="bbox 1030 2213 1825 2284; baseline 0.004 -18"><span class='ocrx_word' id='word_1_356' title='bbox 1030 2214 1162 2283; x_wconf 80' lang='lat' dir='ltr'>praevenit</span> <span class='ocrx_word' id='word_1_357' title='bbox 1182 2230 1232 2270; x_wconf 91' lang='lat' dir='ltr'>nos</span> <span class='ocrx_word' id='word_1_358' title='bbox 1246 2217 1274 2269; x_wconf 92' lang='lat' dir='ltr'>iu</span> <span class='ocrx_word' id='word_1_359' title='bbox 1292 2213 1529 2270; x_wconf 88' lang='lat' dir='ltr'>benedictionibus</span> <span class='ocrx_word' id='word_1_360' title='bbox 1547 2213 1709 2284; x_wconf 80' lang='lat' dir='ltr'>dulcedinis,</span> <span class='ocrx_word' id='word_1_361' title='bbox 1729 2229 1825 2271; x_wconf 84' lang='lat' dir='ltr'>sacra-</span> 
     </span>
     <span class='ocr_line' id='line_1_49' title="bbox 1029 2300 1821 2374; baseline 0.006 -21"><span class='ocrx_word' id='word_1_362' title='bbox 1029 2301 1126 2355; x_wconf 91' lang='lat' dir='ltr'>mentis</span> <span class='ocrx_word' id='word_1_363' title='bbox 1151 2301 1271 2356; x_wconf 74' lang='lat' dir='ltr'>infantiae</span> <span class='ocrx_word' id='word_1_364' title='bbox 1298 2317 1355 2356; x_wconf 85' lang='lat' dir='ltr'>suae</span> <span class='ocrx_word' id='word_1_365' title='bbox 1384 2300 1483 2374; x_wconf 78' lang='lat' dir='ltr'>gaudia</span> <span class='ocrx_word' id='word_1_366' title='bbox 1506 2307 1599 2357; x_wconf 90' lang='lat' dir='ltr'>nestra</span> <span class='ocrx_word' id='word_1_367' title='bbox 1626 2300 1821 2373; x_wconf 87' lang='lat' dir='ltr'>multiphcans.</span> 
     </span>
     <span class='ocr_line' id='line_1_50' title="bbox 1028 2389 1825 2460; baseline 0.004 -18"><span class='ocrx_word' id='word_1_368' title='bbox 1028 2389 1178 2445; x_wconf 86' lang='lat' dir='ltr'>Celebratis</span> <span class='ocrx_word' id='word_1_369' title='bbox 1196 2389 1327 2460; x_wconf 83' lang='lat' dir='ltr'>siquidem</span> <span class='ocrx_word' id='word_1_370' title='bbox 1347 2389 1427 2459; x_wconf 89' lang='lat' dir='ltr'>paulo</span> <span class='ocrx_word' id='word_1_371' title='bbox 1441 2397 1504 2445; x_wconf 87' lang='lat' dir='ltr'>ante</span> <span class='ocrx_word' id='word_1_372' title='bbox 1518 2389 1676 2453; x_wconf 89' lang='lat' dir='ltr'>Nativitate‚</span> <span class='ocrx_word' id='word_1_373' title='bbox 1699 2390 1825 2446; x_wconf 79' lang='lat' dir='ltr'>Choum-</span> 
     </span>
     <span class='ocr_line' id='line_1_51' title="bbox 1027 2477 1826 2548; baseline 0.006 -19"><span class='ocrx_word' id='word_1_374' title='bbox 1027 2477 1128 2532; x_wconf 90' lang='lat' dir='ltr'>cisione</span> <span class='ocrx_word' id='word_1_375' title='bbox 1143 2483 1172 2533; x_wconf 91' lang='lat' dir='ltr'>et</span> <span class='ocrx_word' id='word_1_376' title='bbox 1190 2477 1367 2548; x_wconf 82' lang='lat' dir='ltr'>Apparitione</span> <span class='ocrx_word' id='word_1_377' title='bbox 1381 2478 1452 2547; x_wconf 88' lang='lat' dir='ltr'>ejus,</span> <span class='ocrx_word' id='word_1_378' title='bbox 1464 2477 1548 2532; x_wconf 81' lang='lat' dir='ltr'>festus</span> <span class='ocrx_word' id='word_1_379' title='bbox 1565 2478 1646 2534; x_wconf 90' lang='lat' dir='ltr'>hodie</span> <span class='ocrx_word' id='word_1_380' title='bbox 1656 2478 1739 2535; x_wconf 89' lang='lat' dir='ltr'>uobis</span> <span class='ocrx_word' id='word_1_381' title='bbox 1751 2478 1826 2535; x_wconf 92' lang='lat' dir='ltr'>obla·</span> 
     </span>
    </p>
   </div>
   <div class='ocr_carea' id='block_1_11' title="bbox 172 2563 1827 2993">
    <p class='ocr_par' dir='ltr' id='par_1_14' title="bbox 172 2563 1827 2993">
     <span class='ocr_line' id='line_1_52' title="bbox 176 2563 1827 2640; baseline 0 -18"><span class='ocrx_word' id='word_1_382' title='bbox 176 2583 258 2640; x_wconf 86' lang='lat' dir='ltr'>quam</span> <span class='ocrx_word' id='word_1_383' title='bbox 272 2568 484 2624; x_wconf 90' lang='lat' dir='ltr'>misericordiam</span> <span class='ocrx_word' id='word_1_384' title='bbox 497 2567 660 2624; x_wconf 70' lang='lat' dir='ltr'>consecuti?</span> <span class='ocrx_word' id='word_1_385' title='bbox 674 2569 779 2638; x_wconf 88' lang='lat' dir='ltr'>Nempe</span> <span class='ocrx_word' id='word_1_386' title='bbox 790 2568 835 2622; x_wconf 88' lang='lat' dir='ltr'>lilii</span> <span class='ocrx_word' id='word_1_387' title='bbox 843 2566 973 2638; x_wconf 83' lang='lat' dir='ltr'>ignoran-</span> <span class='ocrx_word' id='word_1_388' title='bbox 1032 2565 1112 2620; x_wconf 89' lang='lat' dir='ltr'>tionis</span> <span class='ocrx_word' id='word_1_389' title='bbox 1139 2565 1223 2637; x_wconf 89' lang='lat' dir='ltr'>ipsius</span> <span class='ocrx_word' id='word_1_390' title='bbox 1246 2565 1305 2621; x_wconf 91' lang='lat' dir='ltr'>dies</span> <span class='ocrx_word' id='word_1_391' title='bbox 1339 2563 1434 2623; x_wconf 82' lang='lat' dir='ltr'>illuxit.</span> <span class='ocrx_word' id='word_1_392' title='bbox 1463 2565 1549 2622; x_wconf 87' lang='lat' dir='ltr'>Hodie</span> <span class='ocrx_word' id='word_1_393' title='bbox 1575 2581 1693 2639; x_wconf 85' lang='lat' dir='ltr'>namque</span> <span class='ocrx_word' id='word_1_394' title='bbox 1720 2567 1827 2624; x_wconf 86' lang='lat' dir='ltr'>sistitur</span> 
     </span>
     <span class='ocr_line' id='line_1_53' title="bbox 177 2653 1826 2729; baseline -0.001 -17"><span class='ocrx_word' id='word_1_395' title='bbox 177 2656 232 2722; x_wconf 87' lang='lat' dir='ltr'>tiae,</span> <span class='ocrx_word' id='word_1_396' title='bbox 257 2655 383 2729; x_wconf 79' lang='lat' dir='ltr'>ignavie,</span> <span class='ocrx_word' id='word_1_397' title='bbox 408 2656 589 2727; x_wconf 90' lang='lat' dir='ltr'>captivitatis:</span> <span class='ocrx_word' id='word_1_398' title='bbox 611 2665 640 2711; x_wconf 90' lang='lat' dir='ltr'>et</span> <span class='ocrx_word' id='word_1_399' title='bbox 658 2655 795 2712; x_wconf 90' lang='lat' dir='ltr'>consecuti</span> <span class='ocrx_word' id='word_1_400' title='bbox 820 2671 912 2710; x_wconf 90' lang='lat' dir='ltr'>sumus</span> <span class='ocrx_word' id='word_1_401' title='bbox 929 2670 973 2710; x_wconf 89' lang='lat' dir='ltr'>sa·</span> <span class='ocrx_word' id='word_1_402' title='bbox 1030 2654 1154 2710; x_wconf 87' lang='lat' dir='ltr'>Creatori</span> <span class='ocrx_word' id='word_1_403' title='bbox 1170 2663 1249 2709; x_wconf 82' lang='lat' dir='ltr'>terrae</span> <span class='ocrx_word' id='word_1_404' title='bbox 1264 2655 1367 2709; x_wconf 89' lang='lat' dir='ltr'>l&#39;ructue</span> <span class='ocrx_word' id='word_1_405' title='bbox 1387 2653 1526 2720; x_wconf 84' lang='lat' dir='ltr'>sublimis;</span> <span class='ocrx_word' id='word_1_406' title='bbox 1546 2655 1625 2710; x_wconf 90' lang='lat' dir='ltr'>hodie</span> <span class='ocrx_word' id='word_1_407' title='bbox 1644 2653 1784 2726; x_wconf 86' lang='lat' dir='ltr'>placabilis</span> <span class='ocrx_word' id='word_1_408' title='bbox 1797 2663 1826 2711; x_wconf 91' lang='lat' dir='ltr'>et</span> 
     </span>
     <span class='ocr_line' id='line_1_54' title="bbox 175 2742 1824 2815; baseline 0.001 -18"><span class='ocrx_word' id='word_1_409' title='bbox 175 2743 317 2815; x_wconf 89' lang='lat' dir='ltr'>pientiam,</span> <span class='ocrx_word' id='word_1_410' title='bbox 332 2743 469 2811; x_wconf 88' lang='lat' dir='ltr'>virtutem,</span> <span class='ocrx_word' id='word_1_411' title='bbox 490 2744 718 2814; x_wconf 89' lang='lat' dir='ltr'>redemptionem.</span> <span class='ocrx_word' id='word_1_412' title='bbox 740 2744 895 2815; x_wconf 78' lang='lat' dir='ltr'>Ignorantia</span> <span class='ocrx_word' id='word_1_413' title='bbox 913 2758 973 2799; x_wconf 93' lang='lat' dir='ltr'>mu·</span> <span class='ocrx_word' id='word_1_414' title='bbox 1028 2745 1085 2799; x_wconf 86' lang='lat' dir='ltr'>Deo</span> <span class='ocrx_word' id='word_1_415' title='bbox 1110 2742 1223 2815; x_wconf 91' lang='lat' dir='ltr'>placens</span> <span class='ocrx_word' id='word_1_416' title='bbox 1243 2743 1331 2798; x_wconf 89' lang='lat' dir='ltr'>hostia</span> <span class='ocrx_word' id='word_1_417' title='bbox 1354 2743 1485 2814; x_wconf 80' lang='lat' dir='ltr'>virgineis</span> <span class='ocrx_word' id='word_1_418' title='bbox 1508 2742 1635 2798; x_wconf 91' lang='lat' dir='ltr'>manibus</span> <span class='ocrx_word' id='word_1_419' title='bbox 1657 2742 1773 2799; x_wconf 79' lang='grc' dir='ltr'>οιιιιιιιι</span> <span class='ocrx_word' id='word_1_420' title='bbox 1795 2743 1824 2800; x_wconf 91' lang='lat' dir='ltr'>ia</span> 
     </span>
     <span class='ocr_line' id='line_1_55' title="bbox 172 2830 1825 2905; baseline 0.002 -20"><span class='ocrx_word' id='word_1_421' title='bbox 172 2831 249 2886; x_wconf 88' lang='lat' dir='ltr'>lieris</span> <span class='ocrx_word' id='word_1_422' title='bbox 259 2832 379 2887; x_wconf 81' lang='lat' dir='ltr'>seducte</span> <span class='ocrx_word' id='word_1_423' title='bbox 393 2841 575 2889; x_wconf 78' lang='lat' dir='ltr'>excecaverat</span> <span class='ocrx_word' id='word_1_424' title='bbox 587 2848 650 2905; x_wconf 82' lang='lat' dir='ltr'>nos3</span> <span class='ocrx_word' id='word_1_425' title='bbox 664 2830 789 2888; x_wconf 91' lang='lat' dir='ltr'>mollities</span> <span class='ocrx_word' id='word_1_426' title='bbox 802 2831 853 2888; x_wconf 90' lang='lat' dir='ltr'>viri</span> <span class='ocrx_word' id='word_1_427' title='bbox 866 2831 973 2886; x_wconf 87' lang='lat' dir='ltr'>abstra-</span> <span class='ocrx_word' id='word_1_428' title='bbox 1027 2830 1139 2900; x_wconf 87' lang='lat' dir='ltr'>templo,</span> <span class='ocrx_word' id='word_1_429' title='bbox 1155 2838 1278 2901; x_wconf 83' lang='lat' dir='ltr'>portatur</span> <span class='ocrx_word' id='word_1_430' title='bbox 1291 2847 1307 2885; x_wconf 90' lang='lat' dir='ltr'>a</span> <span class='ocrx_word' id='word_1_431' title='bbox 1320 2832 1490 2903; x_wconf 90' lang='lat' dir='ltr'>parentibus,</span> <span class='ocrx_word' id='word_1_432' title='bbox 1512 2848 1528 2886; x_wconf 93' lang='grc' dir='ltr'>ι</span> <span class='ocrx_word' id='word_1_433' title='bbox 1547 2831 1660 2888; x_wconf 81' lang='lat' dir='ltr'>senibus</span> <span class='ocrx_word' id='word_1_434' title='bbox 1678 2840 1825 2904; x_wconf 81' lang='lat' dir='ltr'>exspecta·</span> 
     </span>
     <span class='ocr_line' id='line_1_56' title="bbox 174 2919 1825 2993; baseline 0.002 -17"><span class='ocrx_word' id='word_1_435' title='bbox 174 2920 211 2976; x_wconf 90' lang='lat' dir='ltr'>cti</span> <span class='ocrx_word' id='word_1_436' title='bbox 239 2924 267 2976; x_wconf 89' lang='lat' dir='ltr'>et</span> <span class='ocrx_word' id='word_1_437' title='bbox 285 2919 365 2977; x_wconf 85' lang='lat' dir='ltr'>illecti</span> <span class='ocrx_word' id='word_1_438' title='bbox 383 2935 399 2975; x_wconf 88' lang='lat' dir='ltr'>a</span> <span class='ocrx_word' id='word_1_439' title='bbox 423 2920 533 2992; x_wconf 88' lang='lat' dir='ltr'>propria</span> <span class='ocrx_word' id='word_1_440' title='bbox 551 2920 770 2992; x_wconf 88' lang='lat' dir='ltr'>concupiscentia</span> <span class='ocrx_word' id='word_1_441' title='bbox 794 2930 972 2977; x_wconf 86' lang='lat' dir='ltr'>enervaverat</span> <span class='ocrx_word' id='word_1_442' title='bbox 1028 2927 1081 2976; x_wconf 89' lang='lat' dir='ltr'>tur.</span> <span class='ocrx_word' id='word_1_443' title='bbox 1098 2919 1224 2976; x_wconf 84' lang='lat' dir='ltr'>Oll&#39;ernnt</span> <span class='ocrx_word' id='word_1_444' title='bbox 1237 2922 1338 2993; x_wconf 82' lang='lat' dir='ltr'>loseph</span> <span class='ocrx_word' id='word_1_445' title='bbox 1354 2929 1380 2976; x_wconf 92' lang='lat' dir='ltr'>et</span> <span class='ocrx_word' id='word_1_446' title='bbox 1393 2922 1479 2977; x_wconf 83' lang='lat' dir='ltr'>Maria</span> <span class='ocrx_word' id='word_1_447' title='bbox 1489 2920 1641 2978; x_wconf 84' lang='lat' dir='ltr'>sacrificum</span> <span class='ocrx_word' id='word_1_448' title='bbox 1657 2922 1757 2991; x_wconf 83' lang='lat' dir='ltr'>laudis,</span> <span class='ocrx_word' id='word_1_449' title='bbox 1775 2939 1825 2980; x_wconf 87' lang='lat' dir='ltr'>sa·</span> 
     </span>
    </p>
   </div>
   <div class='ocr_carea' id='block_1_12' title="bbox 173 2976 1825 3175">
    <p class='ocr_par' dir='ltr' id='par_1_15' title="bbox 173 2976 1825 3175">
     <span class='ocr_line' id='line_1_57' title="bbox 173 2976 1824 3085; baseline 0.005 -21"><span class='ocrx_word' id='word_1_450' title='bbox 173 3024 241 3081; x_wconf 87' lang='lat' dir='ltr'>nos;</span> <span class='ocrx_word' id='word_1_451' title='bbox 257 3009 362 3065; x_wconf 87' lang='lat' dir='ltr'>malitia</span> <span class='ocrx_word' id='word_1_452' title='bbox 376 3008 476 3065; x_wconf 88' lang='lat' dir='ltr'>diaboli</span> <span class='ocrx_word' id='word_1_453' title='bbox 491 3008 629 3081; x_wconf 85' lang='lat' dir='ltr'>expositos</span> <span class='ocrx_word' id='word_1_454' title='bbox 642 3011 713 3079; x_wconf 88' lang='lat' dir='ltr'>juste</span> <span class='ocrx_word' id='word_1_455' title='bbox 724 3024 740 3063; x_wconf 90' lang='lat' dir='ltr'>a</span> <span class='ocrx_word' id='word_1_456' title='bbox 750 3009 806 3066; x_wconf 89' lang='lat' dir='ltr'>Deo</span> <span class='ocrx_word' id='word_1_457' title='bbox 821 2976 1008 3080; x_wconf 68' lang='lat' dir='ltr'>captivare-⁰</span> <span class='ocrx_word' id='word_1_458' title='bbox 1025 3009 1156 3064; x_wconf 87' lang='lat' dir='ltr'>criticium</span> <span class='ocrx_word' id='word_1_459' title='bbox 1181 3008 1361 3078; x_wconf 88' lang='lat' dir='ltr'>matutinum;</span> <span class='ocrx_word' id='word_1_460' title='bbox 1388 3010 1498 3067; x_wconf 82' lang='lat' dir='ltr'>Simeon</span> <span class='ocrx_word' id='word_1_461' title='bbox 1516 3019 1545 3066; x_wconf 90' lang='grc' dir='ltr'>ιι</span> <span class='ocrx_word' id='word_1_462' title='bbox 1563 3013 1643 3066; x_wconf 75' lang='lat' dir='ltr'>Anna</span> <span class='ocrx_word' id='word_1_463' title='bbox 1663 3012 1824 3085; x_wconf 78' lang='lat' dir='ltr'>suscipiunt</span> 
     </span>
     <span class='ocr_line' id='line_1_58' title="bbox 173 3096 1825 3175; baseline 0.003 -23"><span class='ocrx_word' id='word_1_464' title='bbox 173 3108 214 3154; x_wconf 90' lang='grc' dir='ltr'>ιιι</span> <span class='ocrx_word' id='word_1_465' title='bbox 231 3115 292 3155; x_wconf 93' lang='lat' dir='ltr'>nos.</span> <span class='ocrx_word' id='word_1_466' title='bbox 314 3098 359 3154; x_wconf 92' lang='lat' dir='ltr'>Sic</span> <span class='ocrx_word' id='word_1_467' title='bbox 377 3114 444 3175; x_wconf 76' lang='lat' dir='ltr'>ergo</span> <span class='ocrx_word' id='word_1_468' title='bbox 465 3100 600 3155; x_wconf 87' lang='lat' dir='ltr'>nascimur</span> <span class='ocrx_word' id='word_1_469' title='bbox 618 3099 748 3169; x_wconf 90' lang='lat' dir='ltr'>universi,</span> <span class='ocrx_word' id='word_1_470' title='bbox 769 3099 884 3170; x_wconf 90' lang='lat' dir='ltr'>primum</span> <span class='ocrx_word' id='word_1_471' title='bbox 904 3097 969 3170; x_wconf 91' lang='lat' dir='ltr'>qui·</span> <span class='ocrx_word' id='word_1_472' title='bbox 1025 3097 1067 3151; x_wconf 80' lang='lat' dir='ltr'>hb</span> <span class='ocrx_word' id='word_1_473' title='bbox 1082 3096 1124 3151; x_wconf 90' lang='lat' dir='ltr'>his</span> <span class='ocrx_word' id='word_1_474' title='bbox 1137 3105 1255 3169; x_wconf 90' lang='lat' dir='ltr'>quatuor</span> <span class='ocrx_word' id='word_1_475' title='bbox 1264 3098 1401 3153; x_wconf 90' lang='lat' dir='ltr'>celebrata</span> <span class='ocrx_word' id='word_1_476' title='bbox 1410 3099 1549 3171; x_wconf 88' lang='lat' dir='ltr'>processio</span> <span class='ocrx_word' id='word_1_477' title='bbox 1557 3107 1741 3174; x_wconf 80' lang='lat' dir='ltr'>est,qneper</span> <span class='ocrx_word' id='word_1_478' title='bbox 1753 3117 1825 3174; x_wconf 88' lang='lat' dir='ltr'>qua·</span> 
     </span>
    </p>
   </div>
   <div class='ocr_carea' id='block_1_13' title="bbox 170 3185 969 3522">
    <p class='ocr_par' dir='ltr' id='par_1_16' title="bbox 170 3185 969 3522">
     <span class='ocr_line' id='line_1_59' title="bbox 171 3185 969 3261; baseline 0 -19"><span class='ocrx_word' id='word_1_479' title='bbox 171 3188 235 3242; x_wconf 89' lang='lat' dir='ltr'>dem</span> <span class='ocrx_word' id='word_1_480' title='bbox 253 3189 303 3243; x_wconf 85' lang='lat' dir='ltr'>viae</span> <span class='ocrx_word' id='word_1_481' title='bbox 322 3187 438 3243; x_wconf 88' lang='lat' dir='ltr'>civitatis</span> <span class='ocrx_word' id='word_1_482' title='bbox 452 3187 598 3243; x_wconf 85' lang='lat' dir='ltr'>habitaculi</span> <span class='ocrx_word' id='word_1_483' title='bbox 612 3202 723 3259; x_wconf 89' lang='lat' dir='ltr'>prorsus</span> <span class='ocrx_word' id='word_1_484' title='bbox 741 3188 847 3261; x_wconf 83' lang='lat' dir='ltr'>ignari;</span> <span class='ocrx_word' id='word_1_485' title='bbox 870 3185 969 3242; x_wconf 89' lang='lat' dir='ltr'>deinde</span> 
     </span>
     <span class='ocr_line' id='line_1_60' title="bbox 171 3275 968 3349; baseline -0.003 -19"><span class='ocrx_word' id='word_1_486' title='bbox 171 3275 322 3331; x_wconf 89' lang='lat' dir='ltr'>imbecillas</span> <span class='ocrx_word' id='word_1_487' title='bbox 336 3282 364 3330; x_wconf 91' lang='lat' dir='ltr'>et</span> <span class='ocrx_word' id='word_1_488' title='bbox 377 3275 477 3349; x_wconf 78' lang='lat' dir='ltr'>ignavi,</span> <span class='ocrx_word' id='word_1_489' title='bbox 494 3285 532 3347; x_wconf 84' lang='lat' dir='ltr'>ut,</span> <span class='ocrx_word' id='word_1_490' title='bbox 549 3275 600 3330; x_wconf 90' lang='lat' dir='ltr'>etsi</span> <span class='ocrx_word' id='word_1_491' title='bbox 615 3285 678 3330; x_wconf 92' lang='lat' dir='ltr'>nota</span> <span class='ocrx_word' id='word_1_492' title='bbox 692 3275 771 3331; x_wconf 88' lang='lat' dir='ltr'>nobis</span> <span class='ocrx_word' id='word_1_493' title='bbox 785 3284 858 3331; x_wconf 90' lang='lat' dir='ltr'>esset</span> <span class='ocrx_word' id='word_1_494' title='bbox 871 3276 914 3330; x_wconf 88' lang='lat' dir='ltr'>via</span> <span class='ocrx_word' id='word_1_495' title='bbox 928 3275 968 3329; x_wconf 92' lang='lat' dir='ltr'>vi·</span> 
     </span>
     <span class='ocr_line' id='line_1_61' title="bbox 170 3362 969 3436; baseline -0.001 -18"><span class='ocrx_word' id='word_1_496' title='bbox 170 3369 217 3428; x_wconf 87' lang='lat' dir='ltr'>tae,</span> <span class='ocrx_word' id='word_1_497' title='bbox 243 3363 354 3434; x_wconf 88' lang='lat' dir='ltr'>propria</span> <span class='ocrx_word' id='word_1_498' title='bbox 376 3372 467 3418; x_wconf 90' lang='lat' dir='ltr'>tamen</span> <span class='ocrx_word' id='word_1_499' title='bbox 492 3364 707 3436; x_wconf 77' lang='lat' dir='ltr'>praepediremur</span> <span class='ocrx_word' id='word_1_500' title='bbox 735 3371 762 3418; x_wconf 88' lang='lat' dir='ltr'>et</span> <span class='ocrx_word' id='word_1_501' title='bbox 784 3362 969 3420; x_wconf 90' lang='lat' dir='ltr'>detineremur</span> 
     </span>
     <span class='ocr_line' id='line_1_62' title="bbox 171 3450 969 3522; baseline 0.004 -18"><span class='ocrx_word' id='word_1_502' title='bbox 171 3450 283 3520; x_wconf 85' lang='lat' dir='ltr'>inertia;</span> <span class='ocrx_word' id='word_1_503' title='bbox 302 3460 440 3522; x_wconf 88' lang='lat' dir='ltr'>postremo</span> <span class='ocrx_word' id='word_1_504' title='bbox 455 3451 555 3522; x_wconf 89' lang='lat' dir='ltr'>captivi</span> <span class='ocrx_word' id='word_1_505' title='bbox 569 3453 619 3505; x_wconf 89' lang='lat' dir='ltr'>sub</span> <span class='ocrx_word' id='word_1_506' title='bbox 634 3451 753 3522; x_wconf 83' lang='lat' dir='ltr'>pessimo</span> <span class='ocrx_word' id='word_1_507' title='bbox 767 3452 969 3507; x_wconf 89' lang='lat' dir='ltr'>crudelissimo·</span> 
     </span>
    </p>
   </div>
   <div class='ocr_carea' id='block_1_14' title="bbox 1022 3185 1826 3526">
    <p class='ocr_par' dir='ltr' id='par_1_17' title="bbox 1022 3185 1826 3526">
     <span class='ocr_line' id='line_1_63' title="bbox 1025 3185 1823 3264; baseline 0.01 -25"><span class='ocrx_word' id='word_1_508' title='bbox 1025 3195 1086 3242; x_wconf 90' lang='lat' dir='ltr'>tuor</span> <span class='ocrx_word' id='word_1_509' title='bbox 1099 3187 1174 3242; x_wconf 90' lang='lat' dir='ltr'>urbis</span> <span class='ocrx_word' id='word_1_510' title='bbox 1187 3185 1295 3241; x_wconf 85' lang='lat' dir='ltr'>climata</span> <span class='ocrx_word' id='word_1_511' title='bbox 1313 3190 1481 3243; x_wconf 88' lang='lat' dir='ltr'>solemnibus</span> <span class='ocrx_word' id='word_1_512' title='bbox 1495 3187 1575 3243; x_wconf 89' lang='lat' dir='ltr'>hodie</span> <span class='ocrx_word' id='word_1_513' title='bbox 1589 3188 1695 3264; x_wconf 78' lang='lat' dir='ltr'>gaudiis</span> <span class='ocrx_word' id='word_1_514' title='bbox 1707 3191 1742 3245; x_wconf 89' lang='lat' dir='ltr'>ad</span> <span class='ocrx_word' id='word_1_515' title='bbox 1757 3206 1823 3247; x_wconf 90' lang='lat' dir='ltr'>me·</span> 
     </span>
     <span class='ocr_line' id='line_1_64' title="bbox 1023 3275 1826 3347; baseline 0.006 -18"><span class='ocrx_word' id='word_1_516' title='bbox 1023 3275 1137 3330; x_wconf 90' lang='lat' dir='ltr'>moriam</span> <span class='ocrx_word' id='word_1_517' title='bbox 1151 3285 1305 3334; x_wconf 87' lang='lat' dir='ltr'>revocatur.</span> <span class='ocrx_word' id='word_1_518' title='bbox 1325 3275 1394 3345; x_wconf 89' lang='lat' dir='ltr'>Quia</span> <span class='ocrx_word' id='word_1_519' title='bbox 1409 3292 1475 3347; x_wconf 80' lang='lat' dir='ltr'>ergo</span> <span class='ocrx_word' id='word_1_520' title='bbox 1490 3276 1613 3332; x_wconf 76' lang='lat' dir='ltr'>festivam</span> <span class='ocrx_word' id='word_1_521' title='bbox 1628 3276 1709 3334; x_wconf 90' lang='lat' dir='ltr'>hodie</span> <span class='ocrx_word' id='word_1_522' title='bbox 1722 3287 1751 3335; x_wconf 89' lang='lat' dir='ltr'>et</span> <span class='ocrx_word' id='word_1_523' title='bbox 1764 3294 1826 3335; x_wconf 83' lang='lat' dir='ltr'>nos</span> 
     </span>
     <span class='ocr_line' id='line_1_65' title="bbox 1022 3363 1825 3434; baseline 0.009 -18"><span class='ocrx_word' id='word_1_524' title='bbox 1022 3363 1085 3434; x_wconf 89' lang='lat' dir='ltr'>ipsi,</span> <span class='ocrx_word' id='word_1_525' title='bbox 1113 3371 1213 3433; x_wconf 83' lang='lat' dir='ltr'>praeter</span> <span class='ocrx_word' id='word_1_526' title='bbox 1240 3372 1399 3419; x_wconf 86' lang='lat' dir='ltr'>eaeterarum</span> <span class='ocrx_word' id='word_1_527' title='bbox 1422 3365 1645 3421; x_wconf 87' lang='lat' dir='ltr'>consuetudinem</span> <span class='ocrx_word' id='word_1_528' title='bbox 1666 3367 1825 3423; x_wconf 84' lang='lat' dir='ltr'>solemnita-</span> 
     </span>
     <span class='ocr_line' id='line_1_66' title="bbox 1024 3451 1822 3526; baseline 0.013 -23"><span class='ocrx_word' id='word_1_529' title='bbox 1024 3458 1090 3513; x_wconf 91' lang='lat' dir='ltr'>tum,</span> <span class='ocrx_word' id='word_1_530' title='bbox 1112 3451 1198 3505; x_wconf 87' lang='lat' dir='ltr'>acturi</span> <span class='ocrx_word' id='word_1_531' title='bbox 1218 3467 1311 3506; x_wconf 90' lang='lat' dir='ltr'>sumus</span> <span class='ocrx_word' id='word_1_532' title='bbox 1335 3453 1538 3521; x_wconf 87' lang='lat' dir='ltr'>processionem</span> <span class='ocrx_word' id='word_1_533' title='bbox 1562 3454 1631 3526; x_wconf 81' lang='lat'>(60),</span> <span class='ocrx_word' id='word_1_534' title='bbox 1651 3469 1706 3510; x_wconf 90' lang='lat' dir='ltr'>non</span> <span class='ocrx_word' id='word_1_535' title='bbox 1725 3454 1822 3513; x_wconf 89' lang='lat' dir='ltr'>inutile</span> 
     </span>
    </p>
   </div>
   <div class='ocr_carea' id='block_1_15' title="bbox 169 3537 1822 4409">
    <p class='ocr_par' dir='ltr' id='par_1_18' title="bbox 169 3537 1822 4234">
     <span class='ocr_line' id='line_1_67' title="bbox 170 3537 969 3612; baseline 0 -18"><span class='ocrx_word' id='word_1_536' title='bbox 170 3554 224 3612; x_wconf 85' lang='lat' dir='ltr'>que</span> <span class='ocrx_word' id='word_1_537' title='bbox 239 3547 364 3610; x_wconf 87' lang='lat' dir='ltr'>tyranno,</span> <span class='ocrx_word' id='word_1_538' title='bbox 376 3547 404 3592; x_wconf 89' lang='lat' dir='ltr'>ut</span> <span class='ocrx_word' id='word_1_539' title='bbox 418 3537 481 3593; x_wconf 90' lang='lat' dir='ltr'>licet</span> <span class='ocrx_word' id='word_1_540' title='bbox 496 3537 644 3607; x_wconf 91' lang='lat' dir='ltr'>prudentes</span> <span class='ocrx_word' id='word_1_541' title='bbox 658 3555 780 3594; x_wconf 88' lang='lat' dir='ltr'>essemus</span> <span class='ocrx_word' id='word_1_542' title='bbox 794 3547 876 3611; x_wconf 89' lang='lat' dir='ltr'>atque</span> <span class='ocrx_word' id='word_1_543' title='bbox 891 3540 969 3595; x_wconf 90' lang='lat' dir='ltr'>rubu-</span> 
     </span>
     <span class='ocr_line' id='line_1_68' title="bbox 170 3628 969 3701; baseline 0 -17"><span class='ocrx_word' id='word_1_544' title='bbox 170 3629 216 3694; x_wconf 87' lang='lat' dir='ltr'>sti,</span> <span class='ocrx_word' id='word_1_545' title='bbox 245 3630 305 3699; x_wconf 91' lang='lat' dir='ltr'>ipsa</span> <span class='ocrx_word' id='word_1_546' title='bbox 331 3638 421 3683; x_wconf 89' lang='lat' dir='ltr'>tamen</span> <span class='ocrx_word' id='word_1_547' title='bbox 454 3629 559 3684; x_wconf 72' lang='lat' dir='ltr'>miserae</span> <span class='ocrx_word' id='word_1_548' title='bbox 589 3628 728 3683; x_wconf 88' lang='lat' dir='ltr'>servitutis</span> <span class='ocrx_word' id='word_1_549' title='bbox 751 3635 969 3701; x_wconf 84' lang='lat' dir='ltr'>opprimeremur</span> 
     </span>
     <span class='ocr_line' id='line_1_69' title="bbox 170 3716 1821 3790; baseline 0.004 -17"><span class='ocrx_word' id='word_1_550' title='bbox 170 3718 337 3773; x_wconf 91' lang='lat' dir='ltr'>conditione.</span> <span class='ocrx_word' id='word_1_551' title='bbox 353 3716 481 3788; x_wconf 84' lang='lat' dir='ltr'>Nunqnid</span> <span class='ocrx_word' id='word_1_552' title='bbox 496 3732 550 3772; x_wconf 91' lang='lat' dir='ltr'>non</span> <span class='ocrx_word' id='word_1_553' title='bbox 564 3717 748 3773; x_wconf 87' lang='lat' dir='ltr'>misericordia</span> <span class='ocrx_word' id='word_1_554' title='bbox 767 3725 795 3772; x_wconf 90' lang='lat' dir='ltr'>et</span> <span class='ocrx_word' id='word_1_555' title='bbox 814 3718 968 3773; x_wconf 90' lang='lat' dir='ltr'>miseratio·</span> <span class='ocrx_word' id='word_1_556' title='bbox 1023 3716 1118 3770; x_wconf 88' lang='lat' dir='ltr'>hentes</span> <span class='ocrx_word' id='word_1_557' title='bbox 1145 3717 1172 3770; x_wconf 93' lang='lat' dir='ltr'>in</span> <span class='ocrx_word' id='word_1_558' title='bbox 1197 3717 1332 3783; x_wconf 88' lang='lat' dir='ltr'>manibus,</span> <span class='ocrx_word' id='word_1_559' title='bbox 1357 3719 1430 3789; x_wconf 90' lang='lat' dir='ltr'>ipsas</span> <span class='ocrx_word' id='word_1_560' title='bbox 1456 3733 1563 3790; x_wconf 87' lang='lat' dir='ltr'>quoque</span> <span class='ocrx_word' id='word_1_561' title='bbox 1591 3736 1748 3790; x_wconf 86' lang='lat' dir='ltr'>succensas,</span> <span class='ocrx_word' id='word_1_562' title='bbox 1768 3739 1821 3779; x_wconf 89' lang='lat' dir='ltr'>nec</span> 
     </span>
     <span class='ocr_line' id='line_1_70' title="bbox 170 3804 1821 3877; baseline 0.005 -19"><span class='ocrx_word' id='word_1_563' title='bbox 170 3821 205 3860; x_wconf 90' lang='lat' dir='ltr'>ne</span> <span class='ocrx_word' id='word_1_564' title='bbox 221 3804 304 3860; x_wconf 90' lang='lat' dir='ltr'>multa</span> <span class='ocrx_word' id='word_1_565' title='bbox 317 3821 386 3874; x_wconf 90' lang='lat' dir='ltr'>opus</span> <span class='ocrx_word' id='word_1_566' title='bbox 401 3806 481 3862; x_wconf 89' lang='lat' dir='ltr'>hahet</span> <span class='ocrx_word' id='word_1_567' title='bbox 497 3814 570 3861; x_wconf 91' lang='lat' dir='ltr'>tanta</span> <span class='ocrx_word' id='word_1_568' title='bbox 587 3806 716 3861; x_wconf 73' lang='lat' dir='ltr'>miseriae</span> <span class='ocrx_word' id='word_1_569' title='bbox 727 3809 781 3861; x_wconf 82' lang='lat' dir='ltr'>Aut</span> <span class='ocrx_word' id='word_1_570' title='bbox 794 3818 869 3862; x_wconf 90' lang='lat' dir='ltr'>certe</span> <span class='ocrx_word' id='word_1_571' title='bbox 884 3808 906 3861; x_wconf 93' lang='lat' dir='ltr'>si</span> <span class='ocrx_word' id='word_1_572' title='bbox 912 3809 966 3877; x_wconf 91' lang='lat' dir='ltr'>jam</span> <span class='ocrx_word' id='word_1_573' title='bbox 1022 3804 1143 3874; x_wconf 81' lang='lat' dir='ltr'>quolibet</span> <span class='ocrx_word' id='word_1_574' title='bbox 1164 3805 1236 3875; x_wconf 82' lang='lat' dir='ltr'>igne,</span> <span class='ocrx_word' id='word_1_575' title='bbox 1259 3806 1309 3860; x_wconf 88' lang='lat' dir='ltr'>sad</span> <span class='ocrx_word' id='word_1_576' title='bbox 1329 3807 1373 3877; x_wconf 90' lang='lat' dir='ltr'>qui</span> <span class='ocrx_word' id='word_1_577' title='bbox 1394 3807 1468 3876; x_wconf 90' lang='lat' dir='ltr'>prins</span> <span class='ocrx_word' id='word_1_578' title='bbox 1482 3807 1509 3862; x_wconf 92' lang='lat' dir='ltr'>in</span> <span class='ocrx_word' id='word_1_579' title='bbox 1524 3808 1639 3864; x_wconf 89' lang='lat' dir='ltr'>ecelesia</span> <span class='ocrx_word' id='word_1_580' title='bbox 1658 3810 1821 3866; x_wconf 86' lang='lat' dir='ltr'>sacerdotali</span> 
     </span>
     <span class='ocr_line' id='line_1_71' title="bbox 170 3891 1822 3966; baseline 0.006 -20"><span class='ocrx_word' id='word_1_581' title='bbox 170 3891 237 3947; x_wconf 91' lang='lat' dir='ltr'>salvi</span> <span class='ocrx_word' id='word_1_582' title='bbox 257 3893 321 3947; x_wconf 84' lang='lat' dir='ltr'>lacti</span> <span class='ocrx_word' id='word_1_583' title='bbox 344 3908 437 3947; x_wconf 88' lang='lat' dir='ltr'>sumus</span> <span class='ocrx_word' id='word_1_584' title='bbox 456 3896 491 3950; x_wconf 89' lang='lat' dir='ltr'>ab</span> <span class='ocrx_word' id='word_1_585' title='bbox 506 3895 557 3949; x_wconf 89' lang='lat' dir='ltr'>hac</span> <span class='ocrx_word' id='word_1_586' title='bbox 576 3895 673 3966; x_wconf 90' lang='lat' dir='ltr'>triplici</span> <span class='ocrx_word' id='word_1_587' title='bbox 693 3896 732 3950; x_wconf 88' lang='lat' dir='ltr'>ira</span> <span class='ocrx_word' id='word_1_588' title='bbox 755 3910 805 3965; x_wconf 89' lang='lat' dir='ltr'>per</span> <span class='ocrx_word' id='word_1_589' title='bbox 819 3895 965 3961; x_wconf 86' lang='lat' dir='ltr'>Christum,</span> <span class='ocrx_word' id='word_1_590' title='bbox 1024 3893 1215 3949; x_wconf 89' lang='lat' dir='ltr'>benedictione</span> <span class='ocrx_word' id='word_1_591' title='bbox 1231 3896 1313 3949; x_wconf 91' lang='lat' dir='ltr'>luerit</span> <span class='ocrx_word' id='word_1_592' title='bbox 1327 3906 1512 3952; x_wconf 88' lang='lat' dir='ltr'>consecratus.</span> <span class='ocrx_word' id='word_1_593' title='bbox 1534 3898 1575 3953; x_wconf 80' lang='lat' dir='ltr'>nd</span> <span class='ocrx_word' id='word_1_594' title='bbox 1591 3898 1649 3954; x_wconf 85' lang='lat' dir='ltr'>haee</span> <span class='ocrx_word' id='word_1_595' title='bbox 1662 3897 1745 3956; x_wconf 80' lang='lat' dir='ltr'>furari</span> <span class='ocrx_word' id='word_1_596' title='bbox 1759 3908 1822 3956; x_wconf 89' lang='lat' dir='ltr'>sunt</span> 
     </span>
     <span class='ocr_line' id='line_1_72' title="bbox 170 3980 1822 4060; baseline 0.005 -25"><span class='ocrx_word' id='word_1_597' title='bbox 170 3981 217 4052; x_wconf 90' lang='lat' dir='ltr'>qni</span> <span class='ocrx_word' id='word_1_598' title='bbox 232 3980 319 4036; x_wconf 88' lang='lat' dir='ltr'>lactus</span> <span class='ocrx_word' id='word_1_599' title='bbox 334 3987 376 4035; x_wconf 91' lang='lat' dir='ltr'>est</span> <span class='ocrx_word' id='word_1_600' title='bbox 390 3982 470 4037; x_wconf 89' lang='lat' dir='ltr'>nobis</span> <span class='ocrx_word' id='word_1_601' title='bbox 484 3983 617 4053; x_wconf 88' lang='lat' dir='ltr'>sapientia</span> <span class='ocrx_word' id='word_1_602' title='bbox 632 3999 648 4036; x_wconf 90' lang='lat' dir='ltr'>a</span> <span class='ocrx_word' id='word_1_603' title='bbox 664 3984 721 4040; x_wconf 87' lang='lat' dir='ltr'>Deo</span> <span class='ocrx_word' id='word_1_604' title='bbox 737 3985 828 4051; x_wconf 88' lang='lat' dir='ltr'>Patre,</span> <span class='ocrx_word' id='word_1_605' title='bbox 845 3991 873 4039; x_wconf 90' lang='lat' dir='ltr'>et</span> <span class='ocrx_word' id='word_1_606' title='bbox 886 3985 966 4054; x_wconf 89' lang='lat' dir='ltr'>justi·</span> <span class='ocrx_word' id='word_1_607' title='bbox 1021 3982 1048 4035; x_wconf 93' lang='lat' dir='ltr'>in</span> <span class='ocrx_word' id='word_1_608' title='bbox 1066 3983 1238 4052; x_wconf 88' lang='lat' dir='ltr'>processione</span> <span class='ocrx_word' id='word_1_609' title='bbox 1254 3991 1346 4038; x_wconf 86' lang='lat' dir='ltr'>nostra</span> <span class='ocrx_word' id='word_1_610' title='bbox 1367 3986 1505 4042; x_wconf 89' lang='lat' dir='ltr'>novissimi</span> <span class='ocrx_word' id='word_1_611' title='bbox 1524 3986 1613 4058; x_wconf 90' lang='lat' dir='ltr'>primi,</span> <span class='ocrx_word' id='word_1_612' title='bbox 1630 3996 1658 4042; x_wconf 90' lang='lat' dir='ltr'>et</span> <span class='ocrx_word' id='word_1_613' title='bbox 1671 3987 1754 4060; x_wconf 89' lang='lat' dir='ltr'>primi</span> <span class='ocrx_word' id='word_1_614' title='bbox 1772 4004 1822 4044; x_wconf 91' lang='lat' dir='ltr'>no·</span> 
     </span>
     <span class='ocr_line' id='line_1_73' title="bbox 169 4066 1820 4146; baseline 0.005 -22"><span class='ocrx_word' id='word_1_615' title='bbox 169 4070 207 4124; x_wconf 90' lang='lat' dir='ltr'>tia</span> <span class='ocrx_word' id='word_1_616' title='bbox 225 4076 254 4125; x_wconf 92' lang='lat' dir='ltr'>et</span> <span class='ocrx_word' id='word_1_617' title='bbox 277 4067 461 4138; x_wconf 84' lang='lat' dir='ltr'>sanctificatio,</span> <span class='ocrx_word' id='word_1_618' title='bbox 495 4079 524 4123; x_wconf 91' lang='grc' dir='ltr'>ιι</span> <span class='ocrx_word' id='word_1_619' title='bbox 545 4072 696 4141; x_wconf 90' lang='lat' dir='ltr'>redemptio</span> <span class='ocrx_word' id='word_1_620' title='bbox 728 4075 753 4136; x_wconf 88' lang='grc'>(1</span> <span class='ocrx_word' id='word_1_621' title='bbox 772 4074 833 4130; x_wconf 80' lang='lat' dir='ltr'>Cor.</span> <span class='ocrx_word' id='word_1_622' title='bbox 855 4066 880 4142; x_wconf 69' lang='grc' dir='ltr'>ιζ</span> <span class='ocrx_word' id='word_1_623' title='bbox 901 4078 964 4145; x_wconf 86' lang='grc' dir='ltr'>3υ);</span> <span class='ocrx_word' id='word_1_624' title='bbox 1022 4069 1140 4125; x_wconf 90' lang='lat' dir='ltr'>vissimi:</span> <span class='ocrx_word' id='word_1_625' title='bbox 1171 4080 1199 4125; x_wconf 90' lang='lat' dir='ltr'>et</span> <span class='ocrx_word' id='word_1_626' title='bbox 1228 4072 1397 4128; x_wconf 89' lang='lat' dir='ltr'>cantabimus</span> <span class='ocrx_word' id='word_1_627' title='bbox 1422 4073 1522 4131; x_wconf 91' lang='lat' dir='ltr'>inviis</span> <span class='ocrx_word' id='word_1_628' title='bbox 1549 4074 1666 4142; x_wconf 86' lang='lat' dir='ltr'>Domini,</span> <span class='ocrx_word' id='word_1_629' title='bbox 1691 4077 1820 4146; x_wconf 89' lang='lat' dir='ltr'>quoniam</span> 
     </span>
     <span class='ocr_line' id='line_1_74' title="bbox 170 4158 1409 4234; baseline 0.005 -21"><span class='ocrx_word' id='word_1_630' title='bbox 170 4168 272 4231; x_wconf 84' lang='lat' dir='ltr'>quanta</span> <span class='ocrx_word' id='word_1_631' title='bbox 296 4158 374 4213; x_wconf 90' lang='lat' dir='ltr'>nobis</span> <span class='ocrx_word' id='word_1_632' title='bbox 400 4158 539 4229; x_wconf 83' lang='lat' dir='ltr'>vigilantia</span> <span class='ocrx_word' id='word_1_633' title='bbox 557 4174 626 4230; x_wconf 88' lang='lat' dir='ltr'>opus</span> <span class='ocrx_word' id='word_1_634' title='bbox 650 4168 702 4227; x_wconf 90' lang='lat' dir='ltr'>est,</span> <span class='ocrx_word' id='word_1_635' title='bbox 723 4160 902 4225; x_wconf 87' lang='lat' dir='ltr'>dilectissimi,</span> <span class='ocrx_word' id='word_1_636' title='bbox 930 4178 966 4217; x_wconf 91' lang='lat' dir='ltr'>ne</span> <span class='ocrx_word' id='word_1_637' title='bbox 1022 4177 1121 4234; x_wconf 82' lang='lat' dir='ltr'>magna</span> <span class='ocrx_word' id='word_1_638' title='bbox 1136 4170 1178 4215; x_wconf 87' lang='lat' dir='ltr'>est</span> <span class='ocrx_word' id='word_1_639' title='bbox 1191 4160 1277 4233; x_wconf 78' lang='lat' dir='ltr'>gloria</span> <span class='ocrx_word' id='word_1_640' title='bbox 1292 4163 1409 4219; x_wconf 84' lang='lat' dir='ltr'>Domini.</span> 
     </span>
    </p>

    <p class='ocr_par' dir='ltr' id='par_1_19' title="bbox 169 4236 1819 4409">
     <span class='ocr_line' id='line_1_75' title="bbox 169 4236 1818 4323; baseline 0.006 -21"><span class='ocrx_word' id='word_1_641' title='bbox 169 4248 252 4314; x_wconf 81' lang='lat' dir='ltr'>forte,</span> <span class='ocrx_word' id='word_1_642' title='bbox 263 4247 337 4320; x_wconf 90' lang='lat' dir='ltr'>quud</span> <span class='ocrx_word' id='word_1_643' title='bbox 351 4246 436 4303; x_wconf 88' lang='lat' dir='ltr'>absitl</span> <span class='ocrx_word' id='word_1_644' title='bbox 454 4248 628 4304; x_wconf 90' lang='lat' dir='ltr'>inveniantur</span> <span class='ocrx_word' id='word_1_645' title='bbox 644 4256 737 4303; x_wconf 89' lang='lat' dir='ltr'>nostra</span> <span class='ocrx_word' id='word_1_646' title='bbox 751 4249 898 4305; x_wconf 86' lang='lat' dir='ltr'>novissima</span> <span class='ocrx_word' id='word_1_647' title='bbox 913 4268 965 4322; x_wconf 93' lang='lat' dir='ltr'>pe·</span> <span class='ocrx_word' id='word_1_648' title='bbox 1058 4253 1084 4303; x_wconf 78' lang='lat'>2.</span> <span class='ocrx_word' id='word_1_649' title='bbox 1100 4250 1195 4305; x_wconf 81' lang='lat' dir='ltr'>blerito</span> <span class='ocrx_word' id='word_1_650' title='bbox 1209 4266 1275 4305; x_wconf 91' lang='lat' dir='ltr'>sane</span> <span class='ocrx_word' id='word_1_651' title='bbox 1290 4251 1347 4306; x_wconf 90' lang='lat' dir='ltr'>bini</span> <span class='ocrx_word' id='word_1_652' title='bbox 1367 4263 1395 4307; x_wconf 91' lang='lat' dir='ltr'>et</span> <span class='ocrx_word' id='word_1_653' title='bbox 1410 4252 1466 4307; x_wconf 89' lang='lat' dir='ltr'>bini</span> <span class='ocrx_word' id='word_1_654' title='bbox 1480 4254 1666 4323; x_wconf 90' lang='lat' dir='ltr'>procedimus:</span> <span class='ocrx_word' id='word_1_655' title='bbox 1687 4256 1728 4312; x_wconf 91' lang='lat' dir='ltr'>sie</span> <span class='ocrx_word' id='word_1_656' title='bbox 1747 4236 1818 4313; x_wconf 76' lang='lat' dir='ltr'>enim</span> 
     </span>
     <span class='ocr_line' id='line_1_76' title="bbox 169 4336 1819 4409; baseline 0.004 -16"><span class='ocrx_word' id='word_1_657' title='bbox 169 4338 230 4407; x_wconf 81' lang='lat' dir='ltr'>jora</span> <span class='ocrx_word' id='word_1_658' title='bbox 251 4336 398 4408; x_wconf 89' lang='lat' dir='ltr'>prioribus,</span> <span class='ocrx_word' id='word_1_659' title='bbox 418 4336 440 4391; x_wconf 90' lang='lat' dir='ltr'>si</span> <span class='ocrx_word' id='word_1_660' title='bbox 460 4337 549 4393; x_wconf 91' lang='lat' dir='ltr'>denuo</span> <span class='ocrx_word' id='word_1_661' title='bbox 569 4339 708 4409; x_wconf 80' lang='lat' dir='ltr'>contingat</span> <span class='ocrx_word' id='word_1_662' title='bbox 723 4339 791 4392; x_wconf 90' lang='lat' dir='ltr'>iram</span> <span class='ocrx_word' id='word_1_663' title='bbox 805 4339 964 4409; x_wconf 88' lang='lat' dir='ltr'>incendere,</span> <span class='ocrx_word' id='word_1_664' title='bbox 1022 4338 1057 4393; x_wconf 93' lang='lat' dir='ltr'>oh</span> <span class='ocrx_word' id='word_1_665' title='bbox 1073 4339 1336 4394; x_wconf 88' lang='lat' dir='ltr'>commendationem</span> <span class='ocrx_word' id='word_1_666' title='bbox 1358 4339 1487 4396; x_wconf 84' lang='lat' dir='ltr'>lraternae</span> <span class='ocrx_word' id='word_1_667' title='bbox 1505 4342 1644 4397; x_wconf 90' lang='lat' dir='ltr'>charitatis</span> <span class='ocrx_word' id='word_1_668' title='bbox 1666 4352 1694 4398; x_wconf 90' lang='lat' dir='ltr'>et</span> <span class='ocrx_word' id='word_1_669' title='bbox 1712 4344 1819 4400; x_wconf 87' lang='lat' dir='ltr'>socialis</span> 
     </span>
    </p>
   </div>
   <div class='ocr_carea' id='block_1_16' title="bbox 1023 3538 1822 3701">
    <p class='ocr_par' dir='ltr' id='par_1_20' title="bbox 1023 3538 1822 3701">
     <span class='ocr_line' id='line_1_77' title="bbox 1023 3538 1821 3615; baseline 0.01 -23"><span class='ocrx_word' id='word_1_670' title='bbox 1023 3538 1140 3593; x_wconf 88' lang='lat' dir='ltr'>arbitror</span> <span class='ocrx_word' id='word_1_671' title='bbox 1162 3538 1272 3594; x_wconf 90' lang='lat' dir='ltr'>modum</span> <span class='ocrx_word' id='word_1_672' title='bbox 1295 3540 1379 3611; x_wconf 87' lang='lat' dir='ltr'>ipsius</span> <span class='ocrx_word' id='word_1_673' title='bbox 1402 3550 1431 3596; x_wconf 91' lang='lat' dir='ltr'>et</span> <span class='ocrx_word' id='word_1_674' title='bbox 1449 3541 1572 3597; x_wconf 89' lang='lat' dir='ltr'>ordinem</span> <span class='ocrx_word' id='word_1_675' title='bbox 1596 3543 1753 3615; x_wconf 76' lang='lat' dir='ltr'>diligentius</span> <span class='ocrx_word' id='word_1_676' title='bbox 1777 3545 1821 3600; x_wconf 91' lang='lat' dir='ltr'>in·</span> 
     </span>
     <span class='ocr_line' id='line_1_78' title="bbox 1023 3627 1822 3701; baseline 0.011 -20"><span class='ocrx_word' id='word_1_677' title='bbox 1023 3627 1102 3681; x_wconf 89' lang='lat' dir='ltr'>tueri.</span> <span class='ocrx_word' id='word_1_678' title='bbox 1126 3628 1280 3682; x_wconf 85' lang='lat' dir='ltr'>Processuri</span> <span class='ocrx_word' id='word_1_679' title='bbox 1305 3645 1398 3684; x_wconf 90' lang='lat' dir='ltr'>sumus</span> <span class='ocrx_word' id='word_1_680' title='bbox 1418 3630 1473 3684; x_wconf 90' lang='lat' dir='ltr'>bini</span> <span class='ocrx_word' id='word_1_681' title='bbox 1496 3638 1523 3686; x_wconf 92' lang='lat' dir='ltr'>et</span> <span class='ocrx_word' id='word_1_682' title='bbox 1539 3629 1606 3701; x_wconf 90' lang='lat' dir='ltr'>bini,</span> <span class='ocrx_word' id='word_1_683' title='bbox 1624 3632 1754 3688; x_wconf 86' lang='lat' dir='ltr'>candelas</span> <span class='ocrx_word' id='word_1_684' title='bbox 1772 3633 1822 3690; x_wconf 91' lang='lat' dir='ltr'>ha-</span> 
     </span>
    </p>
   </div>
   <div class='ocr_carea' id='block_1_17' title="bbox 169 4425 1819 4502">
    <p class='ocr_par' dir='ltr' id='par_1_21' title="bbox 169 4425 1819 4502">
     <span class='ocr_line' id='line_1_79' title="bbox 169 4425 1819 4502; baseline 0.004 -20"><span class='ocrx_word' id='word_1_685' title='bbox 169 4435 264 4498; x_wconf 88' lang='lat' dir='ltr'>utpotc</span> <span class='ocrx_word' id='word_1_686' title='bbox 288 4425 335 4499; x_wconf 92' lang='lat' dir='ltr'>qui</span> <span class='ocrx_word' id='word_1_687' title='bbox 354 4442 409 4482; x_wconf 92' lang='lat' dir='ltr'>non</span> <span class='ocrx_word' id='word_1_688' title='bbox 427 4434 526 4483; x_wconf 87' lang='lat' dir='ltr'>natura</span> <span class='ocrx_word' id='word_1_689' title='bbox 538 4426 608 4500; x_wconf 87' lang='lat' dir='ltr'>jam,</span> <span class='ocrx_word' id='word_1_690' title='bbox 631 4429 679 4484; x_wconf 89' lang='lat' dir='ltr'>sed</span> <span class='ocrx_word' id='word_1_691' title='bbox 696 4429 808 4501; x_wconf 86' lang='lat' dir='ltr'>propria</span> <span class='ocrx_word' id='word_1_692' title='bbox 826 4431 965 4487; x_wconf 89' lang='lat' dir='ltr'>voluntate</span> <span class='ocrx_word' id='word_1_693' title='bbox 1022 4427 1084 4483; x_wconf 78' lang='lat' dir='ltr'>vite</span> <span class='ocrx_word' id='word_1_694' title='bbox 1105 4427 1203 4482; x_wconf 87' lang='lat' dir='ltr'>missos</span> <span class='ocrx_word' id='word_1_695' title='bbox 1222 4442 1238 4479; x_wconf 90' lang='lat' dir='ltr'>a</span> <span class='ocrx_word' id='word_1_696' title='bbox 1257 4427 1398 4484; x_wconf 85' lang='lat' dir='ltr'>salvatore</span> <span class='ocrx_word' id='word_1_697' title='bbox 1415 4428 1561 4500; x_wconf 90' lang='lat' dir='ltr'>discipulus</span> <span class='ocrx_word' id='word_1_698' title='bbox 1579 4431 1728 4502; x_wconf 76' lang='lat' dir='ltr'>Evangeha</span> <span class='ocrx_word' id='word_1_699' title='bbox 1742 4449 1819 4489; x_wconf 90' lang='lat' dir='ltr'>sacra</span> 
     </span>
    </p>
   </div>
   <div class='ocr_carea' id='block_1_18' title="bbox 168 4514 967 5215">
    <p class='ocr_par' dir='ltr' id='par_1_22' title="bbox 168 4514 408 4571">
     <span class='ocr_line' id='line_1_80' title="bbox 168 4514 408 4571; baseline -0.004 0"><span class='ocrx_word' id='word_1_700' title='bbox 168 4514 216 4571; x_wconf 86' lang='lat' dir='ltr'>filii</span> <span class='ocrx_word' id='word_1_701' title='bbox 230 4516 278 4571; x_wconf 66' lang='lat' dir='ltr'>iras</span> <span class='ocrx_word' id='word_1_702' title='bbox 293 4516 408 4571; x_wconf 73' lang='lat' dir='ltr'>sumus?</span> 
     </span>
    </p>

    <p class='ocr_par' dir='ltr' id='par_1_23' title="bbox 168 4605 967 5215">
     <span class='ocr_line' id='line_1_81' title="bbox 206 4605 966 4680; baseline 0.005 -20"><span class='ocrx_word' id='word_1_703' title='bbox 206 4607 233 4660; x_wconf 80' lang='lat' dir='ltr'>i.</span> <span class='ocrx_word' id='word_1_704' title='bbox 259 4605 462 4676; x_wconf 75' lang='lat' dir='ltr'>Amplectamur</span> <span class='ocrx_word' id='word_1_705' title='bbox 483 4606 575 4678; x_wconf 88' lang='lat' dir='ltr'>itaque</span> <span class='ocrx_word' id='word_1_706' title='bbox 595 4606 823 4678; x_wconf 87' lang='lat' dir='ltr'>misericordiam,</span> <span class='ocrx_word' id='word_1_707' title='bbox 843 4625 923 4680; x_wconf 92' lang='lat' dir='ltr'>quam</span> <span class='ocrx_word' id='word_1_708' title='bbox 939 4610 966 4664; x_wconf 90' lang='lat' dir='ltr'>in</span> 
     </span>
     <span class='ocr_line' id='line_1_82' title="bbox 170 4693 966 4766; baseline 0.006 -18"><span class='ocrx_word' id='word_1_709' title='bbox 170 4693 262 4750; x_wconf 89' lang='lat' dir='ltr'>medio</span> <span class='ocrx_word' id='word_1_710' title='bbox 285 4693 378 4766; x_wconf 91' lang='lat' dir='ltr'>templi</span> <span class='ocrx_word' id='word_1_711' title='bbox 392 4693 571 4766; x_wconf 89' lang='lat' dir='ltr'>suscepimus,</span> <span class='ocrx_word' id='word_1_712' title='bbox 590 4703 618 4750; x_wconf 88' lang='lat' dir='ltr'>et</span> <span class='ocrx_word' id='word_1_713' title='bbox 637 4712 698 4751; x_wconf 91' lang='lat' dir='ltr'>cum</span> <span class='ocrx_word' id='word_1_714' title='bbox 718 4697 798 4752; x_wconf 90' lang='lat' dir='ltr'>beata</span> <span class='ocrx_word' id='word_1_715' title='bbox 818 4700 896 4753; x_wconf 75' lang='lat' dir='ltr'>Anna</span> <span class='ocrx_word' id='word_1_716' title='bbox 912 4714 966 4754; x_wconf 92' lang='lat' dir='ltr'>non</span> 
     </span>
     <span class='ocr_line' id='line_1_83' title="bbox 168 4783 966 4857; baseline 0.005 -18"><span class='ocrx_word' id='word_1_717' title='bbox 168 4783 380 4840; x_wconf 89' lang='lat' dir='ltr'>dimoveamura</span> <span class='ocrx_word' id='word_1_718' title='bbox 396 4783 505 4854; x_wconf 90' lang='lat' dir='ltr'>templu.</span> <span class='ocrx_word' id='word_1_719' title='bbox 526 4786 753 4857; x_wconf 72' lang='lat' dir='ltr'>temptamenim</span> <span class='ocrx_word' id='word_1_720' title='bbox 772 4789 966 4844; x_wconf 74' lang='lat' dir='ltr'>heirusalem</span> 
     </span>
     <span class='ocr_line' id='line_1_84' title="bbox 171 4873 964 4948; baseline 0.003 -20"><span class='ocrx_word' id='word_1_721' title='bbox 171 4875 223 4937; x_wconf 84' lang='lat' dir='ltr'>est,</span> <span class='ocrx_word' id='word_1_722' title='bbox 248 4873 320 4944; x_wconf 80' lang='lat' dir='ltr'>qaae</span> <span class='ocrx_word' id='word_1_723' title='bbox 343 4875 409 4930; x_wconf 77' lang='lat' dir='ltr'>estis</span> <span class='ocrx_word' id='word_1_724' title='bbox 429 4891 486 4938; x_wconf 89' lang='lat' dir='ltr'>ves,</span> <span class='ocrx_word' id='word_1_725' title='bbox 504 4873 540 4928; x_wconf 88' lang='grc' dir='ltr'>ιιι</span> <span class='ocrx_word' id='word_1_726' title='bbox 555 4874 699 4944; x_wconf 79' lang='lat' dir='ltr'>Apostolus</span> <span class='ocrx_word' id='word_1_727' title='bbox 720 4878 745 4943; x_wconf 91' lang='lat' dir='ltr'>(l</span> <span class='ocrx_word' id='word_1_728' title='bbox 764 4877 825 4932; x_wconf 85' lang='lat' dir='ltr'>Cor.</span> <span class='ocrx_word' id='word_1_729' title='bbox 845 4890 886 4940; x_wconf 90' lang='grc' dir='ltr'>ιιι,</span> <span class='ocrx_word' id='word_1_730' title='bbox 910 4878 964 4948; x_wconf 79' lang='grc' dir='ltr'>Π).</span> 
     </span>
     <span class='ocr_line' id='line_1_85' title="bbox 171 4959 966 5034; baseline 0.006 -19"><span class='ocrx_word' id='word_1_731' title='bbox 171 4959 259 5029; x_wconf 88' lang='lat' dir='ltr'>Prope</span> <span class='ocrx_word' id='word_1_732' title='bbox 278 4970 320 5016; x_wconf 90' lang='lat' dir='ltr'>est</span> <span class='ocrx_word' id='word_1_733' title='bbox 345 4964 404 5017; x_wconf 76' lang='lat' dir='ltr'>haec</span> <span class='ocrx_word' id='word_1_734' title='bbox 424 4963 620 5030; x_wconf 88' lang='lat' dir='ltr'>misericordia,</span> <span class='ocrx_word' id='word_1_735' title='bbox 642 4978 727 5034; x_wconf 90' lang='lat' dir='ltr'>prope</span> <span class='ocrx_word' id='word_1_736' title='bbox 742 4971 784 5019; x_wconf 89' lang='lat' dir='ltr'>est</span> <span class='ocrx_word' id='word_1_737' title='bbox 804 4965 917 5020; x_wconf 90' lang='lat' dir='ltr'>verbum</span> <span class='ocrx_word' id='word_1_738' title='bbox 938 4967 966 5021; x_wconf 90' lang='lat' dir='ltr'>in</span> 
     </span>
     <span class='ocr_line' id='line_1_86' title="bbox 170 5052 967 5126; baseline 0.009 -25"><span class='ocrx_word' id='word_1_739' title='bbox 170 5062 219 5103; x_wconf 92' lang='lat' dir='ltr'>ore</span> <span class='ocrx_word' id='word_1_740' title='bbox 235 5056 326 5104; x_wconf 90' lang='lat' dir='ltr'>vestro</span> <span class='ocrx_word' id='word_1_741' title='bbox 341 5059 369 5105; x_wconf 89' lang='lat' dir='ltr'>et</span> <span class='ocrx_word' id='word_1_742' title='bbox 383 5052 411 5107; x_wconf 91' lang='lat' dir='ltr'>in</span> <span class='ocrx_word' id='word_1_743' title='bbox 426 5052 508 5107; x_wconf 88' lang='lat' dir='ltr'>corde</span> <span class='ocrx_word' id='word_1_744' title='bbox 523 5059 625 5108; x_wconf 89' lang='lat' dir='ltr'>vestro.</span> <span class='ocrx_word' id='word_1_745' title='bbox 643 5052 767 5126; x_wconf 88' lang='lat' dir='ltr'>Denique</span> <span class='ocrx_word' id='word_1_746' title='bbox 792 5053 820 5108; x_wconf 91' lang='lat' dir='ltr'>in</span> <span class='ocrx_word' id='word_1_747' title='bbox 838 5055 967 5109; x_wconf 84' lang='lat' dir='ltr'>cordibus</span> 
     </span>
     <span class='ocr_line' id='line_1_87' title="bbox 171 5135 965 5215; baseline 0.004 -20"><span class='ocrx_word' id='word_1_748' title='bbox 171 5135 270 5195; x_wconf 82' lang='lat' dir='ltr'>vestris</span> <span class='ocrx_word' id='word_1_749' title='bbox 295 5153 344 5208; x_wconf 89' lang='lat' dir='ltr'>per</span> <span class='ocrx_word' id='word_1_750' title='bbox 369 5138 451 5197; x_wconf 82' lang='lat' dir='ltr'>tidem</span> <span class='ocrx_word' id='word_1_751' title='bbox 472 5141 574 5196; x_wconf 88' lang='lat' dir='ltr'>habitat</span> <span class='ocrx_word' id='word_1_752' title='bbox 591 5141 725 5199; x_wconf 86' lang='lat' dir='ltr'>Christus.</span> <span class='ocrx_word' id='word_1_753' title='bbox 748 5144 806 5198; x_wconf 88' lang='lat' dir='ltr'>Hoc</span> <span class='ocrx_word' id='word_1_754' title='bbox 833 5143 965 5215; x_wconf 91' lang='lat' dir='ltr'>templum</span> 
     </span>
    </p>
   </div>
   <div class='ocr_carea' id='block_1_19' title="bbox 170 5277 967 5556">
    <p class='ocr_par' dir='ltr' id='par_1_24' title="bbox 170 5277 967 5556">
     <span class='ocr_line' id='line_1_88' title="bbox 208 5277 967 5356; baseline 0.005 -21"><span class='ocrx_word' id='word_1_755' title='bbox 208 5279 319 5354; x_wconf 82' lang='grc'>(58-59)</span> <span class='ocrx_word' id='word_1_756' title='bbox 328 5277 377 5335; x_wconf 88' lang='grc' dir='ltr'>Ηιι</span> <span class='ocrx_word' id='word_1_757' title='bbox 386 5279 462 5335; x_wconf 90' lang='lat' dir='ltr'>locus</span> <span class='ocrx_word' id='word_1_758' title='bbox 472 5289 599 5354; x_wconf 89' lang='lat' dir='ltr'>tanquam</span> <span class='ocrx_word' id='word_1_759' title='bbox 612 5299 644 5339; x_wconf 86' lang='lat' dir='ltr'>ex</span> <span class='ocrx_word' id='word_1_760' title='bbox 656 5283 795 5356; x_wconf 87' lang='lat' dir='ltr'>Scriptura</span> <span class='ocrx_word' id='word_1_761' title='bbox 806 5283 967 5355; x_wconf 90' lang='lat' dir='ltr'>passimlau·</span> 
     </span>
     <span class='ocr_line' id='line_1_89' title="bbox 172 5351 966 5438; baseline 0.006 -31"><span class='ocrx_word' id='word_1_762' title='bbox 172 5353 251 5436; x_wconf 76' lang='lat' dir='ltr'>datur</span> <span class='ocrx_word' id='word_1_763' title='bbox 265 5351 391 5408; x_wconf 78' lang='lat' dir='ltr'>asaneus</span> <span class='ocrx_word' id='word_1_764' title='bbox 407 5351 538 5421; x_wconf 85' lang='lat' dir='ltr'>Patribus,</span> <span class='ocrx_word' id='word_1_765' title='bbox 550 5354 711 5426; x_wconf 78' lang='lat' dir='ltr'>Augustino,</span> <span class='ocrx_word' id='word_1_766' title='bbox 725 5355 858 5438; x_wconf 82' lang='lat' dir='ltr'>Gregorio</span> <span class='ocrx_word' id='word_1_767' title='bbox 869 5357 966 5438; x_wconf 76' lang='lat' dir='ltr'>Magno</span> 
     </span>
     <span class='ocr_line' id='line_1_90' title="bbox 170 5423 966 5556; baseline 0.006 -77"><span class='ocrx_word' id='word_1_768' title='bbox 170 5425 292 5556; x_wconf 49' lang='grc' dir='ltr'>ἓιέιίιὲὦιθ,</span> <span class='ocrx_word' id='word_1_769' title='bbox 306 5423 542 5555; x_wconf 40' lang='grc' dir='ltr'>Ιιέωιιιιιιιιιιιιο,</span> <span class='ocrx_word' id='word_1_770' title='bbox 558 5433 588 5480; x_wconf 92' lang='lat' dir='ltr'>ut</span> <span class='ocrx_word' id='word_1_771' title='bbox 609 5442 735 5485; x_wconf 89' lang='lat' dir='ltr'>sermone</span> <span class='ocrx_word' id='word_1_772' title='bbox 750 5431 783 5484; x_wconf 76' lang='lat'>27</span> <span class='ocrx_word' id='word_1_773' title='bbox 799 5444 825 5483; x_wconf 91' lang='lat' dir='ltr'>m</span> <span class='ocrx_word' id='word_1_774' title='bbox 845 5429 966 5500; x_wconf 84' lang='lat' dir='ltr'>Cantica,</span> 
     </span>
    </p>
   </div>
   <div class='ocr_carea' id='block_1_20' title="bbox 1019 4518 1819 5219">
    <p class='ocr_par' dir='ltr' id='par_1_25' title="bbox 1019 4518 1819 5219">
     <span class='ocr_line' id='line_1_91' title="bbox 1023 4518 1819 4596; baseline 0.011 -28"><span class='ocrx_word' id='word_1_775' title='bbox 1023 4523 1154 4572; x_wconf 88' lang='lat' dir='ltr'>testantur</span> <span class='ocrx_word' id='word_1_776' title='bbox 1169 4520 1243 4585; x_wconf 83' lang='lat' dir='ltr'>(Luc.</span> <span class='ocrx_word' id='word_1_777' title='bbox 1261 4533 1290 4586; x_wconf 89' lang='grc' dir='ltr'>ιι,</span> <span class='ocrx_word' id='word_1_778' title='bbox 1309 4522 1344 4588; x_wconf 86' lang='grc' dir='ltr'>ι).</span> <span class='ocrx_word' id='word_1_779' title='bbox 1365 4518 1467 4573; x_wconf 85' lang='lat' dir='ltr'>Turhat</span> <span class='ocrx_word' id='word_1_780' title='bbox 1487 4519 1699 4592; x_wconf 90' lang='lat' dir='ltr'>processionem,</span> <span class='ocrx_word' id='word_1_781' title='bbox 1716 4522 1739 4576; x_wconf 86' lang='lat' dir='ltr'>si</span> <span class='ocrx_word' id='word_1_782' title='bbox 1757 4523 1819 4596; x_wconf 80' lang='lat' dir='ltr'>qrris</span> 
     </span>
     <span class='ocr_line' id='line_1_92' title="bbox 1021 4604 1816 4674; baseline 0.01 -16"><span class='ocrx_word' id='word_1_783' title='bbox 1021 4604 1155 4660; x_wconf 87' lang='lat' dir='ltr'>soliterius</span> <span class='ocrx_word' id='word_1_784' title='bbox 1172 4604 1300 4661; x_wconf 91' lang='lat' dir='ltr'>incedere</span> <span class='ocrx_word' id='word_1_785' title='bbox 1321 4615 1411 4664; x_wconf 89' lang='lat' dir='ltr'>curat:</span> <span class='ocrx_word' id='word_1_786' title='bbox 1433 4623 1485 4662; x_wconf 92' lang='lat' dir='ltr'>nec</span> <span class='ocrx_word' id='word_1_787' title='bbox 1513 4607 1565 4662; x_wconf 87' lang='lat' dir='ltr'>sihi</span> <span class='ocrx_word' id='word_1_788' title='bbox 1584 4608 1635 4663; x_wconf 90' lang='lat' dir='ltr'>soli</span> <span class='ocrx_word' id='word_1_789' title='bbox 1654 4617 1745 4674; x_wconf 88' lang='lat' dir='ltr'>uocet,</span> <span class='ocrx_word' id='word_1_790' title='bbox 1768 4611 1816 4666; x_wconf 91' lang='lat' dir='ltr'>sed</span> 
     </span>
     <span class='ocr_line' id='line_1_93' title="bbox 1021 4695 1818 4773; baseline 0.006 -24"><span class='ocrx_word' id='word_1_791' title='bbox 1021 4695 1101 4749; x_wconf 90' lang='lat' dir='ltr'>etiam</span> <span class='ocrx_word' id='word_1_792' title='bbox 1120 4695 1226 4749; x_wconf 76' lang='lat' dir='ltr'>ceteris</span> <span class='ocrx_word' id='word_1_793' title='bbox 1245 4702 1287 4749; x_wconf 89' lang='lat' dir='ltr'>est</span> <span class='ocrx_word' id='word_1_794' title='bbox 1306 4695 1446 4753; x_wconf 90' lang='lat' dir='ltr'>molestus.</span> <span class='ocrx_word' id='word_1_795' title='bbox 1469 4697 1502 4750; x_wconf 93' lang='lat' dir='ltr'>lli</span> <span class='ocrx_word' id='word_1_796' title='bbox 1522 4704 1584 4751; x_wconf 91' lang='lat' dir='ltr'>sunt</span> <span class='ocrx_word' id='word_1_797' title='bbox 1605 4698 1650 4769; x_wconf 91' lang='lat' dir='ltr'>qui</span> <span class='ocrx_word' id='word_1_798' title='bbox 1669 4708 1818 4773; x_wconf 67' lang='lat' dir='ltr'>segregant</span> 
     </span>
     <span class='ocr_line' id='line_1_94' title="bbox 1020 4783 1818 4856; baseline 0.01 -18"><span class='ocrx_word' id='word_1_799' title='bbox 1020 4783 1193 4852; x_wconf 90' lang='lat' dir='ltr'>semetipsos,</span> <span class='ocrx_word' id='word_1_800' title='bbox 1214 4785 1354 4851; x_wconf 87' lang='lat' dir='ltr'>animales,</span> <span class='ocrx_word' id='word_1_801' title='bbox 1374 4785 1499 4856; x_wconf 90' lang='lat' dir='ltr'>spiritum</span> <span class='ocrx_word' id='word_1_802' title='bbox 1520 4801 1576 4842; x_wconf 91' lang='lat' dir='ltr'>uon</span> <span class='ocrx_word' id='word_1_803' title='bbox 1596 4786 1741 4855; x_wconf 86' lang='lat' dir='ltr'>habentes,</span> <span class='ocrx_word' id='word_1_804' title='bbox 1765 4803 1818 4847; x_wconf 89' lang='lat' dir='ltr'>nec</span> 
     </span>
     <span class='ocr_line' id='line_1_95' title="bbox 1020 4871 1817 4946; baseline 0.008 -20"><span class='ocrx_word' id='word_1_805' title='bbox 1020 4871 1128 4926; x_wconf 90' lang='lat' dir='ltr'>solliciti</span> <span class='ocrx_word' id='word_1_806' title='bbox 1142 4888 1251 4929; x_wconf 83' lang='lat' dir='ltr'>servare</span> <span class='ocrx_word' id='word_1_807' title='bbox 1273 4875 1402 4930; x_wconf 90' lang='lat' dir='ltr'>unitatem</span> <span class='ocrx_word' id='word_1_808' title='bbox 1426 4875 1535 4946; x_wconf 89' lang='lat' dir='ltr'>spiritus</span> <span class='ocrx_word' id='word_1_809' title='bbox 1556 4874 1585 4929; x_wconf 93' lang='lat' dir='ltr'>iu</span> <span class='ocrx_word' id='word_1_810' title='bbox 1605 4874 1712 4932; x_wconf 89' lang='lat' dir='ltr'>vinculo</span> <span class='ocrx_word' id='word_1_811' title='bbox 1730 4877 1817 4946; x_wconf 86' lang='lat' dir='ltr'>pacis.</span> 
     </span>
     <span class='ocr_line' id='line_1_96' title="bbox 1019 4962 1816 5032; baseline 0.01 -18"><span class='ocrx_word' id='word_1_812' title='bbox 1019 4962 1079 5015; x_wconf 83' lang='lat' dir='ltr'>Jam</span> <span class='ocrx_word' id='word_1_813' title='bbox 1093 4978 1158 5018; x_wconf 91' lang='lat' dir='ltr'>vero</span> <span class='ocrx_word' id='word_1_814' title='bbox 1172 4963 1241 5018; x_wconf 86' lang='lat' dir='ltr'>sicul</span> <span class='ocrx_word' id='word_1_815' title='bbox 1256 4980 1311 5019; x_wconf 93' lang='lat' dir='ltr'>non</span> <span class='ocrx_word' id='word_1_816' title='bbox 1330 4974 1371 5019; x_wconf 90' lang='lat' dir='ltr'>est</span> <span class='ocrx_word' id='word_1_817' title='bbox 1384 4965 1485 5020; x_wconf 90' lang='lat' dir='ltr'>honum</span> <span class='ocrx_word' id='word_1_818' title='bbox 1494 4979 1554 5020; x_wconf 89' lang='lat' dir='ltr'>esse</span> <span class='ocrx_word' id='word_1_819' title='bbox 1570 4965 1708 5021; x_wconf 87' lang='lat' dir='ltr'>bominem</span> <span class='ocrx_word' id='word_1_820' title='bbox 1718 4965 1816 5032; x_wconf 88' lang='lat' dir='ltr'>solum,</span> 
     </span>
     <span class='ocr_line' id='line_1_97' title="bbox 1021 5050 1818 5127; baseline 0.008 -21"><span class='ocrx_word' id='word_1_821' title='bbox 1021 5050 1060 5106; x_wconf 90' lang='lat' dir='ltr'>sic</span> <span class='ocrx_word' id='word_1_822' title='bbox 1079 5052 1105 5106; x_wconf 89' lang='lat' dir='ltr'>in</span> <span class='ocrx_word' id='word_1_823' title='bbox 1124 5061 1271 5123; x_wconf 89' lang='lat' dir='ltr'>conspectu</span> <span class='ocrx_word' id='word_1_824' title='bbox 1288 5054 1395 5109; x_wconf 86' lang='lat' dir='ltr'>Domini</span> <span class='ocrx_word' id='word_1_825' title='bbox 1410 5068 1522 5109; x_wconf 85' lang='lat' dir='ltr'>vacnum</span> <span class='ocrx_word' id='word_1_826' title='bbox 1543 5070 1677 5127; x_wconf 89' lang='lat' dir='ltr'>apparere</span> <span class='ocrx_word' id='word_1_827' title='bbox 1701 5063 1743 5111; x_wconf 89' lang='lat' dir='ltr'>est</span> <span class='ocrx_word' id='word_1_828' title='bbox 1757 5069 1818 5126; x_wconf 85' lang='lat' dir='ltr'>pro·</span> 
     </span>
     <span class='ocr_line' id='line_1_98' title="bbox 1021 5141 1819 5219; baseline 0.01 -25"><span class='ocrx_word' id='word_1_829' title='bbox 1021 5141 1134 5196; x_wconf 87' lang='lat' dir='ltr'>bibitum</span> <span class='ocrx_word' id='word_1_830' title='bbox 1164 5142 1264 5213; x_wconf 72' lang='lat' dir='ltr'>(deod.</span> <span class='ocrx_word' id='word_1_831' title='bbox 1294 5157 1375 5206; x_wconf 86' lang='grc' dir='ltr'>ιιιιιιι,</span> <span class='ocrx_word' id='word_1_832' title='bbox 1406 5145 1461 5212; x_wconf 84' lang='grc'>15).</span> <span class='ocrx_word' id='word_1_833' title='bbox 1481 5144 1549 5198; x_wconf 88' lang='lat' dir='ltr'>Cum</span> <span class='ocrx_word' id='word_1_834' title='bbox 1571 5144 1645 5200; x_wconf 91' lang='lat' dir='ltr'>cuim</span> <span class='ocrx_word' id='word_1_835' title='bbox 1667 5151 1819 5219; x_wconf 72' lang='lat' dir='ltr'>arguantur</span> 
     </span>
    </p>
   </div>
   <div class='ocr_carea' id='block_1_21' title="bbox 1020 5283 1820 5489">
    <p class='ocr_par' dir='ltr' id='par_1_26' title="bbox 1020 5283 1820 5489">
     <span class='ocr_line' id='line_1_99' title="bbox 1056 5283 1817 5361; baseline 0.009 -20"><span class='ocrx_word' id='word_1_836' title='bbox 1056 5287 1112 5357; x_wconf 83' lang='grc'>(60)</span> <span class='ocrx_word' id='word_1_837' title='bbox 1126 5286 1183 5341; x_wconf 87' lang='lat' dir='ltr'>lluc</span> <span class='ocrx_word' id='word_1_838' title='bbox 1197 5285 1316 5358; x_wconf 89' lang='lat' dir='ltr'>pertinet</span> <span class='ocrx_word' id='word_1_839' title='bbox 1331 5283 1465 5341; x_wconf 71' lang='lat' dir='ltr'>abaelardi</span> <span class='ocrx_word' id='word_1_840' title='bbox 1481 5286 1599 5358; x_wconf 83' lang='lat' dir='ltr'>objectio</span> <span class='ocrx_word' id='word_1_841' title='bbox 1612 5288 1639 5344; x_wconf 92' lang='lat' dir='ltr'>in</span> <span class='ocrx_word' id='word_1_842' title='bbox 1658 5289 1775 5361; x_wconf 89' lang='lat' dir='ltr'>epistola</span> <span class='ocrx_word' id='word_1_843' title='bbox 1789 5293 1817 5356; x_wconf 76' lang='grc' dir='ltr'>ὅ,</span> 
     </span>
     <span class='ocr_line' id='line_1_100' title="bbox 1020 5358 1820 5421; baseline 0.01 -8"><span class='ocrx_word' id='word_1_844' title='bbox 1020 5359 1054 5413; x_wconf 89' lang='lat' dir='ltr'>ad</span> <span class='ocrx_word' id='word_1_845' title='bbox 1069 5358 1250 5414; x_wconf 80' lang='lat' dir='ltr'>bernardum:</span> <span class='ocrx_word' id='word_1_846' title='bbox 1276 5377 1287 5410; x_wconf 83' lang='grc' dir='ltr'>ι</span> <span class='ocrx_word' id='word_1_847' title='bbox 1314 5358 1583 5416; x_wconf 83' lang='grc' dir='ltr'>Ριοιιιιιοιιιιιιιιιι</span> <span class='ocrx_word' id='word_1_848' title='bbox 1600 5368 1683 5418; x_wconf 87' lang='lat' dir='ltr'>totam</span> <span class='ocrx_word' id='word_1_849' title='bbox 1703 5377 1820 5421; x_wconf 80' lang='lat' dir='ltr'>venera·</span> 
     </span>
     <span class='ocr_line' id='line_1_101' title="bbox 1021 5429 1456 5489; baseline -0.002 -6"><span class='ocrx_word' id='word_1_850' title='bbox 1021 5430 1123 5489; x_wconf 89' lang='lat' dir='ltr'>tionem</span> <span class='ocrx_word' id='word_1_851' title='bbox 1137 5445 1153 5484; x_wconf 91' lang='lat' dir='ltr'>a</span> <span class='ocrx_word' id='word_1_852' title='bbox 1169 5430 1247 5486; x_wconf 90' lang='lat' dir='ltr'>vohis</span> <span class='ocrx_word' id='word_1_853' title='bbox 1261 5429 1423 5487; x_wconf 80' lang='lat' dir='ltr'>exclusistis.</span> <span class='ocrx_word' id='word_1_854' title='bbox 1445 5451 1456 5482; x_wconf 72' lang='lat' dir='ltr'>s</span> 
     </span>
    </p>
   </div>
   <div class='ocr_carea' id='block_1_22' title="bbox 0 0 1872 5948">
    <p class='ocr_par' dir='ltr' id='par_1_27' title="bbox 0 0 1872 5948">
     <span class='ocr_line' id='line_1_102' title="bbox 0 0 1872 5948; baseline 0 2"><span class='ocrx_word' id='word_1_855' title='bbox 0 0 1872 5948; x_wconf 95' lang='lat' dir='ltr'> </span> 
     </span>
    </p>
   </div>
  </div>
 </body>
</html>
