3734 5948
101 112 158 175 liO
656 109 701 172 lll-
710 108 887 173 sumit
904 108 1021 173 matut
1036 106 1146 174 dando
1163 110 1210 175 lll.
1712 115 1765 179 tto

99 236 256 308 Gadaum,
269 242 300 293 et
314 232 361 294 sia
374 234 480 292 intrare
494 233 523 292 ia
534 234 652 310 gloriam
666 235 765 295 suant
781 233 822 293 'lu
835 249 906 308 quo·
924 251 949 331 Ι
965 247 1029 305 una,
1043 236 1093 292 sed
1115 234 1197 305 trina,
1221 235 1292 293 siem
1305 250 1322 292 a
1335 234 1459 310 patribus
1469 236 1573 295 nostris
1596 239 1762 313 accepbnus.
1836 301 1839 305 ,

100 342 168 400 qne,
187 325 324 395 centurio,
345 340 408 380 eum
430 323 505 380 unde
526 324 618 381 nosti?
647 324 744 383 Videas
768 325 841 398 quoe
866 325 907 383 sic
964 323 1051 381 Hodie
1066 323 1139 381 enim
1154 324 1284 396 pmuulus
1297 340 1346 381 rex
1360 331 1465 396 noster,
1480 325 1764 398 paucisaNatixitata

102 420 243 477 clamans
257 417 538 490 capitanatae,
554 414 651 489 inquit,
668 416 714 470 bie
723 415 804 471 bomo
816 415 909 470 Filias
964 414 1061 470 diebus
1075 413 1230 483 transactis,
1249 414 1327 470 stella
1336 414 1495 472 declarante
1505 416 1764 491 primitiisgentium

102 506 156 562 Dei
174 510 242 564 erat
253 506 350 578 (bore.
366 520 411 573 xv,
428 505 483 574 39).
500 503 637 573 Miratus,
654 512 682 560 et
696 503 772 561 omni
786 502 908 559 admira-
962 502 1098 575 apparuit.
1118 503 1205 560 Hodie
1220 518 1340 576 quoque,
1355 519 1418 561 cum
1432 506 1489 576 jam
1504 504 1617 578 triginta
1635 506 1722 564 ferme
1735 506 1764 564 ia

102 594 184 651 tiene
203 591 302 668 dignal
962 591 1165 663 dispensatione
1189 590 1281 648 carnis
1297 592 1401 667 egisset
1427 609 1514 650 annos
1532 594 1590 667 (qui
1611 597 1763 652 secundum

138 681 224 743 801
244 685 272 739 i.
287 683 448 754 Propterea,
464 696 534 755 rogo
546 696 604 750 vos,
619 680 762 736 intuemini
777 690 804 736 ct
817 680 908 737 videte
962 680 1129 737 divinitatem
1143 682 1217 737 idem
1227 682 1286 754 ipse
1297 690 1348 751 est,
1361 691 1387 739 et
1397 684 1461 739 anni
1473 685 1534 754 ejus
1543 683 1760 757 nondeiiciunt),

104 768 309 846 qumooulata
325 770 359 826 sit
370 769 455 840 fides,
470 770 676 844 quamlyaceos
691 768 785 826 oeulos
797 770 906 839 babeat,
962 770 1034 826 inter
1056 769 1202 842 populares
1230 772 1324 827 turbas
1348 772 1535 844 absconditus,
1560 774 1593 829 ad
1611 775 1762 832 lordanem

100 862 266 938 diligam
286 861 472 919 considerate.
496 858 644 934 Cognoscit
658 858 709 915 Dei
732 858 829 915 Filium
847 860 906 915 lac·
961 858 1140 931 baptizandus
1158 859 1285 927 advenit;
1301 859 1351 915 sed
1366 861 1522 918 testimonio
1536 862 1587 918 Dei
1600 863 1688 919 Patris
1716 863 1760 920 in·

100 959 220 1021 tentem
250 951 396 1024 cognoscit
419 950 446 1003 in
461 948 537 1023 ligno
561 947 739 1020 pendentem,
765 947 907 1021 cognoscit
962 947 1050 1002 notuit
1065 949 1173 1017 (llottlt.
1200 963 1240 1015 ιιι,
1261 949 1473 1019 teutlindis
1498 949 1675 1007 nibilominus
1697 960 1761 1009 cum

99 1041 295 1099 morientem:
318 1037 456 1111 siquidem
473 1037 543 1094 latro
568 1036 595 1092 in
623 1036 756 1108 patibulo,
780 1035 853 1109 llagi
877 1036 906 1091 in
961 1035 1101 1108 discipulis
1120 1036 1177 1091 suis
1199 1044 1312 1092 vocatus
1327 1038 1360 1091 ad
1380 1038 1497 1109 nuptias,
1514 1038 1660 1096 deficiente
1683 1041 1758 1111 vino,

99 1130 212 1187 stabulo
227 1135 416 1203 cognoscunt3
430 1127 477 1183 illa
496 1126 579 1183 clavis
605 1126 730 1194 inlisum,
744 1124 789 1180 isti
808 1124 906 1196 pannis
961 1124 1041 1198 signo
1056 1124 1209 1180 admirabili
1226 1142 1283 1181 suae
1300 1126 1429 1197 potentiae
1445 1143 1530 1199 aquas
1544 1128 1571 1183 in
1585 1129 1680 1185 unum
1694 1147 1758 1186 mu-

98 1218 270 1278 iurolutum:
287 1216 412 1275 canturio
426 1231 493 1273 vero
519 1214 603 1271 vitam
626 1213 739 1288 agnoui
757 1213 784 1269 in
805 1222 905 1269 morte.
960 1212 1026 1269 tavit
1041 1214 1133 1283 (loun.
1149 1229 1180 1284 ιι,
1197 1215 1291 1286 l-lt).
1306 1214 1362 1271 Sed
1375 1215 1495 1272 delectat
1508 1232 1580 1286 eam,
1596 1209 1698 1290 quaein
1714 1212 1758 1273 in-

99 1307 150 1364 lsti
164 1309 219 1365 Dei
232 1307 362 1364 simulem
376 1304 405 1359 in
420 1303 509 1360 teneri
528 1302 654 1375 corporis
676 1301 843 1371 infirmitate,
860 1301 905 1358 iile
960 1303 1044 1360 lautia
1059 1303 1207 1360 Salvatoris
1222 1304 1293 1361 sacta
1308 1312 1359 1373 est,
1382 1305 1581 1377 apparitionem
1601 1306 1759 1380 diligentius

98 1412 235 1455 summan
250 1394 383 1468 Spiritum
402 1392 430 1448 in
446 1391 641 1464 exspiratione.
657 1391 705 1445 lsti
718 1390 769 1445 Dei
783 1391 905 1446 Verbum
959 1392 1069 1461 intueri,
1087 1393 1216 1466 quoniam
1230 1400 1258 1449 et
1271 1393 1430 1449 dulcissima
1444 1400 1496 1464 est,
1511 1403 1539 1451 et
1552 1393 1697 1466 specialius
1706 1397 1758 1454 bo·

99 1486 131 1542 in
144 1486 263 1542 infantia
283 1498 462 1558 cognovere:
479 1481 616 1556 siquidem
638 1479 770 1555 quidquid
788 1479 826 1535 illi
841 1497 904 1537 ser·
960 1481 1004 1537 die
1019 1481 1142 1537 noscitur
1154 1480 1300 1538 celebrari.

99 1574 244 1644 monibus,
260 1572 305 1629 isti
323 1571 485 1629 muneribus
507 1569 684 1628 confitentur.
701 1571 781 1627 Latro
796 1586 904 1643 regem,
995 1574 1022 1627 3.
1039 1570 1124 1627 Hodie
1140 1586 1218 1645 ergo,
1236 1570 1306 1628 sicut
1325 1569 1478 1628 audiamus
1500 1570 1528 1627 in
1543 1570 1702 1646 evangelica
1720 1572 1760 1630 la·

99 1665 232 1723 centurio
246 1662 297 1720 Dei
316 1662 414 1718 Filium
432 1659 515 1716 simul
529 1667 557 1715 et
570 1658 710 1715 bominem
735 1659 903 1731 pronuntiat.
922 1637 944 1715 Β
960 1659 1061 1729 ctione,
1093 1659 1166 1733 llagi
1194 1659 1376 1732 Jersolymam
1407 1667 1543 1717 venerunt
1570 1661 1605 1716 ab
1632 1659 1757 1718 Oriente

99 1753 135 1811 lta
148 1752 218 1827 quid
232 1754 294 1809 brea
316 1750 369 1807 tria
384 1751 443 1823 ipsa
466 1765 611 1823 magorum
632 1763 749 1804 munera
771 1747 903 1818 indicant,
961 1748 1061 1804 llerito
1081 1764 1146 1804 sane
1161 1749 1196 1803 ab
1221 1747 1334 1805 Oriente
1349 1748 1471 1818 veniunt,
1488 1749 1534 1822 qui
1557 1749 1627 1806 Solis
1647 1749 1760 1822 iustitiae

101 1842 154 1899 nisi
170 1840 248 1916 quod
262 1841 290 1897 in
303 1841 384 1896 tbure
396 1855 451 1896 non
462 1846 517 1894 tam
531 1837 581 1895 Dei
591 1837 689 1893 Fibum
703 1845 903 1907 monstravere,
960 1853 1061 1894 norum
1071 1837 1150 1894 nobis
1164 1847 1254 1894 ortum
1268 1839 1439 1908 annuntiant,
1456 1838 1502 1913 qui
1516 1837 1586 1895 laetis
1600 1838 1759 1895 rumoribus

101 1948 188 2006 quam
205 1931 314 1987 Deum?
325 1930 512 1987 Obsecramus
527 1942 605 2001 ergo,
631 1926 796 1996 charissimi,
812 1928 905 2000 {prosit
960 1935 1047 1984 tntum
1060 1928 1193 1983 mundum
1203 1927 1371 1997 illuminant,
1388 1927 1439 1983 nisi
1450 1928 1523 2000 quod
1538 1927 1633 1984 infelix
1651 1927 1757 1999 iudea,

98 2019 181 2078 robis
196 2024 273 2074 tauta
296 2017 425 2086 charitas,
452 2033 535 2090 qnam
549 2015 629 2072 nobis
652 2016 726 2072 Deus
752 2016 903 2086 majestatis
959 2013 1044 2075 8⁰9
1060 2017 1122 2090 quia
1136 2017 1227 2074 lucem
1240 2017 1345 2087 oderat,
1361 2016 1396 2072 ad
1409 2017 1545 2090 fulgorem
1559 2031 1637 2074 norae
1651 2004 1759 2073 clarita'·

101 2107 243 2177 exhibuit;
261 2115 337 2163 tanta
350 2105 497 2175 humilitas,
514 2121 596 2178 qnam
619 2104 755 2178 suscepit3
769 2112 845 2161 tanta
858 2107 904 2162 be·
961 2107 996 2162 tis
1010 2107 1216 2176 obtenebratur,
1232 2115 1259 2166 et
1273 2107 1423 2180 caligantes
1436 2105 1508 2162 oculi
1523 2108 1584 2176 ejus
1597 2110 1759 2164 coruscante

99 2195 235 2273 nignitas,
258 2212 321 2270 quae
342 2194 421 2251 nobis
443 2210 494 2268 per
508 2192 610 2252 Christi
622 2193 801 2250 humilitatem
822 2209 905 2267 appa·
960 2196 1037 2253 radio
1051 2197 1121 2254 Solis
1131 2196 1228 2253 aeterni
1242 2195 1328 2252 multo
1344 2195 1433 2269 magis
1443 2203 1626 2253 excaecantur.
1639 2194 1760 2254 Venien-

99 2287 167 2343 rnit.
184 2288 309 2359 Agamus
322 2283 426 2357 gratias
447 2281 625 2355 Redemptori
639 2291 666 2339 et
680 2282 825 2339 mediatori
836 2298 902 2338 nos·
960 2293 1002 2342 tes
1015 2300 1084 2359 ergo
1102 2286 1137 2340 ab
1151 2284 1264 2342 Oriente
1283 2284 1365 2359 Magi,
1382 2283 1448 2358 quid
1462 2282 1581 2340 dixerint
1594 2280 1757 2341 audiamus:

100 2384 155 2443 tro,
179 2390 234 2447 per
255 2389 339 2446 quem
353 2371 434 2443 nobis
459 2371 576 2429 innotuit
600 2379 654 2426 tam
673 2371 747 2427 bona
768 2386 835 2444 erga
854 2386 904 2429 nos
963 2376 1010 2434 Ubi
1023 2379 1075 2440 cst,
1091 2376 1141 2448 qui
1154 2379 1239 2432 nattes
1258 2379 1300 2432 est
1315 2377 1374 2431 lies
1388 2373 1670 2446 iudeorami’Quam
1684 2382 1760 2430 certa

98 2463 231 2522 voluntas
248 2462 300 2521 Dei
318 2461 420 2530 Patris;
440 2461 576 2534 siquidem
595 2460 679 2517 talem
699 2461 757 2531 jam
778 2459 904 2519 novimus
959 2464 1038 2532 fides,
1055 2473 1083 2519 et
1098 2462 1163 2518 nibil
1178 2463 1288 2535 penitus
1302 2461 1445 2518 baesitansl
1458 2462 1519 2530 Non
1531 2471 1757 2536 quaeruntutrum

100 2554 164 2625 ejus
178 2550 316 2621 animum,
330 2557 428 2606 utnon
442 2549 579 2605 immerito
593 2548 716 2606 dicamus
731 2565 738 2603 ε
754 2549 799 2606 Sic
812 2549 902 2606 curri·
958 2562 1038 2608 natus
1051 2552 1101 2616 sit3
1119 2553 1167 2608 sed
1183 2550 1345 2608 fiducialiter
1368 2552 1528 2625 loquuntur,
1545 2558 1572 2607 et
1585 2538 1761 2626 interrogant

101 2657 174 2710 mus,
185 2654 244 2696 non
259 2639 337 2713 quasi
351 2640 379 2694 in
390 2639 525 2696 incertum
540 2638 567 2710 (l
581 2639 641 2695 Gor.
655 2654 692 2706 rx,
708 2638 765 2710 26).
777 2637 903 2696 Proiecto
957 2641 1017 2698 sine
1032 2640 1209 2711 dubitatione,
1234 2641 1281 2697 ubi
1305 2640 1341 2696 sit
1354 2647 1434 2697 natus
1448 2647 1492 2696 est
1510 2640 1570 2698 Rex
1590 2641 1758 2699 Judaeorum.

101 2729 178 2786 enim
196 2729 251 2786 tale
271 2736 314 2786 est
328 2744 396 2802 erga
409 2743 461 2783 nos
482 2742 530 2784 cor
550 2726 601 2783 Dei
616 2725 713 2797 Patris,
729 2727 810 2800 quale
825 2727 903 2785 nobis
957 2731 1053 2800 Porro,
1061 2729 1152 2786 audito
1163 2729 1272 2786 nomine
1284 2729 1370 2804 regis,
1382 2744 1430 2785 rex
1440 2729 1761 2787 llerodessuecessorem

101 2818 243 2892 expressit
255 2818 302 2892 qui
316 2818 351 2875 da
366 2818 427 2889 ejus
442 2816 526 2873 corde
544 2814 690 2888 prooessit.
958 2820 1110 2892 suspicatus
1120 2820 1237 2893 expavit.
1253 2819 1312 2876 Nec
1331 2820 1431 2875 mirum
1446 2819 1469 2874 si
1485 2820 1609 2876 turbatur
1618 2820 1759 2889 Herodes;

410 2922 527 2978 sssgfflo
546 2923 593 2978 111,
959 2909 1010 2964 sed
1024 2909 1098 2982 quod
1123 2908 1277 2964 Jerusalem
1304 2906 1398 2963 civitas
1417 2906 1477 2974 Dei,
1504 2924 1565 2981 quae
1588 2910 1658 2967 cisio
1679 2911 1761 2982 pacis

102 3019 142 3076 tte
158 3016 281 3075 lectione
295 3013 491 3087 evangeliea«
512 3011 559 3071 titt
573 3013 774 3085 estquinotas
792 3015 903 3072 estliea
921 3006 943 3085 c
960 3006 1010 3067 ast,
1034 3013 1097 3053 cum
1124 2997 1234 3053 Herode
1258 2997 1393 3065 turbatur,
1415 2996 1545 3068 quisnon
1561 2996 1694 3053 miretur?
1710 2997 1758 3053 ti·
1794 3028 1797 3033 -

249 3084 414 3143 ludaeorum
429 3083 443 3137 .⁹
458 3103 470 3133 ι
487 3083 597 3154 (llattlt.
613 3098 644 3151 ιι,
666 3083 758 3153 tal).
959 3087 1033 3155 dete,
1067 3085 1177 3154 iratres,
1212 3091 1343 3159 quantum
1370 3089 1470 3140 noceat
1499 3082 1594 3158 iniqua
1619 3092 1757 3158 potestas;

137 3182 165 3233 t.
180 3174 379 3234 Necessarium
397 3172 477 3230 nobis
490 3171 609 3241 videtur,
630 3173 740 3242 iratres,
759 3172 836 3243 juxta
849 3187 903 3229 cae·
958 3172 1096 3248 quomodo
1109 3180 1192 3246 caput
1205 3171 1318 3245 impium
1333 3171 1473 3243 subiectos
1494 3188 1605 3248 quoque
1619 3190 1676 3230 suae
1691 3184 1759 3231 con·

100 3275 229 3325 maram
243 3262 445 3321 solemnitatum
460 3260 697 3330 consuetudinem,
714 3260 904 3319 etiamsolem·
957 3263 1056 3319 lormat
1075 3260 1219 3335 impietati.
1247 3261 1345 3317 blisera
1364 3261 1445 3333 plano
1469 3261 1574 3333 ciuitas,
1597 3261 1625 3317 in
1642 3279 1696 3337 qua
1711 3279 1758 3320 re-

101 3352 345 3414 nitatislrodiernae
358 3350 435 3410 vobis
450 3366 587 3423 exponere
603 3349 748 3407 rationem.
763 3351 903 3407 Interdum
957 3359 1023 3429 gnat
1055 3351 1195 3418 Herodes,
1226 3350 1354 3424 quoniam
1381 3349 1546 3407 llerodianae
1581 3349 1641 3408 sine
1676 3350 1759 3409 dubio

101 3446 180 3503 enim
193 3451 292 3502 contra
301 3441 367 3499 vitia
379 3440 527 3515 loquimur,
543 3448 570 3497 et
584 3457 674 3514 genus
688 3439 753 3496 illud
767 3439 904 3498 sermonis
957 3440 1095 3515 particeps
1107 3439 1159 3497 erit
1173 3439 1292 3510 malitiae,
1308 3447 1336 3496 et
1350 3439 1385 3494 ad
1401 3455 1478 3498 novae
1493 3439 1587 3496 salutis
1601 3448 1692 3497 ortum
1707 3440 1760 3500 lle-

101 3533 240 3608 pcrntile;
269 3531 321 3588 sed
342 3529 440 3586 diebus
463 3527 571 3586 caeteris
594 3528 703 3585 videtur
725 3527 904 3601 opportunius
958 3527 1073 3586 rodiana
1085 3527 1240 3584 movebitur
1263 3527 1428 3584 turbatione.
1452 3527 1566 3584 Confido
1582 3543 1634 3600 ego
1658 3526 1685 3583 in
1701 3530 1759 3585 Do·

101 3620 267 3682 conxenina.
284 3618 401 3676 Festivis
421 3625 522 3688 autam,
538 3626 566 3673 et
579 3617 697 3672 maxime
717 3616 745 3672 ir
760 3616 905 3690 praecipuis
958 3617 1043 3696 mino,
1065 3616 1194 3691 quoniam
1208 3616 1280 3673 inter
1294 3632 1345 3673 nos
1366 3614 1478 3672 minime
1493 3616 1630 3689 regnabit,
1653 3616 1759 3673 etiamsi

101 3707 336 3778 solemnitatibus,
361 3707 449 3782 magis
475 3707 549 3763 circa
576 3722 608 3762 ea
636 3721 698 3779 quae
723 3704 905 3762 solemnitatis
958 3706 1056 3762 adesse
1071 3704 1310 3780 contingat;quod
1325 3711 1352 3759 et
1366 3703 1453 3776 ipsum
1468 3704 1543 3760 Deus
1557 3702 1670 3760 avertatl
1689 3706 1759 3761 Nam

99 3809 178 3871 sant,
193 3798 396 3858 immorandum
408 3796 525 3866 uidetur,
550 3803 579 3851 ut
597 3794 701 3868 pariter
716 3801 744 3851 et
763 3794 904 3852 erudiatur
958 3794 1114 3853 Herodiano
1127 3793 1230 3850 malitia
1244 3800 1271 3849 et
1290 3792 1456 3874 Babylonica
1471 3793 1619 3850 crudelitas
1638 3800 1690 3865 est,
1705 3809 1758 3850 na-

101 3890 225 3960 snimas,
239 3895 269 3945 et
282 3887 416 3945 excitetur
437 3886 561 3943 allectus.
582 3882 724 3952 Quomodo
741 3883 815 3941 enim
829 3884 904 3941 cele·
959 3890 1083 3942 scentem
1104 3881 1175 3940 velle
1198 3881 1374 3957 exstinguere
1397 3882 1569 3957 religionem,
1592 3891 1620 3940 et
1643 3882 1757 3941 allidere

99 3978 222 4037 brabitis
247 3976 321 4052 quod
347 3974 479 4033 nescitis?
501 3983 547 4030 aut
571 3974 708 4047 quomodo
731 3973 832 4042 scietis,
853 3973 904 4030 nisi
957 3971 1086 4047 parvulos
1101 3971 1219 4032 Israelis.
1231 3971 1335 4045 Siquid
1346 3971 1420 4028 enirn
1431 3962 1589 4028 adsalutem
1605 3974 1757 4047 pertinens,

100 4066 284 4127 annuntietur
297 4065 396 4123 vobis?
410 4066 558 4138 Propterea
572 4078 627 4120 non
647 4062 683 4117 sit
701 4062 848 4122 molestum
862 4056 905 4119 bis
958 4062 980 4119 si
996 4062 1061 4136 quid
1076 4061 1217 4135 religionis
1231 4060 1328 4130 oritur,
1344 4060 1500 4136 quicunque
1513 4061 1625 4134 resistit,
1643 4062 1759 4136 quicun-

100 4158 153 4234 qui
165 4155 273 4214 suntin
286 4155 351 4229 lege
365 4153 457 4228 periti,
474 4152 497 4207 si
519 4166 617 4225 parum
632 4152 705 4210 docti
728 4167 836 4210 morem
849 4168 903 4227 ge·
959 4168 1012 4227 que
1027 4159 1174 4227 repugnat,
1189 4150 1269 4224 plane
1283 4165 1346 4208 cum
1360 4151 1496 4225 AEgyptiis
1519 4151 1648 4224 parvulos
1666 4153 1758 4207 lsrae-

100 4247 203 4317 rimns,
221 4251 254 4301 ut
270 4243 356 4319 exigit
369 4242 438 4299 ratio
454 4240 604 4299 charitatis.
619 4241 707 4297 Credo
722 4238 796 4298 enim
810 4256 845 4297 ne
860 4241 910 4315 ip--
958 4239 1026 4297 litici
1049 4239 1184 4316 germinis
1200 4255 1301 4297 necare
1325 4248 1456 4308 conatur3
1481 4240 1537 4297 imo
1561 4257 1624 4298 oum
1650 4240 1759 4298 llerode

100 4350 151 4394 sos
164 4333 281 4410 quidem
307 4331 365 4391 suis
380 4331 467 4404 epulis
480 4344 543 4389 asse
567 4330 743 4399 fraudandos,
770 4329 793 4386 si
813 4330 904 4386 minus
959 4337 1118 4386 nascentem
1128 4329 1305 4403 persequitur
1319 4328 1497 4386 Salvatorem.
1511 4322 1567 4387 Sed
1573 4331 1632 4401 jam
1646 4329 1758 4387 incboa·

101 4422 234 4493 eruditis,
260 4430 392 4496 tanquam
419 4419 597 4493 popularibus
624 4419 723 4488 turbis,
748 4420 904 4493 grossiores
920 4386 943 4462 ὓ
961 4426 1224 4491 tamprosequamur
1239 4418 1388 4473 historiam.
1405 4418 1504 4489 Credo,
1521 4419 1617 4492 siquis
1631 4417 1759 4475 conscius

99 4514 182 4589 prius
198 4511 377 4587 apposuerint
400 4510 486 4568 cibas.
500 4510 540 4565 lta
552 4522 619 4567 vero
638 4517 786 4583 apponent,
802 4509 824 4565 si
848 4508 904 4565 ira·
960 4517 1000 4565 est
1014 4509 1096 4578 hujus
1111 4507 1161 4578 rei,
1178 4507 1326 4563 studiosius
1340 4506 1392 4562 sibi
1416 4507 1522 4565 cavebit
1546 4508 1580 4565 de
1599 4515 1714 4577 caetero;
1731 4517 1759 4565 et

100 4613 194 4662 terna
206 4601 347 4660 charitatis
362 4600 459 4657 intuitu
474 4598 628 4673 placuerint
643 4599 683 4657 cis
703 4615 764 4673 quae
778 4614 906 4656 necessa·
959 4597 1143 4654 Herodianum
1158 4596 1345 4654 exsecrabitur
1358 4597 1489 4666 animum,
1514 4613 1549 4654 ne
1564 4594 1682 4653 similem
1696 4596 1756 4654 exi-

100 4693 222 4750 riasunt
235 4690 368 4747 nonsatis
381 4688 608 4763 intelligentibus,
620 4688 673 4745 etsi
686 4688 804 4746 tortasse
815 4688 905 4745 minus
960 4694 1017 4742 tum
1032 4686 1170 4742 sortiatur.

100 4779 268 4839 necessaria
280 4779 436 4837 rideantur.
451 4778 497 4836 Sic
511 4786 609 4836 autem,
618 4777 775 4853 fragmenta
788 4786 905 4850 postmo
995 4779 1022 4834 d.
1037 4777 1112 4851 Ergo
1127 4777 1312 4850 quaerentibus
1331 4775 1416 4850 blagis
1430 4775 1536 4847 llegem
1549 4774 1717 4848 Judaeorum,
1732 4786 1760 4834 et

99 4872 171 4928 darn
186 4870 350 4945 recolligent
364 4867 500 4940 sibiipsis,
516 4868 539 4923 si
549 4866 708 4942 diligentius
718 4868 904 4943 recogitantes
959 4864 1117 4923 sciscitante
1141 4882 1157 4920 a
1181 4864 1285 4922 Scribis
1306 4864 1413 4921 Herode
1432 4864 1583 4922 Dominicae
1609 4864 1761 4925 Natiuitatis

88 4948 251 5034 [subtdtora
264 4975 390 5034 quaeque,
410 4965 540 5030 tanquam
561 4957 664 5012 munda
678 4942 803 5017 animalia
817 4957 905 5014 rumi-
959 4955 1060 5024 locum,
1072 4954 1109 5009 illi
1122 4956 1200 5025 juxta
1213 4954 1375 5027 prophetam
1390 4968 1490 5010 nomen
1505 4947 1624 5012 civitatis
1637 4952 1758 5014 edicunt.

100 5049 233 5106 neverint
247 5064 309 5122 quae
322 5063 421 5121 parum
435 5045 621 5120 intelligibiles
636 5046 750 5103 animos.
760 5062 818 5118 prae
839 5047 906 5101 sub·
960 5044 1083 5117 Cumque
1099 5043 1278 5099 recessissent
1301 5043 1383 5114 Magi,
1399 5051 1427 5099 et
1449 5044 1625 5119 reliquissent
1639 5046 1758 5115 Judaeos,

98 5139 202 5196 tilitate
222 5137 382 5212 effugerint.
961 5149 1023 5191 ecoe
1035 5133 1118 5189 stello
1127 5149 1211 5205 quom
1222 5132 1353 5190 viderant
1363 5134 1395 5188 in
1407 5133 1529 5205 Oriente,
1541 5134 1689 5194 antecebat
1705 5153 1759 5195 eos.

137 5233 168 5286 2.
184 5227 352 5286 solemnitas
364 5225 448 5301 igitur
459 5225 601 5283 hodierum
615 5222 670 5281 diei
689 5225 724 5279 ab
737 5225 907 5297 apparitione
961 5221 1030 5278 llino
1052 5220 1197 5277 manifeste
1212 5220 1292 5277 datur
1310 5220 1426 5298 intelligi
1450 5223 1588 5299 quoniam,
1612 5224 1761 5283 humanum

99 5334 208 5377 mm
221 5316 339 5392 anaspia
355 5315 508 5393 Epiphania
526 5314 626 5393 qnippe
643 5313 776 5389 apparitio
786 5324 839 5371 est.
854 5314 908 5372 llo-
961 5310 1114 5383 flagitantes
1131 5309 1285 5383 consilium,
1310 5311 1431 5371 divinum
1444 5314 1562 5371 amisere
1575 5312 1718 5395 ducatum;
1734 5323 1762 5373 ct

102 5407 149 5465 die
171 5401 244 5479 ergo
257 5404 393 5479 apparitio
416 5405 525 5463 Domini
545 5403 716 5472 celebratur,
733 5418 786 5460 non
802 5411 906 5461 tantum
963 5401 1110 5458 conuersos
1122 5401 1156 5456 ad
1167 5408 1309 5459 terrenum
1319 5401 1523 5476 documentum,
1531 5404 1641 5477 signum
1650 5399 1762 5465 coeles'te
