3734 5948
50 229 101 289 8lt
691 211 863 285 senentes
880 222 914 283 ltt
932 212 1081 285 ullust.
1649 239 1704 300 812

57 352 167 411 18⁰2
184 357 211 409 t.
236 354 378 425 Exaggem
408 349 581 422 qnantuvas
594 349 700 416 merita,
715 356 742 404 et
755 347 853 405 extolle
868 363 893 442 Α
909 349 1167 421 nomenniomen,
1183 353 1388 423 quantoscrius
1411 367 1484 417 tauto
1503 363 1637 422 sincerius
1656 381 1701 422 ra-

55 443 185 498 sudores:
208 441 352 497 meliorest
365 438 553 495 misericordia
567 436 675 494 Domini
690 453 772 510 super
785 438 853 494 vitas
908 437 1027 494 formare
1051 437 1188 495 festinant.
1211 441 1243 497 Et
1265 443 1308 498 bae
1328 454 1354 501 et
1374 445 1429 502 illac
1456 465 1522 506 sane
1550 451 1700 522 proficiant,

54 534 144 604 (Paul.
173 547 241 586 aaut.
263 532 301 602 I).
318 530 423 593 Fateor,
441 544 495 583 uon
511 527 626 583 stistiuui
641 528 747 598 pondus
759 526 812 583 dici
826 537 854 584 et
907 541 961 581 nou
983 526 1107 583 deficiant
1134 543 1221 600 neque
1244 529 1401 604 fatigentur,
1424 534 1474 590 etsi
1496 538 1609 594 necdum
1622 541 1702 612 plens

54 630 157 688 aestus;
181 620 342 693 sedjugum
373 632 453 673 suave
468 624 576 672 etouus
603 617 664 671 leve
694 632 741 686 pro
768 616 853 671 bene·
907 614 933 668 iu
948 616 1117 684 sesentmnt,
1133 618 1447 694 uudedieautelipsae:
1467 625 1712 699 Olenmcslbrnm·

55 710 153 782 placito
177 709 380 780 patrisfamilias
401 715 490 778 porto.
516 705 592 776 Opus
607 722 697 761 meum
713 706 759 762 riu
774 707 853 763 unius
906 719 1010 761 nomen
1026 711 1117 763 tuem.
1128 706 1184 762 Nec
1198 708 1270 762 euim
1284 710 1385 765 audent
1399 712 1607 771 adolescentulae
1615 733 1702 787 perse

54 809 95 855 est
111 801 182 854 borae
194 817 202 866 ς
216 806 242 853 et
262 797 284 853 si
301 799 360 869 plus
379 795 471 868 Iulios,
486 794 592 867 plurisl,
618 811 672 865 prae
686 810 779 850 amore
797 810 852 850 uon
907 791 996 849 facere
1018 794 1097 849 verba
1124 809 1234 865 sponso.
1258 796 1359 854 'famen
1382 799 1405 854 si
1426 801 1560 875 magistrae
1579 806 1702 879 vesIIgiie

42 888 155 952 sentio,
169 887 279 942 iudaeus
297 884 420 956 propales
439 885 569 940 exercitet
585 883 676 950 vires3
698 882 763 937 milti
786 899 852 954 pro-
909 881 1024 952 pressius
1043 882 1174 939 iubmrerc
1195 886 1310 952 student,
1333 886 1413 945 effusi
1436 889 1488 946 olei
1504 893 1702 952 saltemodope

56 979 120 1032 bare
135 977 206 1042 libet,
231 991 294 1048 quae
309 975 344 1029 sit
368 973 493 1028 voluutas
507 971 613 1028 Domini
634 971 712 1038 bona,
724 981 751 1026 ct
769 973 853 1026 beue-
907 971 1121 1045 delectabuntur,
1137 981 1165 1029 et
1179 974 1359 1032 incitabuntur
1376 978 1457 1034 ctiam
1479 981 1513 1037 de
1527 982 1620 1040 odoris
1634 1000 1700 1058 per·

56 1067 176 1140 placens,
197 1076 224 1120 et
233 1065 364 1136 perfecta.
386 1063 424 1120 Ex
439 1078 471 1118 ea
495 1077 560 1116 saue
574 1060 662 1133 operis
676 1075 707 1116 ac
723 1059 854 1133 temporis
909 1060 1032 1132 ceptione
1046 1076 1146 1131 cupere
1158 1069 1185 1115 et
1198 1078 1319 1134 quarere
1332 1065 1448 1137 potiora.

57 1157 154 1211 damna
172 1153 236 1210 milti
264 1152 393 1210 resarcio.
415 1150 463 1207 Ille
487 1157 565 1221 pacto
586 1149 781 1215 conventionis,
803 1162 855 1221 ego
945 1151 972 1204 6.
989 1148 1153 1221 Frequenter
1166 1164 1217 1223 eqo
1232 1152 1302 1223 ipse,
1316 1153 1388 1225 quod
1407 1154 1484 1211 fateri
1499 1172 1555 1213 nou
1569 1174 1702 1217 verecun.

58 1244 155 1314 placito
178 1240 325 1298 voluntatis
336 1240 438 1296 innitor
447 1255 455 1308 3
471 1239 564 1307 credo,
580 1247 607 1295 et
618 1253 674 1295 nou
684 1239 716 1293 ad
730 1238 857 1308 insipien·
909 1237 969 1304 dor,
985 1236 1156 1310 maalmequo
1170 1238 1197 1294 Iu
1221 1239 1297 1297 initio
1321 1244 1503 1301 conversionis
1526 1262 1605 1317 meae,
1620 1250 1703 1306 corde

59 1332 121 1387 tiam
151 1331 232 1386 mibi:
263 1346 323 1384 uam
357 1327 410 1386 vita
435 1326 474 1383 iu·
492 1326 856 1398 voluntataejus.llfamihi
909 1329 1036 1393 duruset
1058 1326 1227 1398 frigissent
1250 1345 1374 1402 quaereus
1394 1335 1703 1410 quemvettetditiqere

59 1419 214 1476 reconciliat
230 1421 345 1486 Patrem,
365 1416 411 1471 illa
429 1415 613 1471 haereditatem
628 1413 752 1486 restituit,
775 1414 856 1470 etiam
909 1416 1000 1470 auimo
1016 1430 1075 1471 ntea
1090 1431 1097 1470 ε
1113 1429 1163 1470 uec
1178 1416 1251 1472 enim
1264 1418 1354 1476 adhuc
1366 1419 1480 1496 diligere
1501 1430 1605 1494 poterat
1622 1441 1703 1499 qucm

58 1506 230 1564 cumulatiori
248 1507 349 1579 gratim
376 1502 554 1576 symphoniae,
580 1512 607 1560 et
630 1510 723 1560 canitis
749 1511 776 1560 et
790 1518 856 1573 epu·
872 1532 894 1611 n
910 1504 1028 1560 nondum
1044 1504 1191 1572 invenerat,
1206 1513 1254 1562 aut
1268 1517 1340 1564 certe
1353 1509 1443 1566 miuus
1455 1526 1536 1584 quam
1553 1512 1631 1570 uellet
1641 1514 1704 1570 dili-

60 1597 155 1660 larum‚
185 1609 217 1650 ac
248 1593 330 1650 totius
361 1591 511 1648 exultantis
543 1591 650 1647 familiae
682 1591 857 1648 celeberrima
910 1589 997 1658 gebat,
1014 1598 1041 1644 ct
1054 1590 1154 1647 obboc
1171 1594 1309 1665 quaercbat
1327 1603 1355 1651 ut
1369 1598 1459 1671 magis
1476 1598 1611 1674 diligerem
1624 1618 1704 1674 quem

60 1682 159 1753 gaarma
177 1681 287 1737 suscitat
300 1680 377 1739 mihi.
402 1680 431 1736 Si
446 1680 602 1755 indignatur
623 1679 707 1737 frater
721 1696 797 1736 meus
810 1696 856 1738 se-
910 1691 1078 1749 uequaquam
1097 1688 1240 1752 quareret,
1266 1681 1319 1739 uisi
1338 1685 1394 1754 jam
1413 1686 1581 1759 aliquatenus
1593 1689 1706 1748 dilexis·

62 1785 123 1825 uror
145 1769 203 1836 ilie,
231 1768 277 1840 qui
291 1769 397 1825 haedum
418 1770 559 1826 comedere
572 1769 674 1826 mavult
687 1785 748 1826 cum
766 1769 859 1826 amieis
911 1773 962 1821 set.
979 1766 1047 1820 Cum
1069 1782 1135 1840 ergo
1156 1783 1216 1825 cum
1237 1785 1398 1842 quaererem,
1416 1775 1443 1829 iu
1466 1791 1519 1848 quo
1533 1780 1709 1838 recalescmt

61 1857 212 1922 saisieris,
231 1871 312 1929 quam
333 1873 439 1913 caecum
454 1856 481 1912 iu
503 1864 615 1929 paterna
641 1858 723 1915 domo
746 1855 858 1913 vitulum
913 1863 993 1926 atque
1008 1855 1190 1927 requiesceret
1210 1859 1319 1930 spiritns
1344 1878 1429 1929 meus,
1445 1864 1539 1938 utique
1555 1876 1667 1941 torpens
1680 1876 1710 1926 et

61 1945 222 2016 saginatum,
241 1945 450 2018 respondebitur
464 1944 514 2000 illi:
533 1947 653 2018 Epeturt'
682 1950 711 2005 ct
740 1945 860 2017 quedem
914 1944 1064 2017 langueam
1080 1959 1132 2003 nec
1152 1945 1206 2002 ulla
1225 1947 1260 2002 de
1276 1956 1349 2020 parts
1363 1961 1516 2010 occurreret
1530 1955 1579 2028 qui
1595 1953 1708 2014 lm

62 2037 181 2106 oporiet,
198 2032 494 2105 quiebicfilittemcats
513 2034 763 2105 mmtcesfecrof,
780 2038 808 2092 ct
821 2049 863 2091 rc·
916 2041 1109 2103 succurreret,
1141 2051 1191 2107 per
1221 2050 1302 2109 quem
1331 2038 1455 2097 videlicet
1491 2041 1586 2100 bruma
1618 2043 1710 2118 rigens

61 2122 153 2190 etiaim
164 2123 301 2194 perierat,
310 2129 337 2178 et
346 2124 480 2179 Inventus
495 2127 538 2179 cei
547 2123 623 2193 (lue.
638 2139 686 2191 xv,
699 2123 755 2179 sel.
767 2122 863 2181 Adhuc
917 2120 1011 2194 [oliae
1036 2121 1133 2193 pruina
1151 2122 1262 2197 rigeusl,
1287 2141 1349 2197 qnae
1371 2142 1468 2184 seusus
1481 2129 1629 2207 stringebat
1641 2131 1712 2190 inter

62 2210 205 2282 synagoga
214 2208 281 2266 foris
297 2210 421 2279 epulatur
435 2226 499 2268 cum
509 2210 603 2267 amieis
617 2209 863 2280 snisdaemouibus,
917 2224 977 2280 uos,
993 2208 1197 2283 dissolveretur,
1212 2221 1240 2270 et
1252 2215 1371 2271 aemulls
1383 2215 1429 2272 illa
1448 2219 1568 2275 suavitas
1581 2235 1613 2277 se
1627 2220 1712 2295 spiti-

63 2298 166 2369 quibas
187 2297 251 2353 satis
265 2299 362 2367 placat,
393 2298 469 2370 quod
484 2298 592 2354 haedum
608 2297 711 2369 peceati
733 2295 865 2369 iusipiens
919 2298 997 2353 tualis
1011 2300 1153 2355 amoenitas
1167 2307 1346 2358 reverteretur
1361 2321 1368 2358 :
1385 2308 1448 2360 tunc
1470 2306 1557 2380 magis
1576 2322 1607 2365 ao
1627 2308 1716 2383 magis

64 2384 624 2458 devorattransglutIeus„atquequodam
635 2384 867 2442 modooceultanc
920 2386 1076 2459 languebat,
1100 2395 1128 2443 et
1148 2387 1274 2459 tedebat,
1296 2396 1322 2446 et
1343 2391 1505 2450 dormitabat
1525 2395 1613 2452 anima
1637 2412 1713 2467 mea;

64 2485 90 2532 et
106 2489 243 2545 reponens
262 2474 312 2531 sibi
327 2472 394 2530 iliud
408 2473 435 2529 iu
444 2483 538 2531 ventre
547 2473 677 2531 socordias
691 2482 721 2530 et
735 2473 866 2546 iusipien—
921 2490 977 2548 prae
999 2476 1090 2544 taedio,
1113 2476 1197 2534 tristis
1220 2485 1246 2535 et
1269 2494 1340 2549 pene
1356 2480 1516 2552 desperans,
1531 2491 1558 2539 et
1571 2484 1717 2543 mussitans

64 2564 110 2621 tiae
138 2579 205 2632 suae,
222 2565 286 2619 dum
311 2571 487 2620 contemnens
505 2564 557 2619 Dei
573 2562 719 2634 justitium,
735 2572 763 2620 et
789 2579 866 2621 suam
922 2562 1106 2622 secumillud:
1126 2566 1360 2639 dsueiesriqotit
1372 2567 1458 2641 bajus
1471 2571 1534 2642 qais
1547 2568 1720 2631 sustinebit?

65 2654 163 2712 volens
189 2653 368 2722 constituere,
398 2653 463 2710 dicit
490 2669 520 2711 se
538 2654 703 2710 nonhabere
717 2661 867 2726 peecatum,
920 2653 1007 2723 (Psoi.
1022 2667 1128 2721 exurit,
1144 2653 1200 2728 iu.)
1215 2654 1282 2712 Cum
1301 2655 1389 2712 subito
1407 2654 1477 2714 forte
1491 2659 1657 2730 adeffatum,
1676 2661 1718 2719 uel

66 2759 119 2802 neo
133 2751 222 2799 morte
237 2759 318 2818 cgere
346 2742 424 2800 rituli
447 2742 571 2816 sagiuatI,
587 2742 715 2799 mundam
735 2742 869 2816 siquidem
924 2741 1005 2799 etiam
1018 2749 1155 2813 aspectum
1169 2743 1318 2815 cujuspiam
1331 2744 1474 2816 spiritualis
1486 2747 1731 2822 pedeeiqaerirt,

65 2837 221 2906 justamque
241 2850 274 2890 ex
299 2832 369 2907 legIs
385 2832 514 2904 operibus
533 2848 563 2889 se
591 2842 727 2905 reputans.
744 2836 782 2890 dt
802 2810 907 2890 sorec
925 2829 1060 2886 interdum
1084 2838 1111 2889 et
1134 2832 1167 2887 ad
1192 2831 1278 2887 solam
1301 2832 1420 2890 defuncti
1444 2850 1492 2891 seu
1515 2837 1638 2895 obscenis
1659 2854 1721 2896 me·

68 2923 201 2990 Ecclesia,
230 2921 316 2981 scisso
343 2921 403 2979 velo
431 2921 578 2980 occidentis
600 2923 697 2978 litterae
725 2921 754 2978 in
782 2930 870 2979 morte
926 2919 1048 2983 moriam,
1071 2917 1152 2974 flabat
1175 2919 1297 2990 spiritus,
1313 2928 1340 2976 et
1363 2920 1482 2978 fluebant
1495 2930 1631 2996 aquoe3et
1645 2933 1724 2983 eraut

69 3012 150 3070 Verbi
164 3011 296 3078 crucium,
311 3011 439 3068 audacter
462 3011 496 3067 sd
511 3012 571 3083 ejus
583 3009 733 3083 penetralia
748 3017 869 3083 praeunte
923 3006 990 3062 mibi
1015 3008 1139 3078 lacrymm
1167 3007 1221 3063 illm
1243 3023 1327 3079 panes
1349 3009 1394 3065 die
1419 3026 1451 3066 ac
1474 3021 1563 3069 nocte
1589 3012 1723 3082 Quidum

69 3100 166 3173 spIritu
185 3099 316 3157 libertatis
336 3099 470 3172 irrumpit,
495 3099 662 3174 agnoscitur,
679 3101 776 3172 placat,
791 3099 870 3154 sorti·
924 3095 1008 3162 istud,
1030 3095 1081 3149 uisi
1102 3097 1171 3152 odor
1195 3095 1345 3154 exhalantis
1368 3098 1511 3167 unctionis,
1527 3110 1652 3173 quaerat
1675 3101 1723 3160 illc

67 3188 227 3246 turaemulae
252 3188 352 3256 locum,
367 3189 398 3242 fit
415 3203 524 3259 sponsa,
541 3186 639 3244 fruitur
656 3186 796 3260 praecptis
810 3203 869 3242 am·
924 3183 1074 3257 perfusus?
1095 3184 1156 3240 Non
1178 3183 1251 3240 enim
1274 3185 1380 3257 unctio,
1403 3202 1464 3258 quae
1485 3189 1518 3244 ad
1537 3205 1582 3248 me
1596 3191 1723 3249 nimirem

71 3278 213 3351 plexibus,
238 3285 265 3334 et
285 3277 312 3332 iu
333 3276 422 3335 calore
436 3277 549 3350 spiritus
565 3276 672 3333 cbristo
686 3275 812 3346 Domino,
827 3275 872 3333 cui
925 3272 977 3328 uisi
1000 3271 1112 3329 homine
1132 3272 1266 3330 mediante
1287 3289 1342 3331 uon
1366 3276 1544 3347 perungebat.
1567 3278 1600 3334 Et
1613 3290 1724 3353 proptcr

71 3367 244 3433 confricatur,
260 3367 288 3423 iu
302 3368 420 3432 haerens,
434 3366 548 3422 stillante
565 3382 596 3423 ac
611 3366 738 3423 fundente
752 3365 871 3439 undique
925 3360 976 3417 etsi
996 3361 1144 3433 gaudebam
1168 3361 1202 3419 de
1222 3378 1351 3430 munere,
1379 3364 1566 3424 confundebar
1585 3375 1674 3426 lamen
1696 3378 1724 3427 ct

74 3472 131 3512 suae
150 3456 240 3512 oleum
261 3454 443 3525 exultationis,
462 3456 515 3511 hoc
542 3455 586 3511 illa
616 3471 669 3528 prae
695 3454 872 3528 participibus
927 3449 1095 3520 humiliabar,
1117 3452 1189 3524 quod
1213 3452 1271 3511 sola
1290 3453 1324 3509 ad
1347 3468 1391 3510 me
1415 3455 1503 3511 tenuis
1530 3457 1673 3524 exhalatio,
1689 3459 1724 3533 let

74 3545 117 3603 sui
148 3543 295 3617 excipiens,
310 3543 363 3601 ait:
393 3544 491 3600 oteem
517 3544 646 3615 effecum
660 3559 764 3601 nomen
779 3547 871 3600 tuem
926 3555 981 3596 non
1006 3540 1116 3612 pinguis
1139 3541 1261 3611 aspersio
1284 3542 1462 3613 pervenisset.
1488 3542 1607 3603 odoram
1623 3548 1724 3620 quippe

74 3630 145 3700 Quid
162 3633 262 3689 mirum
276 3633 300 3687 si
320 3632 439 3702 ungitur,
459 3646 519 3703 quae
538 3639 649 3687 unctum
677 3629 873 3702 amplectitur?
927 3628 1084 3694 delectatus,
1100 3644 1154 3686 non
1173 3636 1256 3697 tactu,
1271 3629 1413 3705 iudignum
1432 3647 1476 3687 me
1491 3633 1604 3703 proinde
1617 3650 1721 3708 eogno-

110 3725 136 3779 5.
166 3720 288 3777 Ecclesia
303 3734 367 3794 erqo
381 3718 517 3775 recumbit
529 3717 610 3785 intus,
627 3719 673 3775 sed
692 3717 815 3775 Ecclesia
829 3719 873 3775 iu·
926 3717 1046 3782 scebam,
1061 3715 1105 3772 oni
1120 3732 1170 3788 per
1185 3717 1305 3788 seipsum
1328 3716 1492 3774 dulcesceret
1505 3719 1589 3777 Deus.
1604 3722 1639 3780 Et
1653 3738 1724 3782 nuuc

74 3811 151 3869 terim
166 3811 360 3886 perfectorum.
377 3809 444 3881 Spes
463 3817 554 3866 tamen
567 3818 608 3865 est
621 3818 648 3865 et
663 3807 752 3866 noble.
780 3809 872 3866 Exeu-
927 3804 1047 3876 idipsum
1061 3805 1086 3860 si
1104 3805 1216 3873 accidat,
1238 3805 1332 3862 aridus
1352 3806 1462 3877 quidem
1480 3808 1602 3882 suscipio
1624 3827 1723 3870 munus

73 3903 171 3959 bemus
203 3915 253 3972 pro
279 3899 382 3956 foribus
400 3897 445 3971 qui
462 3898 551 3954 miuus
565 3896 676 3970 perfecti
696 3913 800 3966 sumus,
824 3914 873 3970 spe
928 3892 1256 3968 iudultum,‚gratumque
1276 3893 1378 3966 habeo;
1402 3895 1450 3951 sed
1469 3896 1565 3982 dolens
1584 3898 1662 3956 doleo
1676 3917 1724 3971 per

72 3989 232 4062 gaudentes.
257 3990 381 4063 Sponsus
408 3997 435 4044 et
463 4002 563 4061 sponsa
589 3985 641 4043 soli
665 3986 771 4045 interim
800 3987 874 4044 intus
928 3982 1061 4054 meipsum
1077 3997 1130 4038 uon
1152 3983 1294 4049 meruisse,
1315 3991 1404 4057 amne,
1419 3984 1571 4057 utdicitur,
1591 3988 1625 4046 de
1640 4004 1723 4050 manu

71 4079 143 4146 siut,
182 4081 283 4135 mutuis
319 4077 485 4150 secretisque
527 4075 652 4134 fruentur
687 4075 872 4146 amplexibus,
926 4072 955 4127 iu
973 4086 1083 4128 manum
1106 4071 1216 4128 minime
1237 4072 1384 4145 accepisse,
1406 4090 1469 4132 oum
1491 4075 1591 4132 obnixe
1611 4077 1638 4133 id
1652 4088 1723 4150 pete·

71 4168 147 4224 nullo
162 4168 277 4238 strepitu
298 4168 447 4224 eamaIIum
464 4165 672 4239 desideriorum,
706 4165 779 4224 nullo
807 4182 869 4224 eor·
926 4176 994 4217 rem.
1019 4161 1107 4218 Pudet
1128 4159 1254 4217 nimirum
1279 4161 1367 4234 magis
1382 4164 1415 4218 cd
1438 4164 1565 4230 bominis,
1584 4180 1665 4238 mam
1686 4168 1719 4224 ad

72 4271 220 4330 porcorum
235 4257 443 4331 plantasmatum
457 4256 633 4328 perturbante
656 4257 781 4313 tumultu.
796 4256 869 4314 Tur·
924 4249 975 4307 Dei
988 4252 1089 4307 moveri
1104 4250 1272 4307 memoriam.
1289 4251 1322 4305 Et
1336 4260 1401 4307 tunc
1414 4267 1476 4308 cum
1494 4253 1597 4327 gemitu
1610 4255 1717 4316 clamo:

71 4352 105 4402 ba
142 4360 207 4402 vero
236 4345 506 4414 adolescentularum,
540 4361 602 4419 quae
635 4344 736 4418 absque
771 4345 867 4416 hujus·
925 4343 1041 4413 mondo
1050 4343 1210 4409 acclamet
1219 4341 1357 4415 apparebo
1367 4345 1552 4414 ontcscciem
1561 4345 1718 4418 Deillisol.

70 4433 144 4490 modi
171 4432 403 4506 inquietudinibus
431 4433 551 4491 nondum
575 4448 636 4490 esse
655 4442 779 4506 possunt,
801 4431 869 4490 foris
921 4448 982 4499 net,
993 4435 1034 4504 3.)
1045 4432 1179 4489 Existimo
1189 4439 1217 4486 et
1225 4431 1330 4503 ailquos
1341 4437 1459 4489 vestmm
1471 4431 1543 4490 idem
1553 4450 1614 4492 esse
1627 4452 1722 4511 exper-

70 4531 242 4595 excpeetent;
272 4532 470 4597 expectentque
497 4537 602 4591 secure,
632 4523 748 4579 seientes
778 4522 812 4578 ad
837 4538 868 4580 so
922 4529 975 4593 los,
1001 4531 1030 4580 et
1053 4521 1169 4593 experiri
1191 4520 1327 4575 interdum
1350 4520 1447 4578 adbuc.
1471 4520 1530 4592 Qua
1553 4525 1580 4581 iu
1603 4541 1633 4582 re
1654 4528 1719 4600 qnid

71 4611 138 4668 illud
157 4622 281 4685 spectare
303 4613 378 4687 quod
406 4613 516 4684 legunt:
538 4609 720 4669 adducenter
733 4609 795 4684 reqt'
807 4614 868 4669 vir-
923 4610 1103 4676 sentiendum,
1119 4607 1170 4692 nisi
1186 4607 1258 4681 quod
1272 4614 1365 4664 nostra
1378 4615 1424 4665 aut
1438 4612 1564 4681 superbia
1579 4615 1718 4673 muno-

68 4703 302 4777 pinespostcum,
317 4704 457 4775 proximae
475 4702 706 4774 cjesoffereutur
717 4698 769 4756 libi
781 4699 868 4773 (Paci.
923 4707 976 4767 tur,
996 4707 1042 4755 aut
1063 4697 1200 4754 humilitas
1217 4697 1378 4765 custoditur,
1397 4709 1444 4755 aut
1465 4697 1583 4758 fraterna
1601 4704 1720 4762 cbarims

68 4803 150 4858 xciv,
166 4790 222 4864 te).
232 4791 268 4846 Et
281 4798 310 4846 ut
324 4804 440 4861 qumque
455 4787 523 4843 sciat
536 4786 614 4856 cnjus
627 4787 737 4860 spiritus
750 4786 794 4856 sit,
810 4787 868 4843 uir·
923 4790 1051 4858 nutritur,
1077 4793 1122 4843 aut
1142 4784 1309 4842 desiderium
1329 4785 1475 4843 excitaturi
1496 4786 1571 4847 Unus
1594 4791 1719 4866 idemque

67 4878 148 4951 gines
161 4878 222 4935 dieo
247 4877 317 4945 illas,
333 4893 393 4950 quae
416 4876 600 4933 antechristo
627 4874 764 4932 foederata
787 4892 869 4950 qnam
922 4877 999 4934 cibus
1013 4885 1040 4932 et
1054 4875 1163 4951 aegrotis
1178 4882 1218 4932 cst
1235 4874 1379 4941 medicina,
1401 4881 1428 4930 et
1446 4878 1610 4952 aegromtiris
1623 4880 1715 4939 cteta:

68 4968 176 5024 foedatae
202 4966 296 5023 muudi
322 4966 518 5038 complexibus,
533 4963 585 5035 ipsi
613 4963 725 5021 firmiter
743 4980 869 5037 persevc-
923 4976 1044 5040 porroet
1059 4965 1163 5022 debiles
1175 4963 1319 5033 coufortat,
1331 4972 1359 5020 et
1372 4963 1486 5021 delectat
1498 4966 1628 5027 valentes.
1643 4969 1718 5028 Unus

68 5064 139 5120 rant,
158 5055 201 5110 eui
218 5071 247 5111 se
270 5062 343 5111 tanto
367 5054 470 5111 felicius
497 5062 597 5127 quanto
625 5052 756 5109 maturius
782 5056 868 5113 devo·
922 5052 1046 5122 idemque
1059 5050 1134 5107 cibus
1149 5056 1176 5105 et
1189 5048 1345 5121 languorem
1367 5055 1453 5116 sanat,
1473 5055 1603 5118 etsorpat
1617 5055 1717 5112 sapim.

68 5150 181 5213 verunt3
205 5143 341 5215 proximas
355 5159 429 5211 vero,
450 5159 511 5215 quac
528 5141 668 5215 pristinam
681 5156 759 5198 suam
773 5141 868 5201 defor-
925 5149 991 5210 lem;
1005 5148 1033 5196 ct
1048 5154 1148 5211 corpus
1163 5137 1258 5203 uutrit;
1273 5143 1300 5193 et
1312 5136 1402 5207 palato
1416 5136 1495 5209 sapit.

67 5234 198 5299 mitatem,
217 5232 242 5285 iu
268 5248 321 5304 qna
337 5231 439 5289 mundo
453 5232 516 5290 huic
529 5230 692 5305 quaudoque
706 5230 867 5303 conformes,
959 5233 986 5285 'i.
1014 5228 1067 5284 Sed
1093 5227 1234 5284 redeamus
1257 5225 1290 5280 ad
1314 5225 1395 5284 verba
1408 5240 1525 5297 sponsae,
1540 5238 1569 5286 et
1585 5233 1624 5290 stc
1636 5247 1717 5292 eura.

69 5321 162 5379 muudi
179 5320 363 5395 principibus,
378 5320 406 5377 id
420 5330 461 5378 est
479 5319 619 5393 spiritibus
637 5319 738 5392 spucis,
753 5319 869 5376 inomni
923 5333 984 5374 mus
1007 5316 1100 5373 audire
1123 5331 1183 5388 quae
1206 5315 1253 5380 ait,
1276 5321 1305 5370 ut
1326 5313 1483 5372 studeamus
1495 5324 1522 5373 et
1535 5333 1631 5392 sapere
1644 5325 1717 5398 qnod

68 5410 170 5467 carnali
194 5411 414 5481 coucupiscentia
441 5424 501 5465 sese
527 5407 642 5481 turpiter
667 5407 867 5482 pmstituerant,
927 5407 1006 5479 sapit.
1032 5406 1198 5476 Sponsam
1225 5403 1291 5471 dixi,
1313 5403 1431 5460 Ecclesia
1454 5413 1504 5464 est.
1529 5407 1589 5478 lpsa
1611 5413 1720 5487 estqui

64 5502 178 5579 ,audem
195 5501 342 5574 aliquando
356 5500 547 5557 embescentes
560 5507 587 5556 et
609 5506 750 5566 exeuntes,
766 5496 794 5552 in
811 5497 873 5554 nori
928 5496 992 5568 plus
1006 5494 1147 5551 dimissum
1162 5501 1213 5558 est,
1227 5499 1254 5549 et
1268 5507 1329 5565 qum
1343 5493 1404 5564 plus
1417 5490 1515 5566 diligit.
1530 5493 1608 5568 Quod
1622 5500 1722 5560 aemula

211 5602 331 5659 Parnon.
347 5597 519 5656 CLXXXIII.
1578 5597 1613 5653 ῃ
1700 5687 1711 5698 ,
