3734 5948
546 154 1078 225 maurmmnoarmsaaaon
1600 184 1640 248 ρ

83 320 87 341 .
122 281 186 339 aire
208 282 242 338 in
273 282 410 339 excelsum
428 299 522 356 supra.
553 283 710 341 Audivimus
732 298 779 339 re·
798 294 822 373 .
839 284 1053 345 νιιιίιιιιιιουιι
1062 305 1125 361 qaoe
1137 294 1325 365 periitfftat.
1343 306 1636 382 catullianum

83 384 157 427 uem
197 372 265 443 eius,
319 371 433 427 sormam
481 373 590 445 quidem
635 373 782 429 habentem
837 387 926 443 genua
946 375 1093 433 humanum
1110 381 1184 452 quod
1207 383 1418 460 benignissimus
1439 402 1535 464 pastor
1557 412 1634 468 φη.

83 498 95 527 ,
123 461 177 517 aed
198 475 254 519 non
282 461 419 520 virtutem.
450 465 565 536 Propter
591 463 643 519 hoo
666 461 784 534 denique
839 459 883 526 rit,
903 461 1044 520 aliiasane
1063 469 1212 541 nonaginta
1230 488 1330 531 novem
1344 478 1440 536 oribus
1454 480 1482 539 ιι
1497 485 1635 545 montilum

83 546 130 621 qui
151 549 274 606 intuetur
297 566 354 616 cor,
377 558 404 606 et
429 552 473 607 cui
500 551 645 609 confitetur
667 549 785 606 hominis
839 547 1001 607 dereclictia.
1018 552 1048 608 ln
1063 555 1112 611 hac
1121 554 1205 632 igitur
1217 575 1269 618 ove
1281 561 1337 621 duo
1356 569 1489 638 reperies,
1509 581 1634 630 naturam

83 634 109 693 l)
124 638 227 693 meruit
252 640 403 710 reprobari.
424 641 485 697 Non
507 645 612 713 petam,
635 638 733 710 inquit,
756 640 785 693 et
838 636 955 703 dulcem,
972 646 1095 696 naturam
1115 644 1224 718 bonam,
1240 656 1268 706 et
1281 651 1381 709 bonam
1394 657 1484 724 adda,
1504 666 1634 733 tanquam

83 725 172 783 mbo
181 724 784 798 Dominum.Elatnseratdchazlastigiosolii
839 725 967 797 butyrum
979 745 985 782 :
1003 734 1031 783 et
1045 731 1151 801 peccati
1165 738 1378 809 corruptionem,
1389 753 1419 800 ut
1428 760 1549 803 caseum.
1563 749 1634 807 Vide

83 822 218 879 ..astutus
237 816 362 871 humanae
372 816 510 888 sapientiae
535 815 638 872 verbis.
653 814 785 871 Audierat
838 826 907 883 ergo
926 829 1006 886 quam
1021 817 1123 887 optime
1142 837 1211 892 puer
1230 834 1321 884 under
1334 830 1430 905 elegit,
1446 834 1492 906 qui
1506 844 1631 893 mauram

83 902 193 959 ιιιιιιι
213 903 343 961 Domino:
368 905 451 976 Vade,
474 905 519 962 dic
539 905 613 977 vulpi
640 903 687 972 illi,
710 911 785 974 petat
839 904 1028 962 nostramsiue
1042 905 1095 962 ulla
1111 911 1214 980 peccati
1228 919 1404 987 corruptione
1423 925 1554 997 suscepit.
1566 925 1633 982 Nam

83 1004 160 1053 arnna
176 1005 193 1045 a
215 991 332 1048 Domino
355 994 382 1048 in
404 992 579 1063 protundum.
601 992 690 1048 Habet
708 990 779 1048 onim
837 988 871 1045 de
885 993 1074 1061 peccatoribus
1087 993 1166 1067 legis,
1184 1000 1368 1071 Coopututum
1377 1013 1506 1068 eataicut
1530 1014 1574 1071 lac
1587 1031 1636 1073 cor

84 1076 212 1147 ιοιιιιι,
227 1081 312 1138 sedin
323 1081 458 1138 infernum
472 1098 580 1155 qnoque
595 1082 618 1138 si
631 1080 783 1138 descende·
836 1093 935 1135 eorum
950 1080 1028 1149 (ibid.
1046 1082 1108 1154 70);
1125 1083 1153 1138 in
1171 1085 1270 1155 quibus
1290 1091 1384 1163 utique
1396 1094 1474 1153 lactis
1489 1099 1635 1170 puritatem

83 1174 117 1225 Ι
130 1168 181 1240 qui
195 1172 564 1244 eomprehendatsapientas
578 1170 707 1226 inastutia
723 1183 781 1223 sua.
837 1180 996 1237 corruperat
1025 1169 1188 1230 lenneutum
1219 1178 1337 1246 malitiae,
1365 1186 1507 1256 coagulum
1529 1189 1633 1264 iniqni.

86 1254 181 1325 vade,
202 1258 240 1314 ait
255 1259 451 1327 Dominus,dic
464 1260 568 1317 uolucri
583 1257 783 1331 iati,petatsibi
838 1258 909 1313 tatis.

83 1342 137 1401 rin
153 1346 293 1403 excelsum
308 1363 400 1419 supra.
416 1349 503 1405 ilabet
516 1348 589 1405 enirn
603 1346 721 1405 uolucris
739 1346 783 1400 ni·
873 1346 899 1397 3.
923 1344 968 1400 Sic
985 1353 1014 1401 et
1041 1347 1099 1417 apis
1125 1349 1208 1407 habet
1230 1352 1318 1410 mellis
1341 1355 1526 1425 dulcedinem,
1552 1363 1635 1420 habet

83 1432 132 1491 nd
148 1442 178 1490 et
192 1437 213 1491 si
238 1436 265 1491 in
289 1436 387 1493 culum
404 1438 569 1504 ascenderit,
589 1437 642 1492 illic
663 1442 715 1502 est,
737 1434 783 1505 qui
837 1431 919 1487 etiarn
939 1433 1027 1491 aculei
1042 1437 1226 1507 punctionem.
1237 1440 1306 1515 Apis
1319 1460 1385 1502 vero
1399 1454 1453 1513 est,
1469 1464 1533 1520 quae
1547 1451 1635 1521 pasci-

83 1521 112 1581 ia
129 1523 274 1592 resistens,
296 1525 406 1599 propria
433 1525 631 1583 calcatvirtute
644 1523 781 1598 superbo·
838 1528 880 1576 tur
894 1521 967 1579 inter
989 1522 1053 1591 lilia,
1066 1540 1127 1596 quae
1141 1527 1295 1600 florigeram
1309 1531 1443 1591 inhahitat
1455 1537 1570 1608 patriam
1583 1555 1634 1595 au*

83 1610 280 1670 tsublimium
309 1614 384 1672 colla
415 1615 609 1672 Verumtamen
633 1611 783 1671 dissimulat
798 1595 822 1673 Β
837 1609 971 1684 gaiorum.
989 1612 1067 1670 Unde
1081 1624 1109 1671 ιι
1123 1615 1158 1671 ad
1175 1616 1312 1675 civitatem
1331 1621 1476 1694 Nazareth,
1495 1625 1570 1698 quod
1597 1628 1635 1684 ia·

83 1701 205 1759 nutans
242 1701 366 1771 excelsa,
411 1719 461 1760 seu
501 1700 783 1775 incomprehensibilis
838 1705 1005 1771 terpretatur
1028 1701 1090 1770 ιιι,
1118 1704 1262 1772 advolavit,
1291 1715 1320 1764 et
1341 1710 1376 1764 ad
1404 1725 1489 1769 suave
1515 1712 1634 1771 plantam

83 1788 176 1847 ditatis
199 1792 340 1862 sapientie
358 1807 481 1865 quaerere
504 1794 636 1864 signum:
660 1799 688 1851 et
715 1804 781 1862 pro·
838 1793 978 1856 perpetua
999 1787 1161 1859 virginitatis
1182 1794 1277 1849 liorem
1299 1795 1434 1855 adremt:
1457 1797 1497 1856 illi
1522 1799 1632 1870 insedi,

94 1877 205 1954 ιιςιιιι
226 1879 355 1937 bonitatis
377 1889 405 1937 et
430 1881 569 1938 charitatis
587 1879 679 1937 domni
696 1876 782 1934 David
837 1873 875 1928 illi
889 1874 1014 1933 adhaesit.
1029 1877 1184 1952 liujusapis
1201 1882 1256 1940 mel
1270 1892 1297 1940 et
1312 1885 1435 1943 ιιιιιιιιι
1450 1889 1633 1966 noniguorat.

83 1967 197 2024 omium
231 1969 375 2041 promittit,
409 1977 438 2025 ut
470 1984 540 2042 quos
576 1984 627 2025 nec
650 1973 781 2038 potestas,
836 1962 884 2034 qni
899 1963 1111 2023 misericordiam
1126 1968 1151 2025 ai
1165 1975 1194 2026 et
1206 1969 1336 2041 judicium
1350 1987 1412 2030 cum
1430 1975 1565 2049 Propheta
1582 1979 1634 2037 da·

83 2053 204 2127 ιιιιιιιιιι
245 2056 350 2122 terruit,
390 2056 489 2114 alliciat
525 2057 620 2113 saltem
653 2053 783 2112 exhibitio
836 2057 930 2107 cantat
946 2052 1037 2121 (Psoi.
1052 2070 1078 2120 o,
1095 2057 1131 2121 t).
1144 2057 1272 2114 Attamen
1292 2060 1328 2115 ad
1341 2075 1392 2117 nos
1409 2062 1526 2120 veniens
1546 2064 1634 2121 solutu

83 2140 135 2201 tia.
162 2144 256 2200 Potest
271 2152 362 2201 tamen
377 2143 449 2202 ineo
463 2146 535 2218 quod
550 2146 599 2211 ait,
611 2146 644 2200 la
661 2143 783 2216 prosua-
837 2138 892 2195 mel
909 2139 1008 2207 attulit,
1031 2149 1061 2198 ιι
1078 2158 1133 2199 ιιι
1151 2145 1286 2211 aculeum,
1307 2145 1335 2202 id
1357 2154 1401 2203 eat
1422 2149 1634 2207 misericordiam

83 2230 203 2305 inserui,
224 2232 306 2288 etiam
332 2233 450 2290 charitas
482 2233 551 2306 ipsa,
574 2249 628 2306 qua
650 2233 783 2303 majorem
839 2235 867 2282 et
881 2242 936 2284 non
949 2228 1099 2299 judicium3
1114 2231 1152 2287 ita
1165 2238 1195 2288 ut
1211 2232 1389 2290 suadentibus
1407 2235 1574 2310 quandoque
1587 2239 1633 2295 di-

83 2319 184 2386 tabuit,
198 2326 228 2376 nt
241 2320 269 2376 in
282 2320 418 2377 internum
438 2320 783 2394 quoqueproamioismo-
838 2315 960 2388 scipulis,
975 2325 1004 2372 ut
1028 2317 1178 2383 civitatem,
1198 2335 1260 2391 qua
1287 2321 1427 2393 suscipere
1452 2340 1515 2381 eum
1538 2326 1634 2394 uoluit,

102 2409 301 2477 descenderat,
330 2425 384 2467 non
411 2411 547 2468 immerito
569 2410 729 2486 designari:
753 2418 784 2466 ut
837 2405 999 2476 praeciperet
1013 2405 1076 2476 igne
1091 2407 1226 2477 consumi,
1239 2412 1424 2483 responderit,
1435 2413 1530 2470 Filium
1543 2416 1635 2473 horni-

83 2496 158 2557 tatur
171 2498 262 2554 hohas
275 2498 319 2556 ιιι
336 2500 363 2555 ιι
383 2499 520 2556 excelsum
535 2499 676 2571 regnantis
698 2513 782 2570 expa·
836 2494 878 2549 nis
891 2509 946 2550 non
960 2495 1069 2551 venisse
1086 2501 1116 2551 ut
1127 2495 1271 2567 judicaret,
1294 2500 1344 2556 aed
1366 2506 1397 2557 ut
1419 2502 1536 2560 salvarat
1560 2518 1639 2561 mnn-

83 2600 94 2645 t
126 2586 302 2658 majestatem
332 2585 376 2642 vel
409 2585 600 2643 descendentis
623 2586 657 2641 ad
680 2583 783 2642 inlotos
834 2579 901 2637 dum
914 2583 993 2654 (luc.
1008 2597 1051 2649 ιιι,
1072 2586 1183 2654 ιιι-56).
1207 2587 1270 2644 Νοι
1291 2589 1409 2649 hahebat
1431 2592 1555 2653 aeneum
1577 2594 1636 2669 apia

83 2672 433 2741 tieharitatam.!ilolestus
445 2682 488 2731 est
496 2689 564 2746 ergo
572 2688 627 2729 non
638 2671 724 2730 solnm
734 2674 783 2730 ho-
837 2676 931 2726 nostra
957 2671 1187 2743 :quodammodo
1214 2674 1380 2746 deposuerat
1407 2677 1493 2751 illum,
1526 2684 1636 2754 quando

83 2778 110 2831 a,
126 2762 178 2819 aad
193 2761 274 2818 etiarn
297 2761 365 2830 Deo,
388 2762 510 2836 quisquis
533 2778 584 2820 nec
611 2763 782 2834 majestatem
838 2766 915 2815 tanta
929 2759 1041 2830 indigna
1064 2763 1179 2833 patiens,
1196 2764 1409 2824 misancordiam
1435 2769 1593 2842 exhibebat,
1608 2779 1636 2828 et

96 2850 130 2908 in
144 2850 254 2922 timore,
270 2867 321 2908 nec
338 2851 499 2907 charitatem
513 2866 574 2909 cum
589 2867 682 2908 amora
698 2849 783 2909 ΝΩ
798 2880 820 2959 ss
840 2862 895 2905 non
908 2846 1048 2919 indicium.
1062 2849 1118 2906 Sed
1141 2849 1226 2909 nolite
1240 2867 1353 2926 sperare
1375 2854 1404 2913 in
1418 2855 1571 2930 iniquitate,
1587 2873 1637 2918 uo-

83 2944 142 2997 tur.
166 2941 286 3014 Propter
298 2938 358 3008 hoc,
370 2939 470 3013 inquit,
482 2940 560 2998 dubit
577 2942 712 2999 domim
724 2943 785 3016 ipae
838 2936 887 2994 lits
900 2952 1016 3010 paccare
1027 2938 1056 2994 in
1070 2955 1130 3012 spa.
1145 2939 1234 2998 ilabet
1256 2943 1331 3000 enim
1351 2944 1412 3017 apis
1432 2953 1526 3005 nostra
1552 2962 1637 3021 qaan-

83 3028 197 3105 lfltum,
210 3029 240 3085 in
252 3044 321 3101 quos
331 3029 478 3087 manifeste
491 3038 519 3087 et
528 3031 666 3101 majestas,
681 3031 783 3087 etcha-
839 3025 930 3098 doque
944 3041 1085 3085 mamere
1096 3027 1219 3087 aculeum
1237 3046 1326 3097 auum.
1342 3040 1371 3088 ιι
1383 3034 1485 3091 ιιιιιιι·
1501 3036 1583 3093 mutia
1591 3037 1636 3093 in-

83 3120 390 3193 momentanearum
398 3120 538 3192 concipiet
546 3119 783 3193 etpurietfitium,
838 3114 924 3187 ligere
954 3113 1030 3171 illum
1064 3115 1093 3173 ιιι
1118 3115 1252 3174 medullas
1277 3119 1417 3176 bominum
1441 3131 1633 3194 peccatorum:

83 3206 350 3280 ottaraommejm
362 3209 544 3274 Emmanuel,
559 3208 785 3281 quodtateiprc-
840 3202 968 3275 quoniam
989 3204 1069 3261 Pater
1097 3219 1152 3261 non
1172 3204 1276 3275 judicat
1300 3223 1475 3282 quemquam,
1498 3211 1548 3267 sad
1570 3211 1637 3270 Pilio

83 3296 237 3357 lintheum
248 3296 401 3355 Detu.Noli
411 3296 682 3373 ingerendumque
695 3296 786 3352 nobis·
839 3291 916 3349 dedit
930 3307 1012 3350 omne
1026 3293 1259 3367 judiciumitoom
1270 3311 1299 3362 v,
1313 3299 1371 3369 ιι).
1384 3297 1562 3357 Nuncautant
1576 3315 1638 3374 par-

83 3400 144 3445 tus.
160 3385 319 3451 Netimeas,
350 3385 478 3459 ohomo,
494 3401 546 3444 nec
560 3387 652 3443 audito
669 3385 719 3443 Dei
732 3401 784 3443 uo·
838 3381 916 3438 ruins
929 3383 1160 3455 nosterbntymm
1173 3393 1202 3440 et
1224 3384 1280 3440 mel
1301 3385 1428 3453 comedit,
1452 3389 1561 3461 quando
1589 3390 1638 3449 bo-

83 3474 227 3547 meana,
258 3474 321 3548 quia
350 3476 491 3534 nobiscum
521 3476 604 3532 Deus.
639 3474 784 3532 Nobiscum
842 3486 906 3527 oum
920 3477 1026 3529 naturae
1040 3471 1284 3541 humanae,dirinae
1296 3474 1538 3535 miserioordiaeaic
1551 3478 1638 3540 univit

83 3562 276 3633 similitudine,
296 3565 558 3622 nobiscumunitate
590 3563 684 3637 [utica
712 3565 785 3620 utili·
839 3562 867 3615 in
887 3561 1044 3633 semetipso,
1055 3569 1085 3616 ιι
1098 3569 1171 3618 esset
1185 3561 1266 3618 homo
1279 3578 1371 3634 varus,
1386 3570 1415 3621 ιι
1424 3574 1566 3637 peceatum
1583 3582 1637 3626 non

83 3652 204 3724 Propter
220 3667 271 3710 nos
288 3653 371 3721 veuit,
391 3659 520 3725 tanquam
541 3666 611 3708 unus
634 3666 668 3706 ex
695 3651 785 3717 nobis,
842 3648 970 3706 habens:
986 3648 1060 3706 Deus
1072 3649 1407 3721 misericors,atjudicium
1421 3668 1477 3710 non
1491 3655 1634 3715 exhibens.

83 3740 179 3808 uobis,
192 3740 336 3812 passibilia.
874 3737 1210 3796 humanarumue
1229 3740 1286 3811 jam
1308 3740 1435 3809 arbitror,
1452 3757 1576 3813 quaenam
1602 3745 1638 3800 ait

83 3827 203 3902 unique,
218 3831 370 3901 Butyrum,
381 3828 478 3902 inquit,
495 3828 593 3888 etmel
607 3829 786 3887 comedethc
839 3826 917 3899 virga
930 3826 1066 3884 deradice
1077 3828 1156 3884 lesse
1171 3828 1334 3898 procedens,
1344 3827 1407 3902 quia
1419 3829 1544 3889 verodos
1554 3848 1638 3905 super

83 3917 381 3985 retundamus
401 3925 528 3975 vescetur
545 3915 714 3974 infantilibus
736 3918 784 3973 ali·
841 3930 922 3988 quem
942 3914 1087 3988 requiescit
1113 3914 1230 3987 Spiritus
1255 3923 1371 3973 sanaim.
1392 3915 1528 3988 Quoniam
1553 3920 1638 3995 Virgo

83 4008 141 4069 ‚nt
155 4009 239 4073 catut,
254 4007 637 4080 inquitraproburematum,
648 4011 676 4064 et
685 4009 785 4080 stipere
844 4004 895 4061 Dei
913 4004 1032 4079 genitrix
1046 4005 1122 4076 virga
1136 4008 1189 4073 est,
1204 4003 1347 4062 ssosPilius
1365 4005 1437 4077 eina,
1459 4006 1523 4063 Flos
1544 4009 1638 4080 utique

83 4133 98 4154 ..
114 4096 205 4154 stiam
219 4095 264 4153 hic
286 4094 387 4152 bonum
402 4103 430 4152 et
444 4094 543 4151 malum
563 4094 650 4164 audis,
674 4094 744 4151 sicut
757 4096 784 4150 in
843 4092 926 4149 Pilius
945 4092 1072 4166 Virginis,
1088 4092 1138 4149 ilos
1151 4092 1284 4149 candidus
1296 4100 1325 4149 et
1342 4093 1518 4163 mbieundua,
1534 4096 1639 4154 electus

92 4185 191 4252 muta,
216 4184 286 4241 sicut
310 4185 335 4240 ιι
360 4184 435 4256 ligno
462 4183 698 4257 transgressionis.
729 4183 784 4238 Sed
841 4197 874 4238 ex
888 4180 1007 4239 nullibus
1021 4183 1143 4252 (caude.
1158 4196 1188 4252 v,
1204 4185 1265 4253 to);
1281 4181 1331 4240 llos
1345 4183 1372 4239 in
1386 4199 1468 4257 quem
1480 4185 1638 4258 prospicere

83 4274 184 4333 melina
197 4289 213 4328 a
227 4273 316 4345 primo
330 4273 417 4329 Adam
439 4274 575 4329 secundus
588 4273 639 4329 iste
657 4271 782 4345 partitur.
799 4263 822 4340 ὓ
838 4272 994 4330 desiderant
1005 4271 1106 4343 angeli,
1121 4271 1172 4328 ilos
1194 4272 1229 4327 ad
1242 4274 1321 4343 cujus
1333 4273 1448 4330 odorem
1472 4273 1638 4332 reviviscunt

83 4363 181 4422 renim
198 4363 310 4430 bonurn,
325 4361 424 4417 malum
442 4362 644 4433 reprobat,non
658 4359 728 4418 sicut
738 4359 783 4416 ille
840 4362 950 4433 mortui,
966 4368 994 4420 ιι
1008 4362 1078 4417 sicut
1092 4361 1151 4432 ipse
1167 4366 1293 4427 testatur,
1303 4360 1355 4418 ilos
1368 4362 1458 4434 campi
1472 4365 1538 4434 eat(
1554 4365 1636 4422 dunt.

83 4450 138 4511 axit
153 4450 382 4515 maledictionem,
397 4455 426 4506 ιι
442 4449 515 4506 veuit
528 4449 571 4517 ei;
587 4448 673 4506 noluit
694 4449 784 4506 bene·
839 4467 869 4519 rr,
887 4455 925 4521 l),
942 4454 972 4506 et
988 4463 1043 4506 non
1057 4447 1138 4505 horti.
1154 4449 1351 4523 campuaenim
1366 4450 1427 4508 aine
1440 4451 1638 4508 omnihumano

83 4554 142 4611 em,
159 4547 186 4596 et
197 4539 324 4615 elongata
342 4545 385 4595 est
408 4540 443 4595 ah
468 4554 502 4595 eo
531 4539 783 4608 (Paul.cv1u,18l.
837 4539 918 4596 floret
938 4536 1112 4603 adminiculo,
1141 4551 1197 4593 non
1223 4538 1373 4595 seminatus
1395 4539 1429 4594 ah
1452 4540 1553 4611 aliqm,
1580 4555 1635 4596 non

83 4626 136 4687 tta
151 4643 185 4685 eo
200 4628 273 4700 quod
283 4628 424 4699 praemisit,
433 4630 571 4700 Butyrum
585 4633 614 4685 et
628 4630 685 4687 met
698 4645 786 4687 come-
839 4625 965 4683 detosuu
978 4623 1095 4697 sarculo,
1105 4639 1161 4681 non
1175 4625 1440 4697 impinguatushmo.
1451 4627 1495 4683 Sic
1504 4625 1633 4693 omnimo,

83 4714 214 4776 daenera
241 4716 345 4788 poteris
373 4715 478 4787 parvuli
509 4716 590 4785 hujus
613 4715 783 4774 electionem.
838 4715 876 4771 sic
903 4712 1023 4786 virginis
1044 4712 1121 4770 drus
1138 4713 1238 4780 floruit,
1260 4715 1300 4771 sic
1321 4713 1456 4781 innotata,
1481 4713 1636 4786 integrant

83 4820 104 4863 u
119 4803 191 4861 adsit
206 4805 374 4877 ejnsgratia,
390 4811 419 4860 ut
434 4803 505 4876 quod
515 4812 636 4876 praestat,
648 4812 786 4877 utcunque
841 4810 915 4860 casta
929 4802 1021 4859 Μιιιι
1035 4803 1148 4872 viscera,
1163 4810 1292 4877 tanquam
1308 4817 1409 4875 pascua
1433 4803 1529 4859 ιιιιιι
1540 4804 1638 4860 viroris

83 4891 196 4966 migne,
209 4900 238 4949 et
248 4892 453 4948 accommodate
463 4892 496 4947 ad
507 4891 714 4969 intelligentiam
724 4910 786 4966 pro-
843 4890 939 4949 ilorem
949 4890 1086 4964 protulere
1096 4912 1104 4960 ς
1115 4893 1193 4964 cuius
1201 4890 1372 4963 pulchritudo
1384 4887 1468 4951 m
1478 4907 1533 4951 uon
1546 4893 1638 4952 rideat

83 4982 220 5039 macedat,
237 4982 297 5037 Duo
311 4987 375 5037 sunt
397 4981 425 5036 ιι
440 4979 509 5038 lacte
523 4982 600 5039 ovis:
618 4983 744 5054 butyrum
758 4989 786 5042 et
840 4979 1056 5053 corruptionem,
1073 4983 1151 5052 cujus
1168 4980 1254 5052 gloria
1269 4979 1474 5052 inperpetuum
1491 4996 1547 5040 non
1566 4998 1637 5038 mar-

83 5070 239 5143 ‚satymn
255 5070 359 5142 pingue
374 5078 401 5125 et
420 5070 558 5127 humidum
569 5088 577 5139 ς
589 5086 685 5127 caseus
697 5087 783 5129 econ·
841 5079 941 5128 cnseat.
958 5071 983 5127 Ο
1000 5070 1091 5142 Virgo,
1112 5070 1189 5140 uirga
1207 5068 1340 5142 sublimis,
1360 5069 1388 5126 in
1410 5086 1492 5141 quam
1521 5071 1637 5128 sublime

83 5158 134 5217 dua
151 5169 180 5216 et
194 5160 289 5216 durus.
311 5160 383 5216 Beue
397 5174 464 5231 ergo
480 5158 607 5230 parvulus
628 5170 722 5218 noster
735 5161 783 5217 eli·
839 5161 973 5217 verticem
991 5167 1114 5215 sanctum
1136 5157 1230 5230 arigisi
1257 5173 1344 5231 usque
1371 5160 1404 5216 ad
1433 5160 1581 5217 &dentem
1608 5161 1636 5216 in

83 5248 149 5321 orit,
164 5249 211 5322 qui
233 5248 359 5321 butyrum
383 5249 541 5316 comedens,
566 5263 674 5304 caseum
692 5248 784 5321 ntique
841 5251 953 5315 throno,
968 5263 1055 5320 usque
1069 5247 1103 5301 ad
1121 5245 1264 5302 Dominum
1279 5249 1438 5319 majestatis.
1453 5251 1549 5322 Neque
1561 5250 1636 5307 enim

83 5338 187 5396 medii.
206 5338 276 5407 Quae
290 5347 332 5394 est
346 5336 485 5395 animosis
497 5337 657 5405 centesima,
669 5353 729 5410 quae
743 5355 786 5395 er·
836 5339 863 5394 id
874 5339 982 5404 mirum,
997 5335 1124 5408 quoniam
1139 5336 1168 5391 in
1180 5335 1263 5394 altum
1291 5337 1374 5394 mittis
1401 5338 1506 5395 radices
1527 5339 1637 5395 humili·

83 5426 191 5500 [latta.
206 5441 290 5497 aaut,
307 5427 363 5497 lt),
378 5432 405 5482 et
419 5425 446 5482 ιι
464 5424 569 5485 Psalmo
582 5424 717 5498 loquitur:
731 5431 794 5485 dm·
839 5427 911 5484 tatis.
937 5424 960 5481 0
984 5439 1049 5480 rere
1076 5422 1192 5483 coelestis
1223 5426 1327 5498 planta,
1351 5426 1497 5498 pretiosior
1519 5430 1636 5511 cunctis,

111 5524 234 5581 Parnon.
253 5523 425 5581 ctxxxttr.
1492 5529 1509 5584 q
