3734 5948
110 217 166 285 ιιι

587 213 621 286 ΙΝ
635 218 736 285 testo
747 210 879 286 bdmtitt
897 212 1092 284 sulicinittttt
1106 207 1216 276 stato
1233 206 1280 272 tt.

1711 215 1766 277 itt

109 351 167 406 vlla
181 358 292 419 aettrnn.
308 357 343 407 ul
357 363 554 424 cognominus
577 351 682 406 Patrem
705 366 796 408 terum
815 351 911 408 Deum·
927 365 952 446 Α
966 367 1204 436 quantumcunque
1231 338 1353 427 proficiat
1375 355 1436 428 quis
1455 346 1629 430 intelligendo
1650 353 1764 429 conspi-

108 446 139 495 et
154 453 238 511 quaem
252 439 325 495 misit
337 440 430 496 tasum
446 438 581 496 Christum
599 440 690 512 (toea.
707 454 777 513 xrtt,
789 442 830 512 3),
843 448 870 497 et
884 440 913 496 in

107 525 163 596 eis,
179 526 252 598 quod
267 541 322 582 non
336 533 378 581 est
392 526 515 593 dubium,
528 527 609 583 etiam
622 528 751 600 Spiritum
763 527 913 601 utriusque.

108 615 258 673 Transiens
277 615 383 687 quippo
407 614 569 671 ministrabit
598 616 688 685 nobis,
713 617 912 690 norasutiquc,

110 714 138 762 ct
154 720 243 775 nsque
257 704 292 758 ad
320 712 427 775 tempus
441 704 509 759 illud
528 705 606 760 nobis
625 707 733 777 penitus
759 705 914 780 inexpertas

968 467 1041 522 cere,
1076 464 1155 521 quam
1199 447 1393 517 potentissime,
1423 461 1502 517 quam
1544 447 1765 519 prudentissime,

968 532 1049 614 uuam
1065 534 1263 608 benignissime
1279 536 1406 606 majestas
1430 546 1535 592 aeterua
1555 535 1646 593 omnia
1659 536 1765 608 fecerit,

967 635 1062 685 cuncta
1076 633 1162 700 regat,
1186 622 1291 680 ordinet
1312 623 1455 690 uniuersa3
1485 638 1597 694 prorsus
1630 626 1765 684 modicum

968 717 1002 772 ab
1016 732 1048 772 eo
1059 713 1132 787 quod
1143 718 1183 768 est
1200 712 1412 783 comprehendit.
1425 712 1522 769 Veniet
1541 722 1641 783 autem,
1657 715 1766 787 quando

110 793 225 850 delicias
252 791 406 848 manifestae
433 809 489 848 ιιι
517 795 762 866 contemplationis.
789 795 867 854 Unde
887 805 915 854 ct
965 807 1033 876 jam,
1049 818 1078 859 ut
1093 805 1119 860 in
1144 801 1305 873 praeeedenti
1331 817 1453 858 sermone
1476 801 1603 870 diximus,
1620 820 1766 876 sequemur

111 884 210 938 beatus
228 884 347 938 loannes
360 882 387 936 in
402 881 522 954 Epistola
546 899 595 939 sua
611 901 618 938 :
635 883 725 956 Nune,
742 884 839 958 inquit,
857 887 914 956 fitia·

111 975 279 1040 Deimmas,
289 973 337 1030 sed
344 973 613 1044 condentuppereit
620 974 688 1045 qaid
697 976 818 1042 erimus·
829 982 856 1029 et
866 976 914 1029 ad-

111 1064 387 1121 dit28etmeruutem
397 1063 531 1136 quonium
541 1076 607 1118 eum
622 1064 913 1135 apperuerit‚simites

111 1154 139 1211 ei
153 1153 269 1221 mimae,
279 1153 347 1224 quie
357 1150 513 1208 videbimus
522 1166 588 1206 eam
597 1151 685 1208 sicuti
698 1152 912 1226 atilionem,

111 1243 155 1313 Ι).4
168 1241 239 1296 Audi
254 1239 372 1312 deniqne
387 1253 515 1310 sponsmn
531 1238 558 1294 in
573 1238 684 1296 Cantica
698 1242 863 1298 canticorum
879 1242 913 1298 fi-

111 1331 256 1387 duc'iullter
270 1328 435 1402 loquentem,
452 1336 479 1384 et
497 1344 547 1400 spe
571 1328 682 1399 quidem
694 1331 749 1399 jam
765 1346 850 1401 snper
874 1330 913 1386 al·

113 1430 170 1476 tare
188 1421 315 1475 locatam.
331 1420 411 1474 Laeuo
422 1418 493 1490 ejus,
509 1416 580 1472 hund
594 1417 706 1475 dubium
722 1419 787 1492 quin
810 1419 913 1492 sponsi,

967 896 1077 968 rignum
1093 906 1253 966 quocunque
1267 890 1337 958 ierit,
1350 897 1376 946 et
1392 891 1418 945 in
1430 891 1556 948 omnibus
1566 907 1767 964 consequemur

967 982 1107 1049 creaturis,
1122 989 1151 1037 ut
1168 982 1195 1035 in
1213 980 1338 1036 omnibus
1356 980 1533 1052 gaudeamus,
1552 981 1624 1054 quod
1647 991 1689 1039 est
1703 1001 1767 1058 gau·

967 1071 1041 1126 dium
1056 1069 1162 1126 Domini
1182 1069 1233 1125 Dei
1253 1069 1347 1126 nostri.
1364 1070 1535 1129 Gaudeamus
1550 1087 1614 1128 sane
1629 1071 1657 1128 in
1672 1075 1761 1131 omni-

968 1163 1029 1233 bus,
1045 1161 1092 1216 sed
1107 1176 1161 1218 non
1176 1158 1284 1216 aliunde
1294 1176 1375 1232 quam
1387 1160 1502 1234 deipso,
1516 1160 1587 1218 sicut
1601 1161 1695 1235 etipse
1709 1178 1765 1221 non

968 1240 1028 1297 aliis
1044 1241 1151 1308 fruitur,
1168 1240 1216 1297 sed
1232 1239 1389 1311 semetipso.

1006 1335 1032 1388 5.
1052 1331 1111 1386 tem
1136 1346 1202 1386 uero
1229 1330 1458 1402 quemadmodum
1473 1328 1501 1384 in
1529 1331 1606 1387 nobis
1624 1332 1765 1390 habendus

967 1418 1012 1486 sit,
1027 1430 1053 1476 et
1080 1421 1132 1474 hoc
1146 1419 1188 1474 vel
1205 1429 1325 1492 exparte
1350 1434 1494 1490 possumus
1505 1419 1631 1493 cogitare.
1654 1421 1765 1478 Constat

111 1512 163 1567 aab
177 1510 272 1582 eapite
282 1525 364 1573 meo,
379 1512 408 1564 et
421 1507 539 1563 dextere
552 1507 633 1563 iltius
643 1507 857 1580 amplexabitur
869 1526 914 1568 ore
968 1508 1040 1565 enim
1055 1508 1206 1565 animarum
1222 1506 1355 1580 triplicem
1370 1523 1430 1564 esse
1443 1519 1576 1565 naturam.
1587 1509 1665 1565 Unde
1679 1517 1706 1565 et
1720 1526 1764 1565 sa·

111 1599 211 1671 (Garat.
231 1613 262 1666 ιι,
278 1599 317 1669 6).
333 1595 513 1652 Transcendit
529 1596 600 1651 enim
616 1598 692 1652 beata
710 1596 800 1653 anima
815 1599 912 1656 Christi
968 1599 1072 1668 pientes
1086 1598 1178 1654 mundi
1194 1598 1275 1668 hujus
1285 1597 1400 1653 animam
1420 1599 1574 1667 humanam,
1592 1597 1761 1669 rationalem,

112 1685 329 1743 incarnationem
348 1693 376 1742 et
401 1684 670 1757 humilitatemque
694 1686 822 1743 nimirum
846 1688 913 1746 laeva
969 1686 1389 1760 irascibilem,concupiscibilem
1404 1703 1464 1742 esse
1479 1687 1645 1746 tradiderunt
1661 1704 1766 1761 :quam
1825 1721 1829 1729 .

112 1776 173 1846 ejus
185 1776 248 1846 jure
262 1785 391 1848 uocatur3
406 1781 435 1830 ut
449 1773 616 1830 divinitatem
626 1776 689 1845 ejus
704 1782 731 1832 et
745 1776 915 1847 majestatem
969 1777 1064 1851 utique
1080 1775 1214 1848 triplicem
1238 1775 1290 1831 rim
1304 1775 1402 1831 animae
1429 1775 1489 1848 ipsa
1503 1792 1613 1850 quoque
1626 1785 1723 1834 natura
1737 1783 1765 1835 ct

113 1865 184 1935 ejus,
200 1880 282 1937 quam
296 1880 350 1920 non
365 1865 512 1937 incongrue
527 1864 664 1921 dexteram
679 1863 809 1932 nominat,
826 1866 914 1924 subli-
968 1866 1126 1940 quotidiana
1140 1865 1327 1938 experimenta
1340 1881 1390 1921 nos
1411 1866 1520 1921 docent.
1532 1867 1618 1923 Porro
1633 1867 1763 1938 quemad-

114 1953 185 2008 mius
198 1954 406 2025 contempletur.
968 1956 1078 2013 modum
1093 1958 1166 2014 circa
1180 1955 1308 2013 rationale
1322 1964 1455 2021 nostmm,
1472 1961 1501 2009 ut
1512 1955 1667 2022 scientia,et
1681 1958 1763 2028 iguo·

149 2047 176 2098 3.
197 2042 352 2115 Tripliciter
366 2043 450 2107 enim,
466 2041 574 2114 tratres,
587 2043 616 2098 in
635 2050 738 2099 aterna
752 2043 798 2100 illa
809 2053 836 2101 et
845 2060 913 2119 per·
967 2045 1054 2102 rantia
1066 2055 1171 2104 constat
1184 2053 1312 2117 nuquam
1338 2043 1446 2099 habitus
1468 2052 1495 2100 et
1518 2043 1648 2115 privatio:
1668 2044 1709 2101 sic
1737 2053 1764 2102 et

111 2131 182 2188 tecta
191 2130 359 2188 beatitudine
373 2130 495 2187 fruemur
515 2133 583 2201 Deo,
600 2131 722 2188 uidentes
734 2148 795 2189 eum
810 2133 838 2189 in
855 2149 912 2191 om·
966 2132 1037 2188 cirea
1050 2130 1270 2206 concupiscibile,
1287 2129 1451 2188 desiderium
1476 2138 1503 2186 et
1523 2139 1714 2204 contemptus:
1735 2138 1765 2188 et

113 2220 196 2278 nibus
223 2221 365 2287 creaturis,
390 2222 519 2278 babentes
544 2237 607 2277 eum
633 2222 660 2276 in
684 2221 765 2279 nobis
789 2221 865 2294 ipsis,
884 2231 912 2281 ιι
964 2223 1035 2278 circa
1048 2221 1157 2293 idquod
1183 2220 1281 2276 dicitur
1294 2219 1437 2288 irascibile,
1454 2226 1480 2275 ιι
1498 2219 1588 2276 laetltla
1613 2221 1721 2293 pariter,
1736 2229 1764 2279 et

114 2308 197 2383 (quod
213 2308 256 2365 bis
269 2308 397 2365 omnibus
416 2308 587 2366 ineffabiliter
608 2310 756 2380 jucundius
782 2311 817 2367 sit
830 2318 911 2384 atque
965 2309 1005 2366 ira
1033 2320 1165 2367 versatur.
1183 2307 1309 2382 Implebit
1331 2308 1480 2381 ergolleus
1497 2307 1625 2365 rationale
1639 2316 1763 2367 nostrum

112 2397 229 2468 ιιιιιιι)
248 2397 334 2468 ipsam
357 2412 466 2471 quoque
498 2407 690 2472 cognoscentes
713 2400 741 2455 ιι
764 2400 910 2472 semetipsa
963 2399 1026 2455 luce
1052 2398 1203 2471 sapientis,
1219 2398 1256 2453 ita
1270 2405 1299 2453 ut
1314 2397 1420 2470 penitus
1448 2398 1528 2453 nnbis
1555 2397 1622 2453 nihil
1641 2398 1710 2454 desit
1734 2400 1762 2455 ιι

108 2485 280 2556 Trinitatem,
303 2496 330 2542 et
358 2486 472 2561 gloriam
501 2487 577 2542 illam
596 2488 655 2543 sine
680 2487 737 2544 ullo
764 2489 909 2562 aenigmata
963 2488 1018 2545 ulla
1033 2489 1152 2545 scientia.
1169 2487 1294 2559 implebit
1320 2485 1530 2559 concupiscibile
1545 2498 1669 2544 nostrum
1687 2486 1762 2545 fonte

109 2576 212 2631 mundo
231 2575 321 2632 cordis
345 2577 422 2633 oculo
452 2576 674 2650 contemplantes.
700 2578 731 2634 ln
757 2577 810 2635 hcc
836 2578 908 2636 enim
960 2578 1122 2648 institimus
1138 2577 1248 2633 omnino
1262 2575 1762 2647 desideremuseam‘eteapenitusne-

108 2664 230 2721 eritritae
244 2672 346 2720 esterna
358 2675 386 2721 et
398 2665 526 2738 perfecta,
538 2674 568 2724 ut
580 2681 779 2739 cognoscamus
789 2668 906 2740 Patrem,
962 2668 1094 2739 pleamur,
1111 2665 1182 2723 sicut
1196 2665 1329 2737 scriptum
1345 2672 1387 2721 est
1402 2683 1409 2720 :
1426 2666 1507 2724 Beati
1521 2667 1570 2740 qai
1584 2668 1717 2724 esuriunt
1731 2672 1762 2725 et

107 2760 133 2810 ιι
146 2752 248 2809 Filium
271 2770 332 2811 eum
358 2764 450 2810 saneto
476 2755 591 2827 Spiritu,
607 2765 634 2811 et
663 2756 805 2813 uideamus
819 2758 906 2814 Deum
962 2755 1759 2831 sitiuntjestitiom,quoniemipstsatnrnbnnturtlduttlt.

105 2841 185 2899 sicuti
199 2849 259 2897 est:
276 2840 303 2896 id
318 2852 369 2913 est,
387 2858 439 2899 non
456 2845 538 2900 modo
548 2843 617 2899 sicut
632 2843 703 2900 inest
717 2845 795 2900 nobis
810 2844 906 2900 rideli-
959 2859 987 2899 ι.
1004 2846 1042 2914 d).
1058 2844 1140 2899 Nulla
1154 2843 1226 2900 onim
1239 2843 1291 2899 alia
1305 2843 1470 2914 resirnplera
1485 2850 1575 2916 potest
1597 2844 1761 2900 desiderium

108 2939 220 2997 eet,·aut
233 2931 339 2988 caeteris
355 2933 493 3000 creaturis,
511 2949 555 2988 sec
568 2933 638 2989 sicut
652 2941 692 2989 est
706 2933 733 2989 in
748 2933 907 3005 semetipso.
925 2934 947 3014 ῃ
963 2932 1072 2998 auimae,
1091 2932 1164 2987 nulla
1187 2931 1238 2986 alia
1254 2938 1352 3002 praeter
1363 2931 1496 3002 justitiam
1523 2930 1676 2988 beatificare
1698 2933 1758 2989 ani·

107 3020 186 3077 Unde
210 3021 265 3075 duo
291 3020 334 3076 illa
359 3021 434 3077 uelut
457 3020 675 3096 circumjacentia
694 3037 756 3078 esse
779 3022 909 3079 videntur
962 3023 1230 3091 recuperandum
1247 3021 1474 3093 ergorepleverit
1506 3021 1579 3076 Deus
1594 3021 1761 3093 concupisci-

107 3125 169 3182 qnae
182 3109 370 3182 praediximus,
386 3117 413 3166 et
428 3110 506 3182 quasi
530 3115 623 3167 cortex
644 3110 724 3167 tritici
740 3128 747 3166 :
764 3112 823 3168 ιιι
843 3127 908 3167 uero
962 3110 1017 3166 bile
1033 3119 1155 3166 nostrum
1169 3107 1274 3178 justitia
1285 3125 1293 3179 3
1305 3107 1436 3179 quidquid
1459 3123 1588 3179 respuere
1603 3108 1683 3164 debet
1693 3109 1754 3164 ani·

106 3198 241 3272 cognitio,
257 3214 361 3254 summa
378 3198 563 3265 ualitudinis,
580 3198 660 3257 tritici
680 3199 808 3269 medulla,
825 3201 909 3274 adeps
961 3214 1016 3270 ma,
1040 3205 1169 3270 respuet;
1192 3195 1325 3269 quidquid
1341 3196 1422 3251 debet
1434 3187 1637 3266 concupiscere,
1653 3211 1757 3253 eoricu-

105 3285 246 3356 frumenti,
262 3301 316 3358 quo
335 3286 461 3342 nimirum
477 3285 572 3342 ciuitas
586 3296 678 3344 sancta
696 3287 846 3344 Jerusalem
860 3303 908 3343 sa·
962 3288 1065 3359 piscat:
1080 3294 1149 3343 etex
1164 3285 1290 3342 omnibus
1303 3286 1329 3341 id
1354 3287 1439 3359 magis
1453 3295 1561 3357 appetet
1573 3287 1646 3360 quod
1661 3287 1751 3361 magis

108 3374 293 3446 tiatur(Psot.
320 3391 426 3448 cruvu,
453 3375 507 3447 tt).
523 3376 624 3432 Verum
648 3393 729 3450 quam
753 3393 852 3451 magna
866 3383 910 3434 est
961 3377 1041 3434 fuerit
1064 3375 1259 3449 appetendum.
1285 3375 1379 3432 llerito
1406 3376 1524 3450 denique
1552 3376 1759 3447 concupiscibili

107 3463 244 3522 beatitudo
263 3465 318 3533 ille,
336 3474 390 3521 tam
415 3464 571 3521 abscondita
589 3473 632 3522 est
652 3467 686 3522 ab
710 3469 796 3523 oculis
810 3467 909 3525 nostris
960 3476 1053 3523 nostro
1071 3465 1205 3536 justitiam
1228 3464 1411 3534 attribuimus,
1425 3482 1459 3522 ex
1484 3481 1538 3538 quo
1553 3465 1691 3535 nimirum,
1708 3476 1755 3524 aut

104 3553 233 3625 ιιοιιιιι
249 3569 299 3611 ιιι
313 3555 409 3610 οιιιιι
422 3553 499 3623 vidit,
515 3569 566 3610 ιιι
581 3555 655 3610 auris
678 3554 791 3628 audiuit,
810 3572 860 3613 nec
879 3556 908 3615 in
959 3555 1036 3627 juni,
1048 3563 1093 3611 aut
1111 3554 1202 3626 injusti
1219 3563 1386 3626 reputamur.
1402 3556 1461 3610 lam
1482 3570 1546 3611 uero
1565 3553 1640 3626 quod
1659 3554 1758 3611 dicitnr

103 3656 152 3698 cor
168 3638 281 3699 ¹⁰87
297 3642 417 3698 hominis
427 3643 661 3716 ascendit,quanta
676 3643 795 3716 claritas,
809 3653 908 3718 quauta
961 3644 988 3698 ln
1003 3643 1082 3700 nobis
1095 3643 1240 3714 irascibile,
1257 3659 1321 3700 cum
1340 3643 1481 3713 repleverit
1504 3643 1571 3700 illud
1585 3644 1670 3714 Deus,
1695 3648 1757 3716 per·

104 3730 235 3797 utinsilia,
260 3740 361 3802 quauta
383 3732 542 3804 jucunditas
560 3739 669 3788 mancat
691 3747 741 3789 nos
755 3733 783 3789 in
804 3733 849 3789 illa
862 3749 909 3791 eo·
961 3732 1030 3788 fecta
1049 3732 1102 3789 erit
1116 3731 1143 3786 in
1166 3731 1243 3787 nobis
1269 3731 1448 3803 tranquillitas
1475 3740 1501 3787 et
1514 3730 1542 3785 ιι
1561 3746 1694 3787 summam
1714 3734 1759 3804 ju-

105 3817 239 3893 gnitioue.
267 3821 322 3877 Pax
347 3820 396 3876 Dei
419 3828 460 3878 est
480 3821 536 3887 illa,
553 3836 613 3893 ques
635 3828 778 3894 exsuperat
800 3836 908 3878 omnem
960 3820 1126 3878 canditatem
1141 3828 1221 3894 atque
1248 3818 1367 3874 laetitiam
1394 3819 1560 3891 replebimur
1575 3835 1640 3890 paee
1653 3821 1755 3876 divina

105 3907 293 3974 intellectum
319 3916 418 3979 quanto
445 3909 533 3983 magis
551 3924 659 3966 omnem
683 3925 837 3966 sermonem
858 3910 908 3966 u'o·
961 3910 996 3964 Et
1009 3909 1070 3968 vide
1084 3908 1108 3963 si
1123 3924 1177 3964 non
1193 3907 1273 3963 etiam
1288 3908 1315 3962 ιι
1331 3907 1372 3963 ιιι
1386 3908 1472 3964 tribus
1487 3906 1615 3980 prolecta,
1628 3918 1759 3982 quantum

107 3993 220 4049 ιιιιιι
235 3993 315 4064 Quod
330 4011 396 4070 ergo
415 3997 481 4052 nulli
504 3997 596 4054 datum
611 4004 653 4054 est
673 3998 802 4070 expertri,
817 3999 908 4058 nullus
960 3999 1193 4055 sansadonimam
1203 4004 1317 4070 spectat,
1333 3997 1473 4054 beatitudo
1493 3998 1634 4056 consistit:
1649 4000 1758 4071 qnauulo

108 4091 224 4140 conetur
241 4082 327 4140 ellari.
346 4085 517 4153 ltensarnm,
528 4086 567 4142 ait
582 4086 722 4155 Dominus,
738 4088 865 4161 plenam,
876 4094 906 4146 ct
960 4087 1074 4144 scientia
1094 4088 1152 4157 jam
1166 4101 1221 4143 ιοι
1235 4085 1338 4143 inflabit
1353 4095 1465 4159 propter
1473 4088 1619 4158 justitiam;
1631 4089 1689 4158 jam
1704 4105 1757 4144 non

108 4174 904 4250 conserueratsospitatem,etsoperesttttentemdotum
958 4176 1127 4233 contristabit
1147 4180 1256 4247 propter
1279 4176 1413 4245 laetitiam,
1434 4183 1465 4231 nt
1483 4184 1572 4233 cesset
1585 4176 1759 4249 proverbium

108 4261 237 4318 insinua
250 4267 358 4320 uestros
373 4267 450 4334 (tec.
467 4281 504 4331 ιι,
526 4265 581 4337 381.
602 4266 710 4321 Plenam
731 4267 905 4324 universitate
919 4220 943 4299 n
957 4266 1023 4321 illud
1046 4280 1052 4320 :
1079 4267 1134 4336 Qui
1147 4268 1267 4339 apponit
1284 4267 1435 4323 scientium
1458 4266 1578 4338 apponit
1592 4269 1620 4323 ct
1634 4264 1759 4324 dotorem

107 4358 305 4418 creaturarum,
320 4352 469 4408 confertam
492 4354 518 4408 in
532 4353 661 4410 interiore
675 4354 785 4411 immine
802 4368 905 4426 nostro,
960 4357 1062 4425 (seete.
1077 4370 1098 4425 t,
1119 4358 1160 4424 ta)
1185 4372 1192 4410 :
1213 4355 1321 4427 quando
1334 4354 1460 4426 justititia
1481 4370 1532 4411 nec
1546 4354 1691 4410 indiscreta
1706 4356 1758 4413 erit

106 4439 252 4513 cogitatam
267 4439 297 4495 iu
310 4441 458 4510 exteriore,
474 4445 701 4514 superefluentem
719 4444 747 4501 in
760 4446 819 4502 Deo
833 4445 905 4519 ipso.
960 4454 1068 4516 propter
1096 4442 1247 4505 scientiam,
1268 4459 1319 4498 nee
1340 4458 1456 4499 onerosa
1476 4450 1588 4514 propter
1615 4443 1754 4499 letitiam:

106 4525 149 4581 lbi
171 4527 295 4583 cumulus
314 4527 459 4597 felicitatis,
476 4529 513 4588 ibi
528 4534 737 4605 supereminens
751 4533 849 4606 gloria,
870 4535 907 4593 ibi
959 4532 1068 4606 quando
1083 4531 1174 4587 laetitia
1189 4544 1239 4586 neo
1260 4530 1351 4602 inepta
1370 4529 1464 4603 [atina
1477 4530 1677 4605 suspecta1erit
1689 4546 1755 4604 pro·
1847 4536 1851 4545 '

107 4615 305 4687 supereffluens
315 4619 462 4678 beatitudo.
958 4616 1021 4695 ptlr
1039 4619 1191 4688 scientiam,
1204 4634 1255 4675 nec
1268 4618 1376 4690 impura
1394 4629 1504 4692 propter
1515 4619 1665 4691 justitiam.

143 4707 171 4761 t.
185 4707 256 4762 Nam
271 4707 407 4777 quomodo
429 4709 565 4766 ridendus
579 4710 616 4767 sit
630 4711 659 4766 ιι
679 4713 822 4785 creaturis,
837 4728 907 4786 quo·
995 4714 1022 4764 ti.
1034 4710 1090 4766 Sud
1107 4709 1135 4765 in
1156 4709 1199 4765 bis
1214 4707 1341 4765 omnibus
1361 4708 1427 4766 nibil
1441 4711 1528 4768 adhuc
1543 4710 1661 4767 exterior
1675 4710 1756 4767 bomo

105 4795 189 4851 modo
210 4795 237 4852 in
260 4797 340 4853 nobis
362 4799 516 4867 habendus,
541 4815 689 4874 possumus
713 4803 756 4860 vel
777 4818 809 4859 ex
832 4812 907 4875 parte
959 4808 1050 4856 noster
1065 4797 1179 4869 accepit.
1195 4797 1335 4874 lpsiergo,
1353 4805 1383 4854 ut
1396 4797 1529 4855 inhabitet
1543 4798 1756 4874 gloriantiamin

104 4885 253 4955 conjicere,
268 4901 302 4942 ex
325 4887 393 4959 ipsis
416 4888 556 4961 nimirum,
572 4905 640 4963 quas
660 4891 812 4963 accepimus
838 4893 905 4963 jam,
960 4899 1029 4946 terra
1046 4895 1138 4945 nostra
1152 4887 1442 4962 (Pset.uxxxtv,10).
1461 4889 1571 4959 etjuxta
1584 4886 1668 4947 alium
1688 4902 1754 4958 pro-

103 4971 234 5044 primitiis
249 4973 374 5047 spiritus.
390 4976 516 5051 cognitio
527 4987 618 5034 autem
633 4977 681 5034 illa
694 4980 805 5036 omnino
818 4981 906 5037 adbuc
961 4980 1080 5049 phetam,
1109 4976 1244 5049 repleatur
1270 4980 1411 5048 majestate
1433 4977 1542 5034 Domini
1569 4976 1659 5034 omnis
1684 4985 1758 5034 terra

103 5062 186 5118 nobis
200 5062 339 5136 incognita
362 5074 426 5122 est:
443 5066 573 5122 mirabilis
595 5067 665 5123 faeta
680 5075 741 5139 est,
756 5067 906 5126 confortata
924 5081 926 5084 ·
959 5069 1036 5139 (lent.
1049 5084 1088 5134 vr,
1105 5070 1142 5137 3),
1160 5075 1348 5139 quatuorsunt
1359 5067 1515 5140 quaerenda,
1531 5082 1611 5139 quem
1628 5065 1757 5123 nimirum

104 5158 157 5217 est,
175 5161 205 5206 ιι
219 5167 273 5208 non
289 5154 424 5226 possimus
447 5155 480 5210 ad
504 5172 573 5211 eam.
592 5156 629 5211 tlt
644 5171 709 5213 vero
730 5159 906 5231 qnernadmo·
961 5163 1114 5213 constater
1129 5155 1272 5213 elementis
1296 5167 1411 5227 quatuor
1427 5171 1487 5212 esse
1505 5163 1685 5227 compactum.
1702 5156 1757 5210 Noc

102 5238 169 5294 dum
190 5240 216 5294 ιι
230 5242 362 5299 creaturis
377 5243 510 5301 ridendus
518 5245 563 5313 sit,
577 5258 721 5316 possumus
734 5245 905 5320 aliquetenus
959 5244 1064 5303 mireris
1077 5245 1151 5317 quod
1170 5243 1295 5316 pluribus
1310 5244 1432 5315 indigere
1445 5245 1550 5302 videtur
1564 5244 1611 5317 qui
1633 5242 1757 5300 miserior

103 5326 267 5402 intelligere,
283 5330 408 5388 uimimm
422 5346 483 5389 cum
498 5343 525 5390 et
540 5335 622 5390 modo
637 5334 759 5392 videatur
772 5333 801 5393 in
815 5336 902 5408 ipsis:
958 5343 1010 5402 est,
1021 5350 1082 5409 oum
1097 5340 1124 5391 et
1137 5332 1165 5388 in
1180 5333 1284 5405 psalmo
1298 5333 1529 5407 legerisdiceate
1543 5334 1695 5405 Propheta:
1712 5333 1759 5395 δι,

101 5416 175 5477 unde
188 5425 215 5473 ct
228 5417 392 5493 philosophi,
408 5420 539 5494 ,apostolo
554 5429 631 5490 teate,
645 5436 696 5499 per
708 5438 741 5481 ea
752 5439 815 5500 qun
832 5423 904 5483 tecta
957 5426 1023 5482 tivit
1035 5425 1064 5480 in
1075 5426 1102 5480 te
1119 5423 1221 5480 naimo
1234 5439 1299 5481 meu
1313 5439 1398 5498 quam
1409 5423 1614 5500 multipliciter
1624 5421 1756 5488 liticare

100 5513 177 5577 sunt,
192 5505 240 5564 Dei
249 5507 399 5566 invisbilia
408 5525 577 5583 conspexere
588 5515 678 5585 (item.
694 5527 715 5584 ι,
731 5513 786 5586 to).
802 5513 902 5574 lerum
954 5529 1018 5573 meo
1032 5511 1243 5585 (statuunt.)
1252 5511 1438 5586 statuturo
1452 5519 1523 5572 terra
1536 5510 1753 5573 nostrainrmor-
