3734 5948
6 5540 11 5579 l

74 165 137 225 1001
449 148 454 155 ’
548 190 551 194 ·
689 156 860 219 SERHONRS
879 155 912 219 ΙΝ
932 157 1080 219 CANTIGA.
1645 186 1717 249 qqm

70 308 138 349 rem.
151 293 220 348 Ecce
231 294 263 348 tri
275 287 538 362 crebrescamus
547 286 864 359 niemecoctupuloliro.
881 302 905 383 ι
920 283 1053 343 Existimo
1077 289 1149 345 enim
1172 306 1343 367 nequaqnam
1362 296 1412 357 bac
1434 301 1496 362 vioe
1508 307 1570 377 ojus
1591 312 1717 372 umisa,

70 381 149 439 Nunc
162 379 279 452 cognovi
294 375 365 450 quod
380 374 493 448 pulchra
506 377 555 441 sis,
576 390 632 432 non
646 373 734 431 solum
757 389 792 431 ex
806 390 865 431 meo
920 373 1080 447 importatas
1106 376 1239 452 imagines
1266 384 1366 455 carnis,
1395 395 1441 443 ant
1470 395 1576 462 crucis,
1587 407 1633 455 ant
1647 400 1716 460 alim

70 483 174 537 amore,
193 466 240 522 sed
256 464 335 521 etiam
350 480 383 520 ιι
398 470 445 520 ιιι
459 461 620 518 bumilitate.
643 462 703 518 Non
714 460 774 518 dico
793 478 866 520 nnnc
920 478 1098 536 quascunque
1112 482 1308 539 corporearum
1325 474 1514 535 similitudines
1531 481 1716 549 infirmitatum

69 557 208 628 pulchram
222 553 441 618 intermulieres,
458 549 659 623 uecpnlchram
674 550 702 605 iu
715 550 802 625 genis,
814 566 865 607 uec
920 552 952 623 lu
966 553 1008 607 bis
1023 569 1149 626 namque,
1163 558 1240 627 juxta
1250 564 1418 631 prophetam,
1428 582 1488 624 uon
1502 575 1565 626 erut
1575 575 1602 628 ea·
1611 581 1716 647 species

70 645 97 699 in
113 645 192 714 collo,
207 643 277 698 sicut
299 651 362 698 autc
376 639 519 697 dicebam:
537 640 587 696 sed
602 640 743 712 pulchram
758 639 865 712 simpli·
920 657 1009 713 neque
1035 643 1337 721 immutaturus).
1358 652 1421 711 llaeo
1435 666 1525 712 antem
1544 675 1606 716 eum
1621 663 1717 723 munita

71 734 137 790 citer
151 733 245 797 turem,
261 745 313 786 nou
331 731 424 800 utique
436 727 576 801 pulchram
600 745 633 785 cx
654 728 865 798 comparatione,
921 744 992 786 nunc
1016 731 1158 803 pulchrum
1181 736 1364 811 decorumque
1390 754 1555 817 pronuntiat,
1573 750 1599 802 iu
1616 752 1716 810 rimone

71 838 127 878 non
141 838 201 877 cum
217 818 399 887 tristissuma,
414 833 467 874 non
481 833 515 872 cx
528 824 615 889 parte.
720 836 725 848 ·
920 817 1025 873 meliori
1040 819 1115 876 illum
1130 823 1181 877 sibi
1199 827 1356 896 apparuisse
1385 832 1552 901 significans.
1569 835 1627 894 Ore
1641 844 1715 897 enim

107 912 133 966 t.
145 911 178 965 Et
194 909 286 964 additi
301 907 381 965 Oculi
391 909 436 962 tui
445 906 651 963 columbarum.
664 907 764 977 Aperte
779 905 867 963 adbuc
920 907 953 960 ad
969 923 1011 973 os,
1026 909 1097 965 sicut
1125 916 1260 982 quondam
1288 931 1349 971 cum
1379 928 1472 977 sancto
1498 924 1592 995 Moyse
1611 929 1714 998 (Exod.

71 1002 273 1057 commendatur
288 995 437 1051 humilitas.
453 995 495 1049 sd
511 996 563 1050 boc
582 994 716 1067 siqnidem
743 995 864 1066 respicit,
919 1007 1026 1064 xxxiii,
1048 1000 1104 1063 ιιι,
1130 999 1249 1072 loquitur
1277 1019 1338 1059 oum
1363 1021 1476 1078 spousa;
1493 1022 1519 1066 ιι
1537 1013 1644 1083 palmi,
1660 1031 1715 1073 non

71 1092 143 1160 qnod
159 1087 206 1142 illa
223 1087 384 1158 reprehensa
396 1084 431 1139 de
456 1085 511 1138 alla
533 1083 706 1155 inquisitione
721 1098 781 1149 sua,
798 1099 864 1140 eon·
919 1097 967 1151 per
996 1085 1140 1154 aenigmata
1159 1095 1187 1142 ιι
1200 1087 1311 1162 figuras,
1328 1093 1412 1150 Deum
1427 1099 1513 1155 videt.
1528 1102 1619 1158 Talem
1634 1104 1714 1161 deni.

72 1178 147 1233 tiuuo
162 1192 216 1232 uon
240 1184 363 1230 cunctata
387 1181 429 1228 ιιι
451 1172 484 1226 ad
503 1171 669 1241 simpliciora
691 1172 864 1243 descendere,
919 1187 972 1244 qne
987 1188 1034 1228 ore
1049 1177 1214 1246 pronuntiat,
1241 1180 1347 1249 qualem
1376 1194 1403 1240 ιι
1424 1199 1516 1243 mente
1530 1192 1713 1262 conspicatur,

70 1264 106 1320 ila
129 1274 157 1320 ιιι
176 1265 297 1320 diceret:
314 1262 473 1320 Fasciculus
494 1260 617 1336 mprrboe
640 1260 759 1316 dilectus
783 1278 865 1320 meua
918 1258 1024 1316 visione
1053 1261 1131 1331 plane
1146 1266 1253 1321 sublimi
1281 1280 1309 1324 ιι
1335 1273 1422 1328 suavi.
1443 1273 1556 1346 Regem,
1573 1279 1599 1333 in
1614 1282 1715 1340 decore

71 1356 153 1411 mibi.
169 1352 282 1409 tlultum
305 1350 429 1424 prolecto
442 1349 526 1407 distat
540 1350 609 1406 inter
631 1350 737 1407 vultum
757 1350 863 1425 qloriae,
919 1363 969 1405 suo
979 1348 1107 1407 viderunt
1119 1353 1192 1408 oculi
1210 1356 1281 1426 ejus,
1294 1373 1348 1414 nnn
1364 1373 1452 1417 tamen
1467 1371 1495 1418 ut
1510 1381 1614 1437 regem,
1624 1372 1670 1424 sed
1684 1377 1715 1427 ut

74 1453 103 1499 ot
126 1443 286 1499 fasciculum
312 1438 428 1498 itm
450 1440 567 1510 myrrbae
584 1458 591 1494 ι
607 1445 635 1494 ιι
656 1439 718 1495 idco
738 1454 865 1513 magnum
919 1437 1058 1494 dilectum.
1078 1438 1182 1497 Viderit
1195 1457 1259 1499 sane
1275 1461 1337 1500 cum
1366 1449 1428 1520 quis
1450 1466 1534 1524 super
1549 1455 1714 1515 soliumex·

73 1531 230 1588 humilitalis
251 1528 367 1603 insigne,
383 1529 446 1583 inde
467 1527 521 1584 boc
543 1526 715 1599 acquiescere
731 1527 862 1584 revocari.
919 1527 1022 1582 celsum
1037 1536 1065 1584 ιι
1073 1529 1208 1585 elevatum
1218 1547 1227 1598 ;
1239 1540 1266 1588 ct
1278 1533 1348 1590 alius
1361 1554 1471 1610 quoque
1485 1540 1553 1598 faeie
1566 1544 1602 1599 ad
1616 1545 1714 1603 faeiem

71 1622 142 1691 Ergo
157 1620 232 1678 oculi
251 1620 296 1676 tui
310 1616 611 1687 columbariorum,
627 1615 724 1687 inquit,
739 1631 793 1673 non
806 1632 864 1670 am·
881 1577 904 1656 Β
919 1615 971 1671 sibi
995 1617 1155 1688 apparuisse
1175 1627 1287 1676 testatus
1309 1623 1346 1678 sit
1368 1640 1376 1679 r
1398 1626 1463 1682 niibi
1498 1635 1589 1687 tamen
1608 1632 1716 1692 videtur

72 1710 150 1766 bulas
164 1709 192 1764 in
212 1707 329 1780 maguis,
346 1721 435 1777 neque
449 1705 477 1760 in
487 1704 654 1762 mirabilibus
664 1721 746 1776 super
760 1713 785 1760 te
796 1723 803 1760 :
816 1705 864 1761 scd
918 1703 1065 1760 ominentia
1088 1705 1116 1760 in
1130 1707 1181 1762 bac
1209 1717 1285 1778 parte
1304 1726 1364 1768 esso
1391 1717 1464 1784 apud
1486 1732 1625 1789 sponsam,
1641 1722 1714 1793 quod

72 1798 157 1854 instar
170 1796 377 1868 simplicissima
391 1794 510 1851 volucris
524 1801 650 1850 contenta
668 1808 698 1849 ιι
718 1792 866 1863 simplicio·
918 1791 955 1847 ibi
970 1792 1046 1849 visus
1073 1793 1170 1866 legitur
1198 1796 1342 1867 Dominus,
1370 1801 1416 1858 bic
1437 1803 1563 1863 dilectus.
1581 1807 1627 1866 Sic
1640 1811 1714 1868 enim

71 1889 157 1955 ribus,
173 1885 313 1941 uidilicans
334 1884 361 1939 iu
377 1882 552 1940 foraminibus
573 1881 750 1959 pctrae,‚meis
764 1882 863 1938 vulne·
918 1880 1014 1937 babes:
1031 1880 1090 1938 Vidi
1098 1885 1249 1940 morinum
1258 1886 1400 1946 redemerit
1409 1907 1494 1963 super
1503 1895 1605 1952 sotium
1615 1900 1714 1956 ecoct-

72 1977 147 2031 ribus
161 1975 318 2040 immorans,
331 1982 359 2029 ιι
369 1972 486 2028 libenter
493 1986 524 2028 ιι
538 1986 598 2045 (ιιι
617 1979 678 2027 snut
689 1969 724 2028 de
734 1986 778 2027 mc
792 1972 865 2027 dun·
918 1985 993 2037 eum,
1003 1974 1032 2026 ιι
1045 1971 1188 2029 obrutum
1203 1973 1281 2043 (laci.
1289 1991 1328 2043 ιι,
1342 1978 1385 2046 l);
1400 1986 1427 2034 ιι
1443 1979 1507 2036 item
1524 1999 1531 2038 :
1548 1984 1607 2039 t'uti·
1616 1988 1713 2044 Douri-

73 2073 147 2120 ιιιιι
168 2064 305 2120 incarnato
319 2071 347 2118 et
362 2077 451 2136 passo,
466 2061 544 2118 oculo
566 2061 675 2117 intuens
697 2059 864 2118 columbino.
918 2074 989 2115 aurii
1002 2061 1078 2131 some
1092 2060 1381 2133 mememoratur
1394 2065 1528 2136 [comest
1542 2075 1715 2132 animosior

105 2156 132 2209 ὅ.
147 2156 203 2210 lint
226 2158 299 2210 corte
318 2149 381 2224 quia
404 2150 433 2207 in
451 2148 542 2222 specie
562 2149 620 2207 aris
643 2150 724 2219 buJ‘us
747 2148 866 2220 Spiritus
919 2148 999 2216 (Gerr.
1019 2163 1112 2215 xxxii,
1134 2153 1190 2220 bo).
1206 2149 1300 2208 Sedet
1327 2170 1375 2227 eqo
1389 2157 1538 2227 Ιιοιιιιιιιιι,
1553 2161 1651 2233 inquit,
1666 2163 1715 2220 ubi

72 2249 182 2298 sanctus
204 2239 329 2314 apparuit
343 2239 456 2313 (uuirt.
473 2254 515 2310 ιιι,
537 2238 593 2311 lb),
608 2237 755 2310 spiritualis
778 2237 866 2309 magia
920 2239 961 2293 ιιι
977 2237 1063 2295 timor
1076 2243 1175 2295 meust
1189 2240 1320 2310 (botoni.
1334 2244 1401 2314 ι,6.)
1412 2244 1489 2313 Quod
1500 2246 1664 2306 siillislacta
1674 2259 1716 2308 est

72 2347 154 2404 qnam
169 2329 285 2401 simplex
300 2331 327 2384 in
341 2345 376 2384 ea
395 2326 508 2384 intuitus
522 2326 656 2384 columbae
669 2324 778 2382 nomine
791 2340 868 2381 com·
920 2324 1049 2381 revelatio
1059 2340 1121 2382 cum
1138 2326 1249 2397 timorc;
1264 2329 1327 2400 quia
1342 2330 1387 2385 ubi
1403 2334 1546 2403 Dominus,
1561 2336 1599 2392 ibi
1614 2340 1714 2399 timor:

72 2419 226 2476 mendatur.
241 2418 276 2472 Et
290 2417 313 2472 si
328 2419 379 2472 boo
394 2416 510 2489 placeat,
525 2418 634 2487 oportet
648 2413 750 2469 reseras
763 2415 869 2484 capitu·
921 2426 973 2485 ιιι
988 2413 1122 2484 prolecto,
1138 2415 1161 2471 si
1180 2416 1253 2487 optio
1279 2418 1399 2487 daretur,
1416 2427 1489 2478 ιιιιιο
1502 2423 1639 2496 libentius,
1656 2433 1716 2482 tau·

74 2509 129 2564 lum
147 2522 267 2578 praeseus
281 2508 314 2561 ad
328 2505 356 2560 id
375 2506 447 2575 quod
464 2504 544 2575 paulo
565 2505 629 2558 ante
646 2502 751 2559 sodales
767 2519 868 2560 murae-
921 2511 1004 2574 toqnc
1018 2502 1127 2558 cbarins
1141 2520 1248 2576 spousae
1263 2509 1442 2579 amplecterer
1457 2512 1600 2585 visionem,
1615 2523 1717 2587 quanto

74 2595 153 2653 nolas
172 2599 196 2650 ei
212 2595 299 2650 iacere
314 2607 415 2664 ¹aureas
431 2593 613 2664 promiserunt
633 2591 757 2664 (Contio.
772 2607 791 2658 ι,
810 2595 867 2662 lo),
923 2591 951 2645 in
966 2590 1072 2646 meliori
1087 2592 1239 2664 alieuioue,
1257 2612 1318 2667 qiiae
1331 2608 1372 2652 est
1387 2613 1471 2666 amor,
1484 2599 1582 2658 factam
1594 2606 1716 2661 adverto.

75 2701 130 2741 uon
144 2683 357 2752 intendentes,nt
370 2695 432 2737 tunc
443 2681 533 2753 docui,
543 2696 868 2752 ornareaurescorporis,
923 2680 993 2736 Nam
1009 2690 1090 2737 timor
1112 2698 1220 2752 poeuam
1244 2684 1334 2751 babet,
1356 2688 1479 2755 perlecta
1492 2704 1585 2746 autem
1598 2694 1718 2751 ebaritas

76 2773 124 2829 secl
146 2773 292 2828 informare
307 2771 428 2827 auditum
443 2771 533 2827 cordis
551 2773 656 2841 (snpra,
676 2785 762 2826 verm.
778 2772 823 2835 tt,
839 2788 868 2825 ri.
925 2771 998 2825 foras
1014 2770 1093 2827 mittit
1108 2778 1232 2828 timorem
1256 2774 1282 2845 (1
1294 2777 1374 2831 loun.
1392 2792 1430 2843 ιι,
1447 2779 1502 2851 la).
1527 2780 1639 2838 tlultum
1654 2797 1719 2840 stne

76 2863 152 2932 a-t).
168 2863 258 2917 Potuit
275 2862 364 2932 itaque
379 2858 449 2930 iieri,
469 2868 498 2914 ut
510 2858 573 2925 lide,
588 2873 649 2931 qum
663 2867 705 2914 est
721 2874 754 2914 ιι
769 2859 872 2928 auditu,
889 2857 910 2936 [ζ
926 2858 1038 2914 interest
1064 2876 1195 2931 apparere
1211 2863 1357 2919 terribilem
1371 2864 1398 2920 in
1414 2868 1536 2923 consiliis
1549 2886 1632 2942 super
1648 2871 1720 2927 lilios

74 2953 160 3008 corde
173 2949 287 3021 amplius
300 2951 437 3019 mundato,
452 2951 486 3003 ad
505 2948 651 3005 videndum
659 2948 732 3020 quod
746 2958 807 3005 ante
816 2962 872 3004 uon
924 2948 1064 3004 bominum
1080 2950 1178 3020 (Prot.
1195 2966 1259 3017 uxr,
1277 2952 1332 3024 lo).
1348 2962 1374 3007 et
1405 2971 1535 3025 apparere
1561 2960 1720 3030 speciosum

76 3048 192 3112 poterat,
208 3039 363 3095 instructior
380 3036 546 3094 redderetur.
562 3038 597 3093 Et
616 3037 742 3107 quoniam
765 3037 800 3092 de
824 3053 872 3094 ac·
926 3037 1013 3094 lorma
1027 3053 1084 3109 prae
1098 3037 1160 3094 liliis
1175 3039 1314 3095 bominum
1334 3042 1421 3110 (Prot.
1435 3058 1512 3115 xciv,
1529 3045 1568 3117 ll).
1597 3049 1667 3104 dccc
1686 3051 1721 3106 ιιι

76 3128 164 3200 ceptis
177 3128 334 3183 mnraennlis
356 3127 384 3183 in
402 3127 461 3185 visu
477 3125 591 3183 acutiori
609 3125 642 3182 ad
666 3126 873 3198 intelligentiam
925 3127 1045 3200 putator
1058 3144 1097 3196 cs,
1108 3127 1209 3185 dilecte
1224 3129 1274 3199 mt',
1291 3134 1319 3187 ct
1328 3130 1455 3188 (ιιιοιιι.
1471 3131 1558 3190 Verba
1571 3134 1626 3192 ista
1638 3136 1722 3209 plana

78 3217 247 3288 spiritualem
263 3220 320 3274 visa
333 3224 374 3272 est
393 3215 558 3289 proiecisse;
576 3213 677 3286 placuit
701 3230 814 3286 sponso,
829 3213 875 3271 cui
927 3232 1045 3272 amorem
1058 3228 1195 3286 resonant,
1216 3232 1270 3274 noo
1286 3217 1421 3275 timorem.

76 3323 197 3378 semper,
213 3310 284 3379 quod
298 3306 325 3362 in
341 3322 370 3361 se
384 3314 434 3377 est,
451 3306 537 3377 placet
551 3303 638 3377 magis
653 3303 740 3360 videri
763 3304 792 3360 in
813 3304 873 3376 spi·
962 3307 990 3362 Ἰ.
1009 3305 1062 3361 Sed
1080 3306 1149 3361 lorto
1164 3307 1315 3363 ascendunt
1328 3308 1507 3380 cogitationes
1525 3310 1553 3367 iii
1567 3313 1721 3383 cordetuo,

78 3395 150 3460 ritu;
171 3406 197 3452 et
212 3394 435 3450 annumeransid
451 3409 559 3466 quoquc
574 3392 637 3465 ejus
659 3393 796 3461 laudibus,
812 3393 873 3453 ait:
929 3403 956 3452 ιι
970 3395 1069 3465 quaer'is
1102 3394 1202 3450 dubius
1233 3398 1306 3467 apud
1327 3405 1364 3465 ιι,
1391 3398 1486 3455 dicens
1502 3417 1509 3459 :
1526 3399 1586 3470 Qua
1612 3403 1717 3461 ratione

80 3486 162 3542 Oculi
179 3486 225 3540 tui
242 3485 447 3540 columbarum.
461 3483 520 3537 lain
536 3499 590 3553 me,
615 3483 713 3554 inquit,
729 3483 833 3540 intuere
847 3483 874 3539 in
930 3483 1013 3542 verba
1029 3482 1113 3543 Verbi
1132 3483 1202 3540 lacta
1221 3487 1254 3539 ad
1268 3487 1385 3542 animam
1400 3487 1561 3559 referuntur,
1570 3498 1598 3546 ιι
1616 3507 1726 3548 rursum

78 3575 185 3645 spiritu,
215 3572 278 3644 quia
310 3571 421 3643 spiritus
448 3580 509 3626 ante
533 3570 630 3626 faciem
659 3580 732 3627 tuam
754 3571 875 3628 Christus
929 3573 1025 3628 auimae
1041 3573 1076 3628 nd
1103 3569 1216 3631 ¹425
1239 3574 1369 3641 Verbum,
1387 3585 1416 3632 ut
1443 3578 1488 3633 iile
1500 3579 1615 3634 audierit
1630 3595 1725 3637 vocem

77 3661 213 3718 Dominus
227 3660 342 3732 (ibreii.
357 3674 395 3724 iv,
411 3661 468 3728 ιο).
483 3659 518 3716 El
542 3661 627 3715 babes
641 3659 712 3714 unde
731 3659 758 3714 id
774 3660 874 3733 possis,
929 3661 1065 3732 loquentis
1090 3660 1195 3728 sibiet
1212 3663 1380 3731 perbibentis
1394 3663 1469 3733 qnod
1493 3666 1608 3737 pulcbra
1622 3666 1666 3734 sit,
1688 3668 1727 3725 vi·

79 3751 144 3822 quin
163 3749 240 3806 oculi
261 3751 307 3806 tui·
318 3747 524 3806 columborum.
544 3751 615 3803 Ante
634 3763 690 3803 uon
703 3747 831 3817 babebat,
850 3758 877 3805 et
931 3748 1076 3821 cissimquc
1090 3748 1163 3804 idem
1176 3751 1342 3819 preconium
1357 3766 1406 3806 sno
1420 3766 1485 3807 mort
1501 3754 1650 3811 reddiderit
1665 3757 1727 3812 lau·

80 3841 144 3897 ideo
161 3838 331 3912 reprimenda
345 3837 421 3893 inisti
438 3854 446 3892 :
463 3836 513 3893 scd
526 3851 599 3892 nunc
612 3835 718 3908 copiam
729 3836 827 3892 babeto
841 3838 878 3895 vi·
931 3837 1044 3894 datori?
1057 3835 1202 3907 Quomodo
1213 3849 1327 3909 possunt
1341 3840 1399 3897 bec
1412 3840 1497 3899 derit
1510 3844 1578 3899 Nam
1592 3846 1675 3902 verbo
1685 3847 1727 3903 lo-

81 3928 174 3995 vendi,
185 3926 333 4002 qniaoculi
349 3928 393 3984 tut
404 3925 612 3992 columborum,
624 3925 651 3980 id
662 3935 702 3982 est
712 3924 875 3998 spirituales.
931 3926 1052 3998 quimur,
1067 3942 1122 3984 non
1150 3928 1262 3984 verbnm
1283 3928 1413 3999 loquitur.
1429 3930 1550 4005 itemquo
1562 3935 1653 3992 anima
1668 3950 1724 3994 non

80 4019 145 4074 Non
159 4033 223 4074 sano
236 4016 341 4088 copiam
356 4032 439 4088 quam
452 4018 578 4087 petebas:
594 4030 645 4072 neo
660 4015 732 4071 enim
743 4015 785 4070 vei
795 4015 877 4071 modo
931 4015 1014 4071 babet
1027 4015 1098 4071 unde
1112 4014 1247 4087 loquatur,
1264 4017 1317 4073 nisi
1331 4033 1363 4075 os
1377 4021 1499 4092 corporis
1514 4021 1566 4078 sibi
1578 4026 1662 4080 rerba
1672 4025 1729 4083 for·

83 4106 173 4162 adbuc
184 4106 217 4161 ad
232 4107 305 4161 illam
320 4115 408 4177 potcs,
423 4106 472 4162 sed
491 4120 552 4178 qum
566 4111 654 4160 tamen
668 4103 777 4161 interim
797 4103 878 4160 sulli-
895 4137 918 4216 ὓ
934 4105 1051 4162 moverit
1064 4103 1099 4159 od
1125 4101 1303 4176 loquendum.
1311 4095 1339 4162 'tt
1346 4122 1396 4164 ene
1411 4110 1514 4181 quaeris
1530 4127 1537 4168 :
1553 4110 1602 4167 sad
1621 4113 1729 4170 attendo

82 4211 146 4252 cere
161 4195 256 4266 possit.
272 4196 344 4251 Saue
357 4196 481 4251 ducenda
495 4211 526 4250 es
540 4195 574 4251 dc
588 4195 707 4251 claritate
729 4192 757 4249 in
770 4193 878 4250 clarita·
934 4193 1060 4267 spiritum
1075 4193 1158 4266 loqui,
1171 4200 1199 4249 st
1211 4195 1385 4267 spiritualiter
1398 4208 1524 4269 oportere
1538 4199 1652 4271 intelligi
1666 4217 1728 4273 qum

84 4294 139 4342 tem
156 4301 162 4338 :
177 4291 205 4338 et
229 4294 379 4354 propterea·
391 4283 462 4350 vide,
480 4290 511 4340 ut
535 4291 620 4354 potes,
646 4284 746 4354 modo,
769 4289 797 4340 el
816 4298 880 4339 cum
933 4286 1068 4340 dicuntur.
1093 4281 1208 4353 Quoties
1230 4285 1344 4355 proinde
1357 4287 1434 4342 audis
1452 4291 1497 4344 vel
1512 4287 1592 4361 legis,
1610 4289 1728 4349 Verbum

85 4373 152 4446 plus
172 4371 286 4446 poturis,
303 4372 363 4444 plus
376 4371 489 4426 videbis.
933 4383 1013 4445 atque
1027 4372 1144 4428 animam
1161 4374 1261 4444 pariter
1272 4375 1472 4448 colloquium
1485 4377 1602 4432 invicem
1612 4380 1727 4453 intueri3

124 4465 150 4516 6.
166 4464 229 4518 Non
244 4467 319 4529 puto,
336 4460 442 4526 iratres,
458 4474 512 4516 non
529 4467 595 4531 puto
616 4461 778 4518 mediocrem
801 4463 880 4529 banc,
935 4463 993 4538 noli
1006 4462 1054 4518 tibi
1069 4463 1215 4533 imaginari
1227 4479 1295 4534 quas
1311 4467 1467 4535 icorporeas
1482 4473 1663 4523 intercurrere
1678 4483 1729 4526 ro·

86 4567 177 4624 neque
200 4565 370 4606 communem
389 4563 450 4604 esse
471 4549 598 4604 omnibus
620 4549 760 4616 visionem,
775 4553 826 4606 etsi
847 4552 881 4607 nit
936 4568 993 4621 ces,
1022 4552 1093 4606 sicut
1120 4564 1170 4604 uec
1198 4567 1343 4618 corporeas
1370 4553 1582 4626 colloquentium
1600 4573 1731 4628 apparere

87 4640 202 4697 inferior
214 4638 270 4706 illa,
285 4654 340 4710 qua
355 4637 484 4694 videndus
497 4645 537 4693 ost
552 4639 579 4691 in
594 4636 698 4694 iutnro.
717 4638 840 4709 Denique
849 4654 883 4696 ex
936 4642 1083 4711 imagines.
1100 4638 1169 4694 lludi
1179 4639 1271 4709 potius
1281 4641 1346 4712 qnid
1362 4643 1411 4697 libi
1430 4655 1465 4698 ιιι
1475 4643 1503 4699 in
1518 4646 1673 4715 hujusmodi
1681 4661 1731 4704 co·

89 4733 134 4788 bis
148 4746 208 4802 quae
224 4735 375 4801 sequuntur
398 4725 541 4782 advertite.
556 4725 682 4797 Sequitur
703 4727 775 4782 enim
790 4744 798 4782 :
816 4729 884 4786 Ecce
938 4732 1089 4801 quandum.
1116 4725 1231 4796 Spiritus
1250 4740 1293 4783 est
1309 4729 1437 4800 Verbum,
1450 4731 1616 4806 spiritusque
1630 4736 1730 4806 anima,

92 4814 884 4893 tuputclreres,dilectemi,ecicruputcterlioesquim
938 4828 966 4872 ιι
982 4815 1082 4870 babent
1097 4814 1203 4886 linguas
1229 4832 1300 4884 snas,
1321 4818 1418 4890 quibus
1444 4837 1473 4876 se
1487 4824 1644 4878 alterutrum
1658 4826 1731 4882 ailo·

91 4911 120 4966 in
138 4907 246 4965 excelso
260 4917 322 4977 stat,
336 4917 364 4962 ιι
377 4906 405 4960 in
420 4904 536 4961 sublime
560 4909 656 4961 mentis
679 4903 808 4961 verticem
831 4921 884 4962 ex·
938 4913 1065 4976 quantur,
1096 4915 1300 4979 praesentesque
1327 4907 1454 4965 iudicent.
1475 4909 1509 4964 lit
1528 4910 1609 4967 Verbi
1622 4915 1733 4985 quidem

93 4998 162 5064 tulit,
178 5013 238 5069 qnae
252 4995 434 5053 universitatis
452 4994 597 5050 Dominum
614 4993 731 5064 quadam
750 4993 803 5050 sibi
822 5008 886 5067 pro·
940 4995 1035 5071 linqua
1045 4994 1294 5068 savoruiguatiouis
1310 4998 1370 5069 ejus
1385 5014 1391 5052 :
1408 4997 1506 5055 animae
1521 5015 1596 5070 vero,
1611 5001 1734 5060 devotio-

94 5086 207 5160 prietate
216 5085 331 5144 vimiioct
345 5084 374 5139 in
387 5082 526 5140 dilectum.
541 5083 659 5139 Attende
668 5083 739 5138 enim
750 5084 887 5157 quomodo
941 5100 985 5140 nis
996 5089 1097 5139 terror.
1112 5082 1237 5155 elinguis
1252 5098 1292 5140 est
1302 5086 1390 5142 anima
1404 5087 1581 5159 atqiieinisns
1592 5106 1654 5163 quoe
1669 5094 1737 5150 lianc

95 5192 148 5232 non
162 5174 331 5246 simpliciter,
347 5173 470 5239 Dilecte;
485 5173 544 5239 sed,
559 5172 659 5229 dilecte
673 5174 725 5239 mi,
744 5172 840 5244 inquit,
860 5183 890 5229 ut
941 5188 996 5229 uon
1011 5173 1101 5241 babet,
1113 5179 1140 5227 et
1156 5187 1210 5226 non
1225 5183 1316 5244 potest
1331 5177 1384 5248 ipsi
1404 5176 1534 5232 ullatenus
1547 5180 1738 5240 sermocinatio

94 5264 235 5338 proprium
251 5263 416 5338 designaret.
432 5263 528 5334 blegne
542 5261 610 5318 visio
635 5275 757 5334 prorsus,
780 5262 814 5318 dc
835 5276 890 5333 qua
942 5277 1002 5317 esse
1016 5277 1079 5317 cum
1110 5262 1206 5321 Verbo.
1220 5263 1292 5335 Ergo
1312 5266 1501 5335 liujusoemodi
1526 5267 1647 5339 tingitani
1662 5286 1739 5328 suam

97 5353 150 5413 ista
163 5354 192 5409 in
214 5352 242 5409 id
267 5351 376 5410 fiduciae
398 5361 426 5408 et
443 5352 608 5409 auctoritatis
631 5352 762 5423 excrevit,
777 5361 808 5407 ut
829 5364 892 5407 ont·
927 5364 1009 5407 cum
1024 5350 1142 5407 Verbum
1161 5359 1262 5419 movet,
1283 5354 1378 5410 volens
1401 5354 1437 5410 ad
1450 5356 1566 5413 animam
1583 5359 1668 5431 loqui,
1687 5362 1755 5420 nou'

98 5444 173 5502 nium
197 5441 354 5516 Dominum,
370 5441 511 5498 dominnm
538 5439 651 5521 newiat,
681 5440 731 5498 aed
751 5439 891 5511 dilectum
948 5447 1038 5512 potest
1050 5438 1141 5496 anima
1150 5454 1205 5501 uon
1220 5441 1332 5501 mutire
1353 5443 1432 5503 Vivus
1446 5449 1679 5512 coanimantur
1692 5452 1745 5512 bei

207 5544 329 5602 Parnon.
349 5540 522 5600 mxxxtu.
1586 5550 1620 5604 ιι
