<?xml version="1.0" encoding="UTF-8"?>
<!DOCTYPE html PUBLIC "-//W3C//DTD XHTML 1.0 Transitional//EN"
    "http://www.w3.org/TR/xhtml1/DTD/xhtml1-transitional.dtd">
<html xmlns="http://www.w3.org/1999/xhtml" xml:lang="en" lang="en">
 <head>
  <title>
</title>
<meta http-equiv="Content-Type" content="text/html;charset=utf-8" />
  <meta name='ocr-system' content='tesseract 3.04.00' />
  <meta name='ocr-capabilities' content='ocr_page ocr_carea ocr_par ocr_line ocrx_word'/>
</head>
<body>
  <div class='ocr_page' id='page_1' title='image "./patrologiaecurs56unkngoog_0130.png"; bbox 0 0 3734 5948; ppageno 0'>
   <div class='ocr_carea' id='block_1_1' title="bbox 83 336 95 663">
    <p class='ocr_par' dir='ltr' id='par_1_1' title="bbox 83 336 95 707">
     <span class='ocr_line' id='line_1_1' title="bbox 83 336 95 663; baseline 0 -214"><span class='ocrx_word' id='word_1_1' title='bbox 83 336 95 663; x_wconf 52' lang='lat' dir='ltr'>ll</span> 
     </span>
    </p>
   </div>
   <div class='ocr_carea' id='block_1_2' title="bbox 139 100 1795 180">
    <p class='ocr_par' dir='ltr' id='par_1_2' title="bbox 139 100 1795 180">
     <span class='ocr_line' id='line_1_2' title="bbox 139 100 1795 180; baseline 0.003 -16"><span class='ocrx_word' id='word_1_2' title='bbox 139 100 192 155; x_wconf 64' lang='grc' dir='ltr'>Ἀθ</span> <span class='ocrx_word' id='word_1_3' title='bbox 640 108 680 166; x_wconf 78' lang='grc' dir='ltr'>ΙΝ</span> <span class='ocrx_word' id='word_1_4' title='bbox 695 108 1036 180; x_wconf 61' lang='lat' dir='ltr'>maeotidarum*</span> <span class='ocrx_word' id='word_1_5' title='bbox 1055 109 1175 169; x_wconf 66' lang='grc'><strong>881110</strong></span> <span class='ocrx_word' id='word_1_6' title='bbox 1195 109 1286 171; x_wconf 68' lang='lat' dir='ltr'>xvii.</span> <span class='ocrx_word' id='word_1_7' title='bbox 1741 112 1795 169; x_wconf 61' lang='grc' dir='ltr'>ὓ]</span> 
     </span>
    </p>
   </div>
   <div class='ocr_carea' id='block_1_3' title="bbox 138 223 1796 659">
    <p class='ocr_par' dir='ltr' id='par_1_3' title="bbox 138 223 1796 487">
     <span class='ocr_line' id='line_1_3' title="bbox 138 223 1796 325; baseline 0.008 -45"><span class='ocrx_word' id='word_1_8' title='bbox 138 223 234 296; x_wconf 78' lang='lat' dir='ltr'>Longe</span> <span class='ocrx_word' id='word_1_9' title='bbox 248 228 340 283; x_wconf 72' lang='lat' dir='ltr'>umen</span> <span class='ocrx_word' id='word_1_10' title='bbox 358 242 415 298; x_wconf 78' lang='lat' dir='ltr'>prm</span> <span class='ocrx_word' id='word_1_11' title='bbox 429 228 471 285; x_wconf 85' lang='lat' dir='ltr'>his</span> <span class='ocrx_word' id='word_1_12' title='bbox 489 231 615 288; x_wconf 89' lang='lat' dir='ltr'>omnibns</span> <span class='ocrx_word' id='word_1_13' title='bbox 633 232 802 289; x_wconf 81' lang='lat' dir='ltr'>felicissimus</span> <span class='ocrx_word' id='word_1_14' title='bbox 819 232 864 287; x_wconf 90' lang='lat' dir='ltr'>ille</span> <span class='ocrx_word' id='word_1_15' title='bbox 878 231 939 297; x_wconf 84' lang='lat' dir='ltr'>erit,</span> <span class='ocrx_word' id='word_1_16' title='bbox 958 246 982 325; x_wconf 64' lang='lat' dir='ltr'>q</span> <span class='ocrx_word' id='word_1_17' title='bbox 999 234 1087 304; x_wconf 89' lang='lat' dir='ltr'>capite</span> <span class='ocrx_word' id='word_1_18' title='bbox 1114 249 1164 290; x_wconf 93' lang='lat' dir='ltr'>suo</span> <span class='ocrx_word' id='word_1_19' title='bbox 1196 233 1295 291; x_wconf 84' lang='lat' dir='ltr'>factum</span> <span class='ocrx_word' id='word_1_20' title='bbox 1328 233 1449 292; x_wconf 82' lang='lat' dir='ltr'>recolant</span> <span class='ocrx_word' id='word_1_21' title='bbox 1480 233 1616 302; x_wconf 79' lang='lat' dir='ltr'>membra,</span> <span class='ocrx_word' id='word_1_22' title='bbox 1654 235 1727 309; x_wconf 87' lang='lat' dir='ltr'>qnod</span> <span class='ocrx_word' id='word_1_23' title='bbox 1764 236 1796 296; x_wconf 82' lang='lat' dir='ltr'>in</span> 
     </span>
     <span class='ocr_line' id='line_1_4' title="bbox 139 317 1795 395; baseline 0.008 -27"><span class='ocrx_word' id='word_1_24' title='bbox 139 328 222 384; x_wconf 90' lang='lat' dir='ltr'>quem</span> <span class='ocrx_word' id='word_1_25' title='bbox 236 317 417 387; x_wconf 84' lang='lat' dir='ltr'>assumpseris</span> <span class='ocrx_word' id='word_1_26' title='bbox 439 318 475 371; x_wconf 93' lang='lat' dir='ltr'>ad</span> <span class='ocrx_word' id='word_1_27' title='bbox 495 326 522 373; x_wconf 90' lang='lat' dir='ltr'>te</span> <span class='ocrx_word' id='word_1_28' title='bbox 540 319 638 390; x_wconf 90' lang='lat' dir='ltr'>ipsum,</span> <span class='ocrx_word' id='word_1_29' title='bbox 655 338 735 391; x_wconf 82' lang='lat' dir='ltr'>quem</span> <span class='ocrx_word' id='word_1_30' title='bbox 750 320 899 392; x_wconf 82' lang='lat' dir='ltr'>repleveris</span> <span class='ocrx_word' id='word_1_31' title='bbox 912 319 940 373; x_wconf 92' lang='lat' dir='ltr'>irr</span> <span class='ocrx_word' id='word_1_32' title='bbox 997 336 1027 376; x_wconf 87' lang='lat' dir='ltr'>sc</span> <span class='ocrx_word' id='word_1_33' title='bbox 1050 321 1115 392; x_wconf 89' lang='lat' dir='ltr'>ipsis</span> <span class='ocrx_word' id='word_1_34' title='bbox 1137 322 1326 393; x_wconf 71' lang='lat' dir='ltr'>prestolentur</span> <span class='ocrx_word' id='word_1_35' title='bbox 1350 323 1495 395; x_wconf 89' lang='lat' dir='ltr'>aliquando</span> <span class='ocrx_word' id='word_1_36' title='bbox 1527 322 1693 381; x_wconf 86' lang='lat' dir='ltr'>laciendum.</span> <span class='ocrx_word' id='word_1_37' title='bbox 1719 324 1795 381; x_wconf 88' lang='lat' dir='ltr'>Gon·</span> 
     </span>
     <span class='ocr_line' id='line_1_5' title="bbox 140 396 1794 487; baseline 0.006 -31"><span class='ocrx_word' id='word_1_38' title='bbox 140 400 325 459; x_wconf 87' lang='lat' dir='ltr'>bonisdomus</span> <span class='ocrx_word' id='word_1_39' title='bbox 340 414 402 470; x_wconf 80' lang='lat' dir='ltr'>tuae,</span> <span class='ocrx_word' id='word_1_40' title='bbox 414 413 442 460; x_wconf 88' lang='lat' dir='ltr'>et</span> <span class='ocrx_word' id='word_1_41' title='bbox 456 407 571 461; x_wconf 84' lang='lat' dir='ltr'>claritati</span> <span class='ocrx_word' id='word_1_42' title='bbox 580 417 632 463; x_wconf 79' lang='lat' dir='ltr'>tum</span> <span class='ocrx_word' id='word_1_43' title='bbox 646 409 937 465; x_wconf 83' lang='lat' dir='ltr'>conformaveriseum.</span> <span class='ocrx_word' id='word_1_44' title='bbox 995 426 1078 480; x_wconf 89' lang='lat' dir='ltr'>gruus</span> <span class='ocrx_word' id='word_1_45' title='bbox 1101 410 1161 465; x_wconf 86' lang='lat' dir='ltr'>linis</span> <span class='ocrx_word' id='word_1_46' title='bbox 1188 411 1294 478; x_wconf 84' lang='lat' dir='ltr'>Psalmi,</span> <span class='ocrx_word' id='word_1_47' title='bbox 1313 396 1371 467; x_wconf 81' lang='lat' dir='ltr'>¹rrbi</span> <span class='ocrx_word' id='word_1_48' title='bbox 1405 411 1531 482; x_wconf 72' lang='lat' dir='ltr'>psallenti</span> <span class='ocrx_word' id='word_1_49' title='bbox 1560 410 1622 468; x_wconf 88' lang='lat' dir='ltr'>linis</span> <span class='ocrx_word' id='word_1_50' title='bbox 1659 411 1794 487; x_wconf 76' lang='lat' dir='ltr'>promitti-</span> 
     </span>
    </p>

    <p class='ocr_par' dir='ltr' id='par_1_4' title="bbox 139 492 1794 659">
     <span class='ocr_line' id='line_1_6' title="bbox 174 492 1794 570; baseline 0.006 -24"><span class='ocrx_word' id='word_1_51' title='bbox 174 493 201 546; x_wconf 76' lang='grc' dir='ltr'><strong>ι.</strong></span> <span class='ocrx_word' id='word_1_52' title='bbox 219 492 352 559; x_wconf 79' lang='lat' dir='ltr'>Rtnunc,</span> <span class='ocrx_word' id='word_1_53' title='bbox 370 492 453 558; x_wconf 91' lang='lat' dir='ltr'>lilioli,</span> <span class='ocrx_word' id='word_1_54' title='bbox 478 495 626 552; x_wconf 86' lang='lat' dir='ltr'>clamemus</span> <span class='ocrx_word' id='word_1_55' title='bbox 641 497 668 551; x_wconf 94' lang='lat' dir='ltr'>in</span> <span class='ocrx_word' id='word_1_56' title='bbox 688 499 796 561; x_wconf 73' lang='lat' dir='ltr'>crelam,</span> <span class='ocrx_word' id='word_1_57' title='bbox 814 503 843 552; x_wconf 88' lang='lat' dir='ltr'>ct</span> <span class='ocrx_word' id='word_1_58' title='bbox 856 496 939 551; x_wconf 89' lang='lat' dir='ltr'>mise·</span> <span class='ocrx_word' id='word_1_59' title='bbox 995 506 1037 551; x_wconf 91' lang='lat' dir='ltr'>tur</span> <span class='ocrx_word' id='word_1_60' title='bbox 1061 505 1113 552; x_wconf 90' lang='lat' dir='ltr'>tam</span> <span class='ocrx_word' id='word_1_61' title='bbox 1138 499 1242 553; x_wconf 90' lang='lat' dir='ltr'>beatus.</span> <span class='ocrx_word' id='word_1_62' title='bbox 1276 499 1400 555; x_wconf 83' lang='lat' dir='ltr'>Jucnndc</span> <span class='ocrx_word' id='word_1_63' title='bbox 1438 500 1600 570; x_wconf 88' lang='lat' dir='ltr'>completur,</span> <span class='ocrx_word' id='word_1_64' title='bbox 1622 500 1686 556; x_wconf 89' lang='lat' dir='ltr'>dnm</span> <span class='ocrx_word' id='word_1_65' title='bbox 1706 501 1734 556; x_wconf 93' lang='lat' dir='ltr'>in</span> <span class='ocrx_word' id='word_1_66' title='bbox 1759 516 1794 558; x_wconf 91' lang='lat' dir='ltr'>eo</span> 
     </span>
     <span class='ocr_line' id='line_1_7' title="bbox 139 579 1791 659; baseline 0.007 -27"><span class='ocrx_word' id='word_1_67' title='bbox 139 579 247 635; x_wconf 78' lang='lat' dir='ltr'>rebitur</span> <span class='ocrx_word' id='word_1_68' title='bbox 274 581 359 636; x_wconf 91' lang='lat' dir='ltr'>nostri</span> <span class='ocrx_word' id='word_1_69' title='bbox 389 584 464 638; x_wconf 86' lang='lat' dir='ltr'>Deus</span> <span class='ocrx_word' id='word_1_70' title='bbox 490 593 591 641; x_wconf 81' lang='lat' dir='ltr'>noster.</span> <span class='ocrx_word' id='word_1_71' title='bbox 613 586 764 641; x_wconf 88' lang='lat' dir='ltr'>Clamemus</span> <span class='ocrx_word' id='word_1_72' title='bbox 782 585 810 640; x_wconf 91' lang='lat' dir='ltr'>in</span> <span class='ocrx_word' id='word_1_73' title='bbox 829 584 937 649; x_wconf 89' lang='lat' dir='ltr'>coelum,</span> <span class='ocrx_word' id='word_1_74' title='bbox 991 586 1140 654; x_wconf 90' lang='lat' dir='ltr'>spondetur</span> <span class='ocrx_word' id='word_1_75' title='bbox 1162 586 1277 657; x_wconf 74' lang='lat' dir='ltr'>repletio</span> <span class='ocrx_word' id='word_1_76' title='bbox 1303 595 1357 642; x_wconf 87' lang='lat' dir='ltr'>tam</span> <span class='ocrx_word' id='word_1_77' title='bbox 1379 587 1507 657; x_wconf 83' lang='lat' dir='ltr'>jucunda.</span> <span class='ocrx_word' id='word_1_78' title='bbox 1523 589 1722 659; x_wconf 64' lang='lat' dir='ltr'>magitudine,</span> <span class='ocrx_word' id='word_1_79' title='bbox 1745 590 1791 644; x_wconf 94' lang='lat' dir='ltr'>irr-</span> 
     </span>
    </p>
   </div>
   <div class='ocr_carea' id='block_1_4' title="bbox 138 667 939 1542">
    <p class='ocr_par' dir='ltr' id='par_1_5' title="bbox 138 667 939 1542">
     <span class='ocr_line' id='line_1_8' title="bbox 138 667 939 740; baseline 0.006 -18"><span class='ocrx_word' id='word_1_80' title='bbox 138 667 204 739; x_wconf 88' lang='lat' dir='ltr'>quia</span> <span class='ocrx_word' id='word_1_81' title='bbox 228 668 279 723; x_wconf 88' lang='lat' dir='ltr'>sulr</span> <span class='ocrx_word' id='word_1_82' title='bbox 301 671 372 725; x_wconf 83' lang='lat' dir='ltr'>crelo</span> <span class='ocrx_word' id='word_1_83' title='bbox 391 671 483 726; x_wconf 92' lang='lat' dir='ltr'>omnia</span> <span class='ocrx_word' id='word_1_84' title='bbox 502 672 580 728; x_wconf 90' lang='lat' dir='ltr'>labor</span> <span class='ocrx_word' id='word_1_85' title='bbox 594 684 621 728; x_wconf 88' lang='lat' dir='ltr'>et</span> <span class='ocrx_word' id='word_1_86' title='bbox 636 674 723 739; x_wconf 89' lang='lat' dir='ltr'>dolor,</span> <span class='ocrx_word' id='word_1_87' title='bbox 739 682 767 728; x_wconf 91' lang='lat' dir='ltr'>et</span> <span class='ocrx_word' id='word_1_88' title='bbox 780 672 894 740; x_wconf 86' lang='lat' dir='ltr'>vanites,</span> <span class='ocrx_word' id='word_1_89' title='bbox 911 681 939 728; x_wconf 91' lang='lat' dir='ltr'>et</span> 
     </span>
     <span class='ocr_line' id='line_1_9' title="bbox 138 754 938 832; baseline 0.009 -23"><span class='ocrx_word' id='word_1_90' title='bbox 138 754 251 812; x_wconf 80' lang='lat' dir='ltr'>afflietio</span> <span class='ocrx_word' id='word_1_91' title='bbox 266 757 389 829; x_wconf 90' lang='lat' dir='ltr'>spiritns.</span> <span class='ocrx_word' id='word_1_92' title='bbox 413 760 535 831; x_wconf 85' lang='lat' dir='ltr'>Denique</span> <span class='ocrx_word' id='word_1_93' title='bbox 549 778 662 832; x_wconf 84' lang='lat' dir='ltr'>pravum</span> <span class='ocrx_word' id='word_1_94' title='bbox 686 770 729 817; x_wconf 92' lang='lat' dir='ltr'>est</span> <span class='ocrx_word' id='word_1_95' title='bbox 749 776 797 817; x_wconf 85' lang='lat' dir='ltr'>eor</span> <span class='ocrx_word' id='word_1_96' title='bbox 822 761 938 817; x_wconf 87' lang='lat' dir='ltr'>bominis</span> 
     </span>
     <span class='ocr_line' id='line_1_10' title="bbox 138 845 939 922; baseline 0.006 -23"><span class='ocrx_word' id='word_1_97' title='bbox 138 852 164 899; x_wconf 88' lang='lat' dir='ltr'>et</span> <span class='ocrx_word' id='word_1_98' title='bbox 190 845 425 916; x_wconf 83' lang='lat' dir='ltr'>imperscrutabile</span> <span class='ocrx_word' id='word_1_99' title='bbox 449 851 560 917; x_wconf 72' lang='lat' dir='ltr'>(jerem.</span> <span class='ocrx_word' id='word_1_100' title='bbox 583 866 654 920; x_wconf 86' lang='lat' dir='ltr'>xvrr,</span> <span class='ocrx_word' id='word_1_101' title='bbox 679 851 714 919; x_wconf 85' lang='grc'>9),</span> <span class='ocrx_word' id='word_1_102' title='bbox 735 850 813 922; x_wconf 91' lang='lat' dir='ltr'>proni</span> <span class='ocrx_word' id='word_1_103' title='bbox 841 865 939 906; x_wconf 85' lang='lat' dir='ltr'>sensus</span> 
     </span>
     <span class='ocr_line' id='line_1_11' title="bbox 138 933 937 1005; baseline 0.006 -18"><span class='ocrx_word' id='word_1_104' title='bbox 138 934 200 1002; x_wconf 79' lang='lat' dir='ltr'>ejus</span> <span class='ocrx_word' id='word_1_105' title='bbox 219 933 247 988; x_wconf 91' lang='lat' dir='ltr'>in</span> <span class='ocrx_word' id='word_1_106' title='bbox 270 934 379 990; x_wconf 87' lang='lat' dir='ltr'>malum.</span> <span class='ocrx_word' id='word_1_107' title='bbox 406 938 466 992; x_wconf 90' lang='lat' dir='ltr'>Non</span> <span class='ocrx_word' id='word_1_108' title='bbox 483 949 524 993; x_wconf 90' lang='lat' dir='ltr'>est</span> <span class='ocrx_word' id='word_1_109' title='bbox 538 939 567 993; x_wconf 92' lang='lat' dir='ltr'>in</span> <span class='ocrx_word' id='word_1_110' title='bbox 582 955 625 994; x_wconf 87' lang='lat' dir='ltr'>ure</span> <span class='ocrx_word' id='word_1_111' title='bbox 645 941 757 1005; x_wconf 89' lang='lat' dir='ltr'>bonum,</span> <span class='ocrx_word' id='word_1_112' title='bbox 772 939 824 996; x_wconf 91' lang='lat' dir='ltr'>lroc</span> <span class='ocrx_word' id='word_1_113' title='bbox 847 945 888 994; x_wconf 88' lang='lat' dir='ltr'>est</span> <span class='ocrx_word' id='word_1_114' title='bbox 908 939 937 992; x_wconf 93' lang='lat' dir='ltr'>in</span> 
     </span>
     <span class='ocr_line' id='line_1_12' title="bbox 138 1024 938 1097; baseline 0.006 -21"><span class='ocrx_word' id='word_1_115' title='bbox 138 1037 222 1077; x_wconf 82' lang='lat' dir='ltr'>cerne</span> <span class='ocrx_word' id='word_1_116' title='bbox 237 1039 309 1078; x_wconf 74' lang='lat' dir='ltr'>mea·</span> <span class='ocrx_word' id='word_1_117' title='bbox 324 1024 379 1080; x_wconf 87' lang='lat' dir='ltr'>Lex</span> <span class='ocrx_word' id='word_1_118' title='bbox 394 1025 499 1096; x_wconf 88' lang='lat' dir='ltr'>peccati</span> <span class='ocrx_word' id='word_1_119' title='bbox 513 1026 540 1081; x_wconf 92' lang='lat' dir='ltr'>irr</span> <span class='ocrx_word' id='word_1_120' title='bbox 555 1043 588 1081; x_wconf 90' lang='lat' dir='ltr'>ea</span> <span class='ocrx_word' id='word_1_121' title='bbox 606 1029 718 1097; x_wconf 88' lang='lat' dir='ltr'>habitat,</span> <span class='ocrx_word' id='word_1_122' title='bbox 733 1028 864 1084; x_wconf 87' lang='lat' dir='ltr'>adversus</span> <span class='ocrx_word' id='word_1_123' title='bbox 882 1026 938 1097; x_wconf 91' lang='lat' dir='ltr'>spi-</span> 
     </span>
     <span class='ocr_line' id='line_1_13' title="bbox 139 1111 937 1187; baseline 0.008 -24"><span class='ocrx_word' id='word_1_124' title='bbox 139 1111 221 1164; x_wconf 92' lang='lat' dir='ltr'>ritum</span> <span class='ocrx_word' id='word_1_125' title='bbox 235 1112 412 1182; x_wconf 86' lang='lat' dir='ltr'>concupiscit.</span> <span class='ocrx_word' id='word_1_126' title='bbox 429 1115 569 1170; x_wconf 89' lang='lat' dir='ltr'>Postremo</span> <span class='ocrx_word' id='word_1_127' title='bbox 584 1126 612 1170; x_wconf 85' lang='lat' dir='ltr'>ot</span> <span class='ocrx_word' id='word_1_128' title='bbox 626 1132 776 1173; x_wconf 90' lang='lat' dir='ltr'>cormeum</span> <span class='ocrx_word' id='word_1_129' title='bbox 791 1115 937 1187; x_wconf 88' lang='lat' dir='ltr'>dereliquit</span> 
     </span>
     <span class='ocr_line' id='line_1_14' title="bbox 138 1202 935 1276; baseline 0.008 -25"><span class='ocrx_word' id='word_1_130' title='bbox 138 1214 193 1266; x_wconf 85' lang='lat' dir='ltr'>me,</span> <span class='ocrx_word' id='word_1_131' title='bbox 210 1206 239 1254; x_wconf 88' lang='lat' dir='ltr'>et</span> <span class='ocrx_word' id='word_1_132' title='bbox 257 1215 357 1271; x_wconf 89' lang='lat' dir='ltr'>corpus</span> <span class='ocrx_word' id='word_1_133' title='bbox 370 1210 505 1258; x_wconf 90' lang='lat' dir='ltr'>mortuum</span> <span class='ocrx_word' id='word_1_134' title='bbox 520 1213 561 1259; x_wconf 89' lang='lat' dir='ltr'>est</span> <span class='ocrx_word' id='word_1_135' title='bbox 576 1214 687 1275; x_wconf 89' lang='lat' dir='ltr'>propter</span> <span class='ocrx_word' id='word_1_136' title='bbox 703 1214 854 1276; x_wconf 88' lang='lat' dir='ltr'>peccatum.</span> <span class='ocrx_word' id='word_1_137' title='bbox 871 1202 935 1260; x_wconf 86' lang='lat' dir='ltr'>Sui·</span> 
     </span>
     <span class='ocr_line' id='line_1_15' title="bbox 138 1287 937 1362; baseline 0.009 -22"><span class='ocrx_word' id='word_1_138' title='bbox 138 1287 196 1342; x_wconf 87' lang='lat' dir='ltr'>licit</span> <span class='ocrx_word' id='word_1_139' title='bbox 214 1295 307 1342; x_wconf 89' lang='lat' dir='ltr'>autem</span> <span class='ocrx_word' id='word_1_140' title='bbox 320 1289 374 1344; x_wconf 91' lang='lat' dir='ltr'>diei</span> <span class='ocrx_word' id='word_1_141' title='bbox 389 1305 499 1362; x_wconf 90' lang='lat' dir='ltr'>quoque</span> <span class='ocrx_word' id='word_1_142' title='bbox 514 1292 617 1346; x_wconf 89' lang='lat' dir='ltr'>malitia</span> <span class='ocrx_word' id='word_1_143' title='bbox 636 1308 696 1362; x_wconf 76' lang='lat' dir='ltr'>sua,</span> <span class='ocrx_word' id='word_1_144' title='bbox 715 1304 744 1348; x_wconf 88' lang='lat' dir='ltr'>et</span> <span class='ocrx_word' id='word_1_145' title='bbox 762 1301 804 1349; x_wconf 87' lang='lat' dir='ltr'>est</span> <span class='ocrx_word' id='word_1_146' title='bbox 819 1293 937 1347; x_wconf 89' lang='lat' dir='ltr'>mundns</span> 
     </span>
     <span class='ocr_line' id='line_1_16' title="bbox 138 1375 936 1454; baseline 0.01 -26"><span class='ocrx_word' id='word_1_147' title='bbox 138 1375 199 1446; x_wconf 89' lang='lat' dir='ltr'>ipse</span> <span class='ocrx_word' id='word_1_148' title='bbox 213 1375 320 1446; x_wconf 91' lang='lat' dir='ltr'>positus</span> <span class='ocrx_word' id='word_1_149' title='bbox 340 1377 368 1431; x_wconf 92' lang='lat' dir='ltr'>irr</span> <span class='ocrx_word' id='word_1_150' title='bbox 388 1379 515 1451; x_wconf 84' lang='lat' dir='ltr'>maligno.</span> <span class='ocrx_word' id='word_1_151' title='bbox 532 1383 618 1447; x_wconf 81' lang='lat' dir='ltr'>Quam</span> <span class='ocrx_word' id='word_1_152' title='bbox 634 1397 752 1454; x_wconf 87' lang='lat' dir='ltr'>nequam</span> <span class='ocrx_word' id='word_1_153' title='bbox 768 1381 796 1436; x_wconf 93' lang='lat' dir='ltr'>in</span> <span class='ocrx_word' id='word_1_154' title='bbox 810 1381 936 1438; x_wconf 88' lang='lat' dir='ltr'>omnibus</span> 
     </span>
     <span class='ocr_line' id='line_1_17' title="bbox 138 1463 934 1542; baseline 0.009 -23"><span class='ocrx_word' id='word_1_155' title='bbox 138 1463 268 1519; x_wconf 70' lang='lat' dir='ltr'>saeculum</span> <span class='ocrx_word' id='word_1_156' title='bbox 282 1468 417 1537; x_wconf 82' lang='lat' dir='ltr'>praesensl</span> <span class='ocrx_word' id='word_1_157' title='bbox 436 1484 517 1538; x_wconf 91' lang='lat' dir='ltr'>quam</span> <span class='ocrx_word' id='word_1_158' title='bbox 533 1469 659 1542; x_wconf 88' lang='lat' dir='ltr'>nequiter</span> <span class='ocrx_word' id='word_1_159' title='bbox 672 1471 802 1527; x_wconf 88' lang='lat' dir='ltr'>adversus</span> <span class='ocrx_word' id='word_1_160' title='bbox 817 1469 934 1526; x_wconf 86' lang='lat' dir='ltr'>animam</span> 
     </span>
    </p>
   </div>
   <div class='ocr_carea' id='block_1_5' title="bbox 989 673 1794 1540">
    <p class='ocr_par' dir='ltr' id='par_1_6' title="bbox 989 673 1794 1540">
     <span class='ocr_line' id='line_1_18' title="bbox 993 673 1794 746; baseline 0.009 -19"><span class='ocrx_word' id='word_1_161' title='bbox 993 673 1059 743; x_wconf 92' lang='lat' dir='ltr'>quit,</span> <span class='ocrx_word' id='word_1_162' title='bbox 1070 674 1180 730; x_wconf 75' lang='lat' dir='ltr'>dierum</span> <span class='ocrx_word' id='word_1_163' title='bbox 1192 675 1300 746; x_wconf 83' lang='lat' dir='ltr'>replebo</span> <span class='ocrx_word' id='word_1_164' title='bbox 1315 691 1390 740; x_wconf 83' lang='lat' dir='ltr'>eom,</span> <span class='ocrx_word' id='word_1_165' title='bbox 1407 682 1433 732; x_wconf 84' lang='lat' dir='ltr'>et</span> <span class='ocrx_word' id='word_1_166' title='bbox 1443 677 1589 732; x_wconf 78' lang='lat' dir='ltr'>ostendam</span> <span class='ocrx_word' id='word_1_167' title='bbox 1603 678 1649 734; x_wconf 82' lang='lat' dir='ltr'>ittt</span> <span class='ocrx_word' id='word_1_168' title='bbox 1663 679 1794 734; x_wconf 79' lang='lat' dir='ltr'>solutore</span> 
     </span>
     <span class='ocr_line' id='line_1_19' title="bbox 993 761 1790 837; baseline 0.008 -25"><span class='ocrx_word' id='word_1_169' title='bbox 993 778 1095 818; x_wconf 66' lang='lat' dir='ltr'>arreum.</span> <span class='ocrx_word' id='word_1_170' title='bbox 1116 761 1221 833; x_wconf 76' lang='lat' dir='ltr'>Saepius</span> <span class='ocrx_word' id='word_1_171' title='bbox 1245 777 1293 817; x_wconf 90' lang='lat' dir='ltr'>vos</span> <span class='ocrx_word' id='word_1_172' title='bbox 1312 762 1457 831; x_wconf 86' lang='lat' dir='ltr'>admoneo,</span> <span class='ocrx_word' id='word_1_173' title='bbox 1484 763 1592 831; x_wconf 85' lang='lat' dir='ltr'>tratres,</span> <span class='ocrx_word' id='word_1_174' title='bbox 1618 763 1693 837; x_wconf 92' lang='lat' dir='ltr'>quod</span> <span class='ocrx_word' id='word_1_175' title='bbox 1712 765 1790 834; x_wconf 73' lang='lat' dir='ltr'>iuxta</span> 
     </span>
     <span class='ocr_line' id='line_1_20' title="bbox 992 849 1789 926; baseline 0.009 -24"><span class='ocrx_word' id='word_1_176' title='bbox 992 849 1065 903; x_wconf 89' lang='lat' dir='ltr'>Pauli</span> <span class='ocrx_word' id='word_1_177' title='bbox 1082 850 1256 922; x_wconf 85' lang='lat' dir='ltr'>sententiam,</span> <span class='ocrx_word' id='word_1_178' title='bbox 1268 854 1485 923; x_wconf 77' lang='lat' dir='ltr'>promissio-nam</span> <span class='ocrx_word' id='word_1_179' title='bbox 1499 852 1601 909; x_wconf 85' lang='lat' dir='ltr'>babeat</span> <span class='ocrx_word' id='word_1_180' title='bbox 1615 855 1708 926; x_wconf 84' lang='lat' dir='ltr'>pietas</span> <span class='ocrx_word' id='word_1_181' title='bbox 1722 855 1789 911; x_wconf 83' lang='lat' dir='ltr'>oitoe</span> 
     </span>
     <span class='ocr_line' id='line_1_21' title="bbox 991 939 1785 1011; baseline 0.004 -19"><span class='ocrx_word' id='word_1_182' title='bbox 991 939 1050 1006; x_wconf 82' lang='lat' dir='ltr'>rjus</span> <span class='ocrx_word' id='word_1_183' title='bbox 1065 955 1127 1009; x_wconf 72' lang='lat' dir='ltr'>qnae</span> <span class='ocrx_word' id='word_1_184' title='bbox 1137 955 1212 994; x_wconf 80' lang='lat' dir='ltr'>nune</span> <span class='ocrx_word' id='word_1_185' title='bbox 1226 943 1278 1004; x_wconf 84' lang='lat' dir='ltr'>est,</span> <span class='ocrx_word' id='word_1_186' title='bbox 1294 942 1404 1008; x_wconf 84' lang='lat' dir='ltr'>pariter</span> <span class='ocrx_word' id='word_1_187' title='bbox 1418 945 1445 996; x_wconf 87' lang='lat' dir='ltr'>et</span> <span class='ocrx_word' id='word_1_188' title='bbox 1460 941 1605 1011; x_wconf 75' lang='lat' dir='ltr'>soturoell</span> <span class='ocrx_word' id='word_1_189' title='bbox 1621 944 1688 998; x_wconf 83' lang='lat' dir='ltr'>Tim.</span> <span class='ocrx_word' id='word_1_190' title='bbox 1699 942 1785 1009; x_wconf 80' lang='lat' dir='ltr'>rv,8).</span> 
     </span>
     <span class='ocr_line' id='line_1_22' title="bbox 992 1024 1787 1101; baseline 0.01 -23"><span class='ocrx_word' id='word_1_191' title='bbox 992 1024 1067 1081; x_wconf 89' lang='lat' dir='ltr'>Unde</span> <span class='ocrx_word' id='word_1_192' title='bbox 1082 1036 1110 1081; x_wconf 89' lang='lat' dir='ltr'>et</span> <span class='ocrx_word' id='word_1_193' title='bbox 1121 1026 1193 1082; x_wconf 92' lang='lat' dir='ltr'>idem</span> <span class='ocrx_word' id='word_1_194' title='bbox 1202 1026 1253 1081; x_wconf 87' lang='lat' dir='ltr'>ait:</span> <span class='ocrx_word' id='word_1_195' title='bbox 1269 1028 1380 1083; x_wconf 82' lang='lat' dir='ltr'>Habetis</span> <span class='ocrx_word' id='word_1_196' title='bbox 1390 1027 1586 1101; x_wconf 75' lang='lat' dir='ltr'>oonaqmdem</span> <span class='ocrx_word' id='word_1_197' title='bbox 1600 1031 1787 1100; x_wconf 72' lang='lat' dir='ltr'>fractumve·</span> 
     </span>
     <span class='ocr_line' id='line_1_23' title="bbox 989 1115 1789 1185; baseline 0.011 -20"><span class='ocrx_word' id='word_1_198' title='bbox 989 1115 1789 1185; x_wconf 78' lang='lat' dir='ltr'>rtrumiosnnctificotioocrrr,firrcmocrooitnmcetcmom</span> 
     </span>
     <span class='ocr_line' id='line_1_24' title="bbox 989 1201 1786 1275; baseline 0.001 -17"><span class='ocrx_word' id='word_1_199' title='bbox 989 1203 1079 1273; x_wconf 80' lang='lat' dir='ltr'>(Rern.</span> <span class='ocrx_word' id='word_1_200' title='bbox 1096 1218 1132 1257; x_wconf 87' lang='lat' dir='ltr'>vr.</span> <span class='ocrx_word' id='word_1_201' title='bbox 1146 1202 1266 1273; x_wconf 77' lang='lat' dir='ltr'>itt).lpsa</span> <span class='ocrx_word' id='word_1_202' title='bbox 1280 1210 1322 1258; x_wconf 91' lang='lat' dir='ltr'>est</span> <span class='ocrx_word' id='word_1_203' title='bbox 1335 1220 1396 1274; x_wconf 75' lang='lat' dir='ltr'>anc</span> <span class='ocrx_word' id='word_1_204' title='bbox 1411 1201 1464 1258; x_wconf 86' lang='lat' dir='ltr'>boc</span> <span class='ocrx_word' id='word_1_205' title='bbox 1477 1203 1537 1259; x_wconf 89' lang='lat' dir='ltr'>loco</span> <span class='ocrx_word' id='word_1_206' title='bbox 1549 1203 1716 1274; x_wconf 84' lang='lat' dir='ltr'>promittitur</span> <span class='ocrx_word' id='word_1_207' title='bbox 1730 1201 1786 1275; x_wconf 76' lang='lat' dir='ltr'>ple</span> 
     </span>
     <span class='ocr_line' id='line_1_25' title="bbox 990 1289 1787 1363; baseline 0.004 -18"><span class='ocrx_word' id='word_1_208' title='bbox 990 1289 1093 1360; x_wconf 89' lang='lat' dir='ltr'>nitudo,</span> <span class='ocrx_word' id='word_1_209' title='bbox 1113 1290 1172 1362; x_wconf 90' lang='lat' dir='ltr'>ipsa</span> <span class='ocrx_word' id='word_1_210' title='bbox 1190 1291 1330 1363; x_wconf 82' lang='lat' dir='ltr'>longitudo</span> <span class='ocrx_word' id='word_1_211' title='bbox 1348 1291 1463 1348; x_wconf 89' lang='lat' dir='ltr'>dierum.</span> <span class='ocrx_word' id='word_1_212' title='bbox 1480 1289 1551 1358; x_wconf 86' lang='lat' dir='ltr'>Quid</span> <span class='ocrx_word' id='word_1_213' title='bbox 1570 1292 1642 1348; x_wconf 88' lang='lat' dir='ltr'>enim</span> <span class='ocrx_word' id='word_1_214' title='bbox 1659 1302 1713 1348; x_wconf 89' lang='lat' dir='ltr'>tanr</span> <span class='ocrx_word' id='word_1_215' title='bbox 1727 1291 1787 1349; x_wconf 94' lang='lat' dir='ltr'>lon·</span> 
     </span>
     <span class='ocr_line' id='line_1_26' title="bbox 989 1378 1787 1452; baseline 0.004 -20"><span class='ocrx_word' id='word_1_216' title='bbox 989 1395 1065 1450; x_wconf 91' lang='lat' dir='ltr'>gum,</span> <span class='ocrx_word' id='word_1_217' title='bbox 1088 1395 1168 1451; x_wconf 89' lang='lat' dir='ltr'>quam</span> <span class='ocrx_word' id='word_1_218' title='bbox 1188 1380 1261 1451; x_wconf 92' lang='lat' dir='ltr'>quod</span> <span class='ocrx_word' id='word_1_219' title='bbox 1284 1388 1417 1436; x_wconf 80' lang='lat' dir='ltr'>mtemum</span> <span class='ocrx_word' id='word_1_220' title='bbox 1431 1379 1493 1436; x_wconf 78' lang='lat' dir='ltr'>esti</span> <span class='ocrx_word' id='word_1_221' title='bbox 1515 1380 1581 1452; x_wconf 91' lang='lat' dir='ltr'>qnid</span> <span class='ocrx_word' id='word_1_222' title='bbox 1596 1387 1649 1436; x_wconf 89' lang='lat' dir='ltr'>tam</span> <span class='ocrx_word' id='word_1_223' title='bbox 1665 1378 1787 1451; x_wconf 90' lang='lat' dir='ltr'>longum,</span> 
     </span>
     <span class='ocr_line' id='line_1_27' title="bbox 991 1466 1789 1540; baseline 0.001 -18"><span class='ocrx_word' id='word_1_224' title='bbox 991 1483 1072 1538; x_wconf 89' lang='lat' dir='ltr'>quam</span> <span class='ocrx_word' id='word_1_225' title='bbox 1099 1467 1172 1540; x_wconf 92' lang='lat' dir='ltr'>quod</span> <span class='ocrx_word' id='word_1_226' title='bbox 1198 1467 1272 1525; x_wconf 89' lang='lat' dir='ltr'>nullo</span> <span class='ocrx_word' id='word_1_227' title='bbox 1304 1466 1476 1540; x_wconf 79' lang='lat' dir='ltr'>praecidituri</span> <span class='ocrx_word' id='word_1_228' title='bbox 1505 1468 1596 1524; x_wconf 86' lang='lat' dir='ltr'>Bonus</span> <span class='ocrx_word' id='word_1_229' title='bbox 1629 1467 1701 1537; x_wconf 90' lang='lat' dir='ltr'>linis,</span> <span class='ocrx_word' id='word_1_230' title='bbox 1734 1468 1789 1523; x_wconf 87' lang='lat' dir='ltr'>vite</span> 
     </span>
    </p>
   </div>
   <div class='ocr_carea' id='block_1_6' title="bbox 137 1547 1789 1630">
    <p class='ocr_par' dir='ltr' id='par_1_7' title="bbox 137 1547 1789 1630">
     <span class='ocr_line' id='line_1_28' title="bbox 137 1547 1789 1630; baseline 0.005 -25"><span class='ocrx_word' id='word_1_231' title='bbox 137 1553 279 1608; x_wconf 72' lang='lat' dir='ltr'>secularia</span> <span class='ocrx_word' id='word_1_232' title='bbox 303 1553 440 1611; x_wconf 88' lang='lat' dir='ltr'>desideria</span> <span class='ocrx_word' id='word_1_233' title='bbox 469 1557 583 1614; x_wconf 88' lang='lat' dir='ltr'>militare</span> <span class='ocrx_word' id='word_1_234' title='bbox 618 1562 779 1615; x_wconf 87' lang='lat' dir='ltr'>noscuntur!</span> <span class='ocrx_word' id='word_1_235' title='bbox 811 1560 880 1616; x_wconf 91' lang='lat' dir='ltr'>Sunt</span> <span class='ocrx_word' id='word_1_236' title='bbox 908 1568 936 1615; x_wconf 91' lang='lat' dir='ltr'>et</span> <span class='ocrx_word' id='word_1_237' title='bbox 952 1547 975 1624; x_wconf 75' lang='lat' dir='ltr'>B</span> <span class='ocrx_word' id='word_1_238' title='bbox 990 1563 1105 1626; x_wconf 73' lang='lat' dir='ltr'>aeterna3</span> <span class='ocrx_word' id='word_1_239' title='bbox 1127 1556 1214 1612; x_wconf 91' lang='lat' dir='ltr'>bonus</span> <span class='ocrx_word' id='word_1_240' title='bbox 1234 1556 1304 1624; x_wconf 82' lang='lat' dir='ltr'>finis,</span> <span class='ocrx_word' id='word_1_241' title='bbox 1320 1557 1366 1630; x_wconf 92' lang='lat' dir='ltr'>qni</span> <span class='ocrx_word' id='word_1_242' title='bbox 1388 1555 1471 1613; x_wconf 90' lang='lat' dir='ltr'>sruem</span> <span class='ocrx_word' id='word_1_243' title='bbox 1487 1571 1540 1612; x_wconf 91' lang='lat' dir='ltr'>non</span> <span class='ocrx_word' id='word_1_244' title='bbox 1561 1557 1654 1613; x_wconf 88' lang='lat' dir='ltr'>habet.</span> <span class='ocrx_word' id='word_1_245' title='bbox 1672 1556 1708 1611; x_wconf 86' lang='lat' dir='ltr'>Et</span> <span class='ocrx_word' id='word_1_246' title='bbox 1721 1572 1789 1613; x_wconf 86' lang='lat' dir='ltr'>sane</span> 
     </span>
    </p>
   </div>
   <div class='ocr_carea' id='block_1_7' title="bbox 132 1640 936 2778">
    <p class='ocr_par' dir='ltr' id='par_1_8' title="bbox 132 1640 936 2778">
     <span class='ocr_line' id='line_1_29' title="bbox 137 1640 936 1719; baseline 0.006 -24"><span class='ocrx_word' id='word_1_247' title='bbox 137 1640 277 1712; x_wconf 80' lang='lat' dir='ltr'>principes</span> <span class='ocrx_word' id='word_1_248' title='bbox 291 1642 383 1698; x_wconf 90' lang='lat' dir='ltr'>mnndi</span> <span class='ocrx_word' id='word_1_249' title='bbox 395 1645 485 1713; x_wconf 87' lang='lat' dir='ltr'>lrnjrrs,</span> <span class='ocrx_word' id='word_1_250' title='bbox 499 1646 674 1702; x_wconf 84' lang='lat' dir='ltr'>tenebrarum</span> <span class='ocrx_word' id='word_1_251' title='bbox 693 1649 797 1714; x_wconf 90' lang='lat' dir='ltr'>lrarnm,</span> <span class='ocrx_word' id='word_1_252' title='bbox 810 1647 936 1719; x_wconf 91' lang='lat' dir='ltr'>spiritua·</span> 
     </span>
     <span class='ocr_line' id='line_1_30' title="bbox 135 1729 936 1804; baseline 0.009 -21"><span class='ocrx_word' id='word_1_253' title='bbox 135 1729 176 1784; x_wconf 90' lang='lat' dir='ltr'>les</span> <span class='ocrx_word' id='word_1_254' title='bbox 190 1729 321 1803; x_wconf 64' lang='lat' dir='ltr'>nequitiae</span> <span class='ocrx_word' id='word_1_255' title='bbox 336 1747 386 1787; x_wconf 89' lang='lat' dir='ltr'>nec</span> <span class='ocrx_word' id='word_1_256' title='bbox 401 1748 489 1788; x_wconf 83' lang='lat' dir='ltr'>aoreae</span> <span class='ocrx_word' id='word_1_257' title='bbox 505 1742 664 1804; x_wconf 87' lang='lat' dir='ltr'>potestates,</span> <span class='ocrx_word' id='word_1_258' title='bbox 680 1743 707 1791; x_wconf 92' lang='lat' dir='ltr'>ot</span> <span class='ocrx_word' id='word_1_259' title='bbox 721 1735 792 1792; x_wconf 91' lang='lat' dir='ltr'>inter</span> <span class='ocrx_word' id='word_1_260' title='bbox 806 1751 852 1792; x_wconf 90' lang='lat' dir='ltr'>eas</span> <span class='ocrx_word' id='word_1_261' title='bbox 864 1734 936 1790; x_wconf 89' lang='lat' dir='ltr'>calli-</span> 
     </span>
     <span class='ocr_line' id='line_1_31' title="bbox 135 1816 934 1895; baseline 0.009 -24"><span class='ocrx_word' id='word_1_262' title='bbox 135 1816 197 1873; x_wconf 90' lang='lat' dir='ltr'>dior</span> <span class='ocrx_word' id='word_1_263' title='bbox 215 1819 320 1873; x_wconf 86' lang='lat' dir='ltr'>cunetis</span> <span class='ocrx_word' id='word_1_264' title='bbox 345 1819 528 1876; x_wconf 88' lang='lat' dir='ltr'>animantibus</span> <span class='ocrx_word' id='word_1_265' title='bbox 555 1840 679 1894; x_wconf 88' lang='lat' dir='ltr'>serpens.</span> <span class='ocrx_word' id='word_1_266' title='bbox 704 1826 766 1879; x_wconf 82' lang='lat' dir='ltr'>llaec</span> <span class='ocrx_word' id='word_1_267' title='bbox 790 1840 856 1895; x_wconf 87' lang='lat' dir='ltr'>crgo</span> <span class='ocrx_word' id='word_1_268' title='bbox 884 1824 934 1878; x_wconf 92' lang='lat' dir='ltr'>snb</span> 
     </span>
     <span class='ocr_line' id='line_1_32' title="bbox 135 1905 933 1984; baseline 0.01 -25"><span class='ocrx_word' id='word_1_269' title='bbox 135 1905 194 1960; x_wconf 90' lang='lat' dir='ltr'>sole</span> <span class='ocrx_word' id='word_1_270' title='bbox 217 1907 324 1962; x_wconf 89' lang='lat' dir='ltr'>omnia:</span> <span class='ocrx_word' id='word_1_271' title='bbox 336 1908 394 1964; x_wconf 79' lang='lat' dir='ltr'>brec</span> <span class='ocrx_word' id='word_1_272' title='bbox 413 1910 504 1964; x_wconf 88' lang='lat' dir='ltr'>omnia</span> <span class='ocrx_word' id='word_1_273' title='bbox 518 1912 569 1966; x_wconf 86' lang='lat' dir='ltr'>sub</span> <span class='ocrx_word' id='word_1_274' title='bbox 584 1913 663 1969; x_wconf 88' lang='lat' dir='ltr'>coelo.</span> <span class='ocrx_word' id='word_1_275' title='bbox 680 1913 721 1967; x_wconf 81' lang='lat' dir='ltr'>td</span> <span class='ocrx_word' id='word_1_276' title='bbox 743 1912 815 1984; x_wconf 93' lang='lat' dir='ltr'>quod</span> <span class='ocrx_word' id='word_1_277' title='bbox 837 1914 933 1968; x_wconf 90' lang='lat' dir='ltr'>horum</span> 
     </span>
     <span class='ocr_line' id='line_1_33' title="bbox 133 1993 933 2073; baseline 0.01 -26"><span class='ocrx_word' id='word_1_278' title='bbox 133 1993 260 2049; x_wconf 89' lang='lat' dir='ltr'>omnium</span> <span class='ocrx_word' id='word_1_279' title='bbox 278 1996 435 2069; x_wconf 85' lang='lat' dir='ltr'>coniugium</span> <span class='ocrx_word' id='word_1_280' title='bbox 459 1998 543 2054; x_wconf 77' lang='lat' dir='ltr'>lacis?</span> <span class='ocrx_word' id='word_1_281' title='bbox 563 2000 590 2055; x_wconf 91' lang='lat' dir='ltr'>lo</span> <span class='ocrx_word' id='word_1_282' title='bbox 617 2016 670 2073; x_wconf 92' lang='lat' dir='ltr'>quo</span> <span class='ocrx_word' id='word_1_283' title='bbox 693 2003 788 2058; x_wconf 88' lang='lat' dir='ltr'>borum</span> <span class='ocrx_word' id='word_1_284' title='bbox 812 2001 933 2057; x_wconf 91' lang='lat' dir='ltr'>omniurn</span> 
     </span>
     <span class='ocr_line' id='line_1_34' title="bbox 134 2082 934 2160; baseline 0.008 -23"><span class='ocrx_word' id='word_1_285' title='bbox 134 2098 231 2153; x_wconf 80' lang='lat' dir='ltr'>sper-as</span> <span class='ocrx_word' id='word_1_286' title='bbox 254 2082 342 2139; x_wconf 90' lang='lat' dir='ltr'>solatii</span> <span class='ocrx_word' id='word_1_287' title='bbox 367 2086 481 2157; x_wconf 90' lang='lat' dir='ltr'>aliquid,</span> <span class='ocrx_word' id='word_1_288' title='bbox 503 2087 601 2160; x_wconf 92' lang='lat' dir='ltr'>aliquid</span> <span class='ocrx_word' id='word_1_289' title='bbox 624 2088 713 2145; x_wconf 87' lang='lat' dir='ltr'>auxilii</span> <span class='ocrx_word' id='word_1_290' title='bbox 738 2089 879 2145; x_wconf 75' lang='lat' dir='ltr'>inveniret</span> <span class='ocrx_word' id='word_1_291' title='bbox 904 2089 934 2143; x_wconf 90' lang='lat' dir='ltr'>Si</span> 
     </span>
     <span class='ocr_line' id='line_1_35' title="bbox 134 2171 932 2245; baseline 0.009 -19"><span class='ocrx_word' id='word_1_292' title='bbox 134 2187 242 2242; x_wconf 70' lang='lat' dir='ltr'>quaeras</span> <span class='ocrx_word' id='word_1_293' title='bbox 259 2171 331 2227; x_wconf 88' lang='lat' dir='ltr'>intra</span> <span class='ocrx_word' id='word_1_294' title='bbox 350 2181 385 2236; x_wconf 87' lang='lat' dir='ltr'>te,</span> <span class='ocrx_word' id='word_1_295' title='bbox 404 2174 475 2230; x_wconf 88' lang='lat' dir='ltr'>aruit</span> <span class='ocrx_word' id='word_1_296' title='bbox 489 2191 536 2232; x_wconf 91' lang='lat' dir='ltr'>eor</span> <span class='ocrx_word' id='word_1_297' title='bbox 551 2185 636 2245; x_wconf 88' lang='lat' dir='ltr'>tuum,</span> <span class='ocrx_word' id='word_1_298' title='bbox 656 2185 685 2233; x_wconf 88' lang='lat' dir='ltr'>et</span> <span class='ocrx_word' id='word_1_299' title='bbox 698 2178 825 2234; x_wconf 92' lang='lat' dir='ltr'>oblivioni</span> <span class='ocrx_word' id='word_1_300' title='bbox 840 2178 932 2232; x_wconf 90' lang='lat' dir='ltr'>datum</span> 
     </span>
     <span class='ocr_line' id='line_1_36' title="bbox 135 2260 930 2334; baseline 0.008 -19"><span class='ocrx_word' id='word_1_301' title='bbox 135 2269 161 2315; x_wconf 88' lang='lat' dir='ltr'>te</span> <span class='ocrx_word' id='word_1_302' title='bbox 182 2260 315 2331; x_wconf 84' lang='lat' dir='ltr'>reperies,</span> <span class='ocrx_word' id='word_1_303' title='bbox 333 2269 460 2334; x_wconf 90' lang='lat' dir='ltr'>tanquam</span> <span class='ocrx_word' id='word_1_304' title='bbox 480 2274 615 2321; x_wconf 90' lang='lat' dir='ltr'>mortuum</span> <span class='ocrx_word' id='word_1_305' title='bbox 630 2283 646 2320; x_wconf 94' lang='lat' dir='ltr'>a</span> <span class='ocrx_word' id='word_1_306' title='bbox 665 2268 758 2322; x_wconf 90' lang='lat' dir='ltr'>corde.</span> <span class='ocrx_word' id='word_1_307' title='bbox 773 2266 801 2322; x_wconf 91' lang='lat' dir='ltr'>Si</span> <span class='ocrx_word' id='word_1_308' title='bbox 811 2265 880 2320; x_wconf 85' lang='lat' dir='ltr'>inira</span> <span class='ocrx_word' id='word_1_309' title='bbox 894 2272 930 2330; x_wconf 91' lang='lat' dir='ltr'>te,</span> 
     </span>
     <span class='ocr_line' id='line_1_37' title="bbox 133 2350 931 2426; baseline 0.008 -23"><span class='ocrx_word' id='word_1_310' title='bbox 133 2364 234 2419; x_wconf 84' lang='lat' dir='ltr'>corpus</span> <span class='ocrx_word' id='word_1_311' title='bbox 247 2350 321 2421; x_wconf 95' lang='lat' dir='ltr'>quod</span> <span class='ocrx_word' id='word_1_312' title='bbox 335 2352 525 2422; x_wconf 86' lang='lat' dir='ltr'>corrumpitur,</span> <span class='ocrx_word' id='word_1_313' title='bbox 537 2364 669 2426; x_wconf 89' lang='lat' dir='ltr'>aggravat</span> <span class='ocrx_word' id='word_1_314' title='bbox 683 2355 809 2410; x_wconf 90' lang='lat' dir='ltr'>animam.</span> <span class='ocrx_word' id='word_1_315' title='bbox 832 2354 860 2409; x_wconf 87' lang='lat' dir='ltr'>Si</span> <span class='ocrx_word' id='word_1_316' title='bbox 876 2354 931 2409; x_wconf 88' lang='lat' dir='ltr'>cir-</span> 
     </span>
     <span class='ocr_line' id='line_1_38' title="bbox 132 2436 933 2513; baseline 0.01 -22"><span class='ocrx_word' id='word_1_317' title='bbox 132 2451 165 2491; x_wconf 89' lang='lat' dir='ltr'>ca</span> <span class='ocrx_word' id='word_1_318' title='bbox 182 2443 219 2501; x_wconf 86' lang='lat' dir='ltr'>te,</span> <span class='ocrx_word' id='word_1_319' title='bbox 249 2436 331 2493; x_wconf 88' lang='lat' dir='ltr'>etiam</span> <span class='ocrx_word' id='word_1_320' title='bbox 357 2448 465 2496; x_wconf 89' lang='lat' dir='ltr'>terrena</span> <span class='ocrx_word' id='word_1_321' title='bbox 484 2442 647 2499; x_wconf 90' lang='lat' dir='ltr'>inhabitatio</span> <span class='ocrx_word' id='word_1_322' title='bbox 670 2443 798 2513; x_wconf 88' lang='lat' dir='ltr'>deprimit</span> <span class='ocrx_word' id='word_1_323' title='bbox 822 2459 933 2498; x_wconf 89' lang='lat' dir='ltr'>sensnm</span> 
     </span>
     <span class='ocr_line' id='line_1_39' title="bbox 132 2524 932 2602; baseline 0.008 -24"><span class='ocrx_word' id='word_1_324' title='bbox 132 2524 217 2579; x_wconf 88' lang='lat' dir='ltr'>multa</span> <span class='ocrx_word' id='word_1_325' title='bbox 230 2525 394 2597; x_wconf 76' lang='lat' dir='ltr'>cogitantem</span> <span class='ocrx_word' id='word_1_326' title='bbox 414 2530 491 2602; x_wconf 70' lang='lat' dir='ltr'>(Sap.</span> <span class='ocrx_word' id='word_1_327' title='bbox 512 2546 553 2596; x_wconf 86' lang='lat' dir='ltr'>rx,</span> <span class='ocrx_word' id='word_1_328' title='bbox 575 2534 630 2601; x_wconf 82' lang='grc' dir='ltr'><strong>ιιι).</strong></span> <span class='ocrx_word' id='word_1_329' title='bbox 652 2531 750 2600; x_wconf 81' lang='lat' dir='ltr'>Quaere</span> <span class='ocrx_word' id='word_1_330' title='bbox 767 2546 833 2602; x_wconf 89' lang='lat' dir='ltr'>ergo</span> <span class='ocrx_word' id='word_1_331' title='bbox 850 2546 932 2601; x_wconf 89' lang='lat' dir='ltr'>sopra</span> 
     </span>
     <span class='ocr_line' id='line_1_40' title="bbox 133 2611 932 2688; baseline 0.01 -23"><span class='ocrx_word' id='word_1_332' title='bbox 133 2620 171 2675; x_wconf 88' lang='lat' dir='ltr'>te,</span> <span class='ocrx_word' id='word_1_333' title='bbox 186 2611 237 2666; x_wconf 88' lang='lat' dir='ltr'>sed</span> <span class='ocrx_word' id='word_1_334' title='bbox 251 2620 346 2670; x_wconf 88' lang='lat' dir='ltr'>cautus</span> <span class='ocrx_word' id='word_1_335' title='bbox 360 2623 420 2672; x_wconf 89' lang='lat' dir='ltr'>esto</span> <span class='ocrx_word' id='word_1_336' title='bbox 439 2626 551 2674; x_wconf 86' lang='lat' dir='ltr'>ventosa</span> <span class='ocrx_word' id='word_1_337' title='bbox 565 2619 674 2688; x_wconf 82' lang='lat' dir='ltr'>agmina</span> <span class='ocrx_word' id='word_1_338' title='bbox 689 2619 836 2675; x_wconf 85' lang='lat' dir='ltr'>transilire.</span> <span class='ocrx_word' id='word_1_339' title='bbox 863 2616 932 2685; x_wconf 89' lang='lat' dir='ltr'>Quia</span> 
     </span>
     <span class='ocr_line' id='line_1_41' title="bbox 132 2701 932 2778; baseline 0.01 -24"><span class='ocrx_word' id='word_1_340' title='bbox 132 2701 206 2755; x_wconf 83' lang='lat' dir='ltr'>enirn</span> <span class='ocrx_word' id='word_1_341' title='bbox 220 2716 301 2759; x_wconf 90' lang='lat' dir='ltr'>omne</span> <span class='ocrx_word' id='word_1_342' title='bbox 315 2705 409 2760; x_wconf 89' lang='lat' dir='ltr'>datum</span> <span class='ocrx_word' id='word_1_343' title='bbox 423 2706 565 2777; x_wconf 90' lang='lat' dir='ltr'>optimum,</span> <span class='ocrx_word' id='word_1_344' title='bbox 583 2718 612 2764; x_wconf 93' lang='lat' dir='ltr'>et</span> <span class='ocrx_word' id='word_1_345' title='bbox 628 2723 709 2764; x_wconf 90' lang='lat' dir='ltr'>omne</span> <span class='ocrx_word' id='word_1_346' title='bbox 724 2707 825 2764; x_wconf 92' lang='lat' dir='ltr'>donum</span> <span class='ocrx_word' id='word_1_347' title='bbox 839 2705 932 2778; x_wconf 86' lang='lat' dir='ltr'>perie-</span> 
     </span>
    </p>
   </div>
   <div class='ocr_carea' id='block_1_8' title="bbox 985 1643 1788 2774">
    <p class='ocr_par' dir='ltr' id='par_1_9' title="bbox 985 1643 1788 2774">
     <span class='ocr_line' id='line_1_42' title="bbox 989 1643 1788 1718; baseline -0.001 -17"><span class='ocrx_word' id='word_1_348' title='bbox 989 1646 1067 1714; x_wconf 86' lang='lat' dir='ltr'>eujus</span> <span class='ocrx_word' id='word_1_349' title='bbox 1077 1645 1139 1699; x_wconf 88' lang='lat' dir='ltr'>linis</span> <span class='ocrx_word' id='word_1_350' title='bbox 1154 1646 1252 1710; x_wconf 92' lang='lat' dir='ltr'>bonus,</span> <span class='ocrx_word' id='word_1_351' title='bbox 1266 1644 1355 1716; x_wconf 88' lang='lat' dir='ltr'>ipsum</span> <span class='ocrx_word' id='word_1_352' title='bbox 1370 1660 1479 1718; x_wconf 87' lang='lat' dir='ltr'>quoque</span> <span class='ocrx_word' id='word_1_353' title='bbox 1495 1647 1596 1702; x_wconf 88' lang='lat' dir='ltr'>bonnm</span> <span class='ocrx_word' id='word_1_354' title='bbox 1611 1652 1662 1701; x_wconf 88' lang='lat' dir='ltr'>est.</span> <span class='ocrx_word' id='word_1_355' title='bbox 1677 1643 1788 1716; x_wconf 76' lang='lat' dir='ltr'>Ample-</span> 
     </span>
     <span class='ocr_line' id='line_1_43' title="bbox 988 1732 1786 1806; baseline -0.001 -17"><span class='ocrx_word' id='word_1_356' title='bbox 988 1740 1092 1789; x_wconf 90' lang='lat' dir='ltr'>ctamur</span> <span class='ocrx_word' id='word_1_357' title='bbox 1116 1733 1206 1804; x_wconf 90' lang='lat' dir='ltr'>itaque</span> <span class='ocrx_word' id='word_1_358' title='bbox 1230 1732 1467 1799; x_wconf 85' lang='lat' dir='ltr'>santificationem,</span> <span class='ocrx_word' id='word_1_359' title='bbox 1492 1732 1620 1806; x_wconf 87' lang='lat' dir='ltr'>quoniam</span> <span class='ocrx_word' id='word_1_360' title='bbox 1646 1734 1718 1789; x_wconf 83' lang='lat' dir='ltr'>bona</span> <span class='ocrx_word' id='word_1_361' title='bbox 1732 1740 1786 1798; x_wconf 87' lang='lat' dir='ltr'>est,</span> 
     </span>
     <span class='ocr_line' id='line_1_44' title="bbox 989 1821 1786 1893; baseline 0.005 -20"><span class='ocrx_word' id='word_1_362' title='bbox 989 1822 1116 1893; x_wconf 87' lang='lat' dir='ltr'>qnoniam</span> <span class='ocrx_word' id='word_1_363' title='bbox 1132 1821 1193 1876; x_wconf 86' lang='lat' dir='ltr'>lrnis</span> <span class='ocrx_word' id='word_1_364' title='bbox 1207 1821 1267 1891; x_wconf 85' lang='lat' dir='ltr'>ejus</span> <span class='ocrx_word' id='word_1_365' title='bbox 1286 1821 1339 1878; x_wconf 85' lang='lat' dir='ltr'>vita</span> <span class='ocrx_word' id='word_1_366' title='bbox 1354 1822 1412 1878; x_wconf 89' lang='lat' dir='ltr'>sino</span> <span class='ocrx_word' id='word_1_367' title='bbox 1428 1821 1492 1876; x_wconf 85' lang='lat' dir='ltr'>tino.</span> <span class='ocrx_word' id='word_1_368' title='bbox 1507 1821 1721 1878; x_wconf 81' lang='lat' dir='ltr'>sanctimoniam</span> <span class='ocrx_word' id='word_1_369' title='bbox 1740 1838 1786 1877; x_wconf 87' lang='lat' dir='ltr'>se-</span> 
     </span>
     <span class='ocr_line' id='line_1_45' title="bbox 988 1909 1785 1982; baseline 0.003 -16"><span class='ocrx_word' id='word_1_370' title='bbox 988 1917 1092 1966; x_wconf 90' lang='lat' dir='ltr'>ctemur</span> <span class='ocrx_word' id='word_1_371' title='bbox 1105 1919 1133 1966; x_wconf 88' lang='lat' dir='ltr'>et</span> <span class='ocrx_word' id='word_1_372' title='bbox 1142 1925 1248 1982; x_wconf 88' lang='lat' dir='ltr'>pacem,</span> <span class='ocrx_word' id='word_1_373' title='bbox 1258 1909 1317 1965; x_wconf 90' lang='lat' dir='ltr'>sine</span> <span class='ocrx_word' id='word_1_374' title='bbox 1328 1926 1380 1981; x_wconf 87' lang='lat' dir='ltr'>qua</span> <span class='ocrx_word' id='word_1_375' title='bbox 1394 1926 1476 1966; x_wconf 91' lang='lat' dir='ltr'>nemo</span> <span class='ocrx_word' id='word_1_376' title='bbox 1488 1909 1591 1966; x_wconf 87' lang='lat' dir='ltr'>videbit</span> <span class='ocrx_word' id='word_1_377' title='bbox 1598 1910 1785 1980; x_wconf 77' lang='lat' dir='ltr'>Deumfflebr,</span> 
     </span>
     <span class='ocr_line' id='line_1_46' title="bbox 988 1997 1786 2071; baseline 0.003 -18"><span class='ocrx_word' id='word_1_378' title='bbox 988 2014 1040 2064; x_wconf 87' lang='lat' dir='ltr'>xrr,</span> <span class='ocrx_word' id='word_1_379' title='bbox 1051 2001 1108 2066; x_wconf 85' lang='lat' dir='ltr'>ll).</span> <span class='ocrx_word' id='word_1_380' title='bbox 1119 1998 1420 2071; x_wconf 77' lang='lat' dir='ltr'>longitudioc,inquit‚</span> <span class='ocrx_word' id='word_1_381' title='bbox 1432 1999 1541 2056; x_wconf 80' lang='lat' dir='ltr'>dicrum</span> <span class='ocrx_word' id='word_1_382' title='bbox 1552 1997 1746 2070; x_wconf 76' lang='lat' dir='ltr'>repletorum,</span> <span class='ocrx_word' id='word_1_383' title='bbox 1757 2002 1786 2055; x_wconf 85' lang='lat' dir='ltr'>et</span> 
     </span>
     <span class='ocr_line' id='line_1_47' title="bbox 987 2085 1786 2146; baseline -0.008 -2"><span class='ocrx_word' id='word_1_384' title='bbox 987 2088 1132 2146; x_wconf 81' lang='lat' dir='ltr'>ostcadam</span> <span class='ocrx_word' id='word_1_385' title='bbox 1152 2089 1199 2143; x_wconf 85' lang='lat' dir='ltr'>illi</span> <span class='ocrx_word' id='word_1_386' title='bbox 1218 2088 1346 2144; x_wconf 81' lang='lat' dir='ltr'>solatore</span> <span class='ocrx_word' id='word_1_387' title='bbox 1366 2102 1471 2144; x_wconf 74' lang='lat' dir='ltr'>rreum.</span> <span class='ocrx_word' id='word_1_388' title='bbox 1491 2087 1601 2142; x_wconf 73' lang='lat' dir='ltr'>Dextra</span> <span class='ocrx_word' id='word_1_389' title='bbox 1616 2085 1665 2141; x_wconf 76' lang='lat' dir='ltr'>liei</span> <span class='ocrx_word' id='word_1_390' title='bbox 1680 2091 1722 2141; x_wconf 88' lang='lat' dir='ltr'>est</span> <span class='ocrx_word' id='word_1_391' title='bbox 1734 2085 1786 2139; x_wconf 89' lang='lat' dir='ltr'>istn</span> 
     </span>
     <span class='ocr_line' id='line_1_48' title="bbox 987 2173 1787 2247; baseline 0.001 -19"><span class='ocrx_word' id='word_1_392' title='bbox 987 2175 1143 2246; x_wconf 82' lang='lat' dir='ltr'>promissio3</span> <span class='ocrx_word' id='word_1_393' title='bbox 1161 2192 1258 2230; x_wconf 90' lang='lat' dir='ltr'>munus</span> <span class='ocrx_word' id='word_1_394' title='bbox 1273 2183 1314 2231; x_wconf 84' lang='lat' dir='ltr'>est</span> <span class='ocrx_word' id='word_1_395' title='bbox 1328 2175 1442 2242; x_wconf 77' lang='lat' dir='ltr'>dextrae,</span> <span class='ocrx_word' id='word_1_396' title='bbox 1452 2190 1533 2247; x_wconf 89' lang='lat' dir='ltr'>quam</span> <span class='ocrx_word' id='word_1_397' title='bbox 1545 2173 1597 2229; x_wconf 91' lang='lat' dir='ltr'>sibi</span> <span class='ocrx_word' id='word_1_398' title='bbox 1605 2173 1669 2230; x_wconf 92' lang='lat' dir='ltr'>olim</span> <span class='ocrx_word' id='word_1_399' title='bbox 1677 2180 1787 2229; x_wconf 82' lang='lat' dir='ltr'>sanctus</span> 
     </span>
     <span class='ocr_line' id='line_1_49' title="bbox 987 2261 1788 2337; baseline -0.001 -18"><span class='ocrx_word' id='word_1_400' title='bbox 987 2263 1089 2337; x_wconf 81' lang='lat' dir='ltr'>porrigi</span> <span class='ocrx_word' id='word_1_401' title='bbox 1114 2262 1242 2335; x_wconf 87' lang='lat' dir='ltr'>optabat:</span> <span class='ocrx_word' id='word_1_402' title='bbox 1270 2265 1357 2334; x_wconf 82' lang='lat' dir='ltr'>operi,</span> <span class='ocrx_word' id='word_1_403' title='bbox 1386 2261 1483 2335; x_wconf 92' lang='lat' dir='ltr'>inquit,</span> <span class='ocrx_word' id='word_1_404' title='bbox 1506 2279 1646 2320; x_wconf 74' lang='lat' dir='ltr'>monum</span> <span class='ocrx_word' id='word_1_405' title='bbox 1668 2267 1788 2319; x_wconf 82' lang='lat' dir='ltr'>tauram</span> 
     </span>
     <span class='ocr_line' id='line_1_50' title="bbox 985 2349 1786 2424; baseline -0.007 -14"><span class='ocrx_word' id='word_1_406' title='bbox 985 2353 1111 2424; x_wconf 73' lang='lat' dir='ltr'>porriges</span> <span class='ocrx_word' id='word_1_407' title='bbox 1129 2352 1278 2409; x_wconf 75' lang='lat' dir='ltr'>dexteram</span> <span class='ocrx_word' id='word_1_408' title='bbox 1293 2351 1352 2420; x_wconf 78' lang='lat' dir='ltr'>(tob</span> <span class='ocrx_word' id='word_1_409' title='bbox 1370 2367 1431 2418; x_wconf 76' lang='lat' dir='ltr'>arv,</span> <span class='ocrx_word' id='word_1_410' title='bbox 1457 2352 1511 2422; x_wconf 76' lang='lat' dir='ltr'>lb).</span> <span class='ocrx_word' id='word_1_411' title='bbox 1533 2349 1736 2407; x_wconf 82' lang='lat' dir='ltr'>Delectationes</span> <span class='ocrx_word' id='word_1_412' title='bbox 1759 2349 1786 2405; x_wconf 94' lang='lat' dir='ltr'>in</span> 
     </span>
     <span class='ocr_line' id='line_1_51' title="bbox 986 2437 1782 2512; baseline 0 -18"><span class='ocrx_word' id='word_1_413' title='bbox 986 2442 1097 2496; x_wconf 79' lang='lat' dir='ltr'>dextera</span> <span class='ocrx_word' id='word_1_414' title='bbox 1120 2441 1169 2495; x_wconf 89' lang='lat' dir='ltr'>lrac</span> <span class='ocrx_word' id='word_1_415' title='bbox 1187 2456 1274 2512; x_wconf 92' lang='lat' dir='ltr'>usqne</span> <span class='ocrx_word' id='word_1_416' title='bbox 1293 2440 1321 2494; x_wconf 92' lang='lat' dir='ltr'>in</span> <span class='ocrx_word' id='word_1_417' title='bbox 1336 2438 1428 2494; x_wconf 89' lang='lat' dir='ltr'>tinem.</span> <span class='ocrx_word' id='word_1_418' title='bbox 1444 2439 1519 2495; x_wconf 88' lang='lat' dir='ltr'>lianc</span> <span class='ocrx_word' id='word_1_419' title='bbox 1541 2439 1668 2495; x_wconf 89' lang='lat' dir='ltr'>nimirum</span> <span class='ocrx_word' id='word_1_420' title='bbox 1688 2448 1716 2494; x_wconf 91' lang='lat' dir='ltr'>et</span> <span class='ocrx_word' id='word_1_421' title='bbox 1737 2437 1782 2494; x_wconf 82' lang='lat' dir='ltr'>ille</span> 
     </span>
     <span class='ocr_line' id='line_1_52' title="bbox 986 2527 1783 2607; baseline 0.001 -22"><span class='ocrx_word' id='word_1_422' title='bbox 986 2530 1037 2585; x_wconf 89' lang='lat' dir='ltr'>sibi</span> <span class='ocrx_word' id='word_1_423' title='bbox 1055 2529 1156 2602; x_wconf 84' lang='lat' dir='ltr'>porrigi</span> <span class='ocrx_word' id='word_1_424' title='bbox 1178 2527 1290 2601; x_wconf 89' lang='lat' dir='ltr'>optavit,</span> <span class='ocrx_word' id='word_1_425' title='bbox 1316 2537 1343 2585; x_wconf 94' lang='lat' dir='ltr'>et</span> <span class='ocrx_word' id='word_1_426' title='bbox 1362 2527 1476 2585; x_wconf 92' lang='lat' dir='ltr'>obtinuit</span> <span class='ocrx_word' id='word_1_427' title='bbox 1499 2527 1650 2594; x_wconf 83' lang='lat' dir='ltr'>dexteram,</span> <span class='ocrx_word' id='word_1_428' title='bbox 1674 2528 1709 2585; x_wconf 91' lang='lat' dir='ltr'>de</span> <span class='ocrx_word' id='word_1_429' title='bbox 1728 2544 1783 2607; x_wconf 91' lang='lat' dir='ltr'>quo</span> 
     </span>
     <span class='ocr_line' id='line_1_53' title="bbox 987 2618 1782 2691; baseline 0 -18"><span class='ocrx_word' id='word_1_430' title='bbox 987 2618 1125 2673; x_wconf 87' lang='lat' dir='ltr'>Psalmista</span> <span class='ocrx_word' id='word_1_431' title='bbox 1135 2619 1187 2674; x_wconf 88' lang='lat' dir='ltr'>ait:</span> <span class='ocrx_word' id='word_1_432' title='bbox 1204 2619 1295 2675; x_wconf 84' lang='lat' dir='ltr'>Vitam</span> <span class='ocrx_word' id='word_1_433' title='bbox 1303 2619 1387 2691; x_wconf 82' lang='lat' dir='ltr'>petiit</span> <span class='ocrx_word' id='word_1_434' title='bbox 1397 2635 1414 2673; x_wconf 88' lang='lat' dir='ltr'>o</span> <span class='ocrx_word' id='word_1_435' title='bbox 1426 2621 1464 2685; x_wconf 82' lang='lat' dir='ltr'>te,</span> <span class='ocrx_word' id='word_1_436' title='bbox 1476 2623 1503 2674; x_wconf 85' lang='lat' dir='ltr'>ct</span> <span class='ocrx_word' id='word_1_437' title='bbox 1514 2618 1640 2674; x_wconf 83' lang='lat' dir='ltr'>tribuisti</span> <span class='ocrx_word' id='word_1_438' title='bbox 1659 2620 1685 2674; x_wconf 85' lang='lat' dir='ltr'>ci</span> <span class='ocrx_word' id='word_1_439' title='bbox 1694 2618 1782 2689; x_wconf 80' lang='lat' dir='ltr'>lougi-</span> 
     </span>
     <span class='ocr_line' id='line_1_54' title="bbox 987 2705 1785 2774; baseline -0.004 -11"><span class='ocrx_word' id='word_1_440' title='bbox 987 2709 1114 2764; x_wconf 77' lang='lat' dir='ltr'>tudinem</span> <span class='ocrx_word' id='word_1_441' title='bbox 1124 2708 1236 2764; x_wconf 81' lang='lat' dir='ltr'>dicrum</span> <span class='ocrx_word' id='word_1_442' title='bbox 1251 2708 1281 2762; x_wconf 87' lang='grc' dir='ltr'>ἰιι</span> <span class='ocrx_word' id='word_1_443' title='bbox 1296 2707 1446 2774; x_wconf 75' lang='lat' dir='ltr'>urecolum,</span> <span class='ocrx_word' id='word_1_444' title='bbox 1458 2713 1484 2765; x_wconf 86' lang='lat' dir='ltr'>et</span> <span class='ocrx_word' id='word_1_445' title='bbox 1493 2708 1525 2762; x_wconf 82' lang='lat' dir='ltr'>in</span> <span class='ocrx_word' id='word_1_446' title='bbox 1535 2705 1671 2763; x_wconf 77' lang='lat' dir='ltr'>urecolum</span> <span class='ocrx_word' id='word_1_447' title='bbox 1684 2707 1785 2764; x_wconf 76' lang='lat' dir='ltr'>recoli</span> 
     </span>
    </p>
   </div>
   <div class='ocr_carea' id='block_1_9' title="bbox 125 2791 1815 4373">
    <p class='ocr_par' dir='ltr' id='par_1_10' title="bbox 125 2791 1815 4373">
     <span class='ocr_line' id='line_1_55' title="bbox 130 2791 1785 2866; baseline 0.003 -21"><span class='ocrx_word' id='word_1_448' title='bbox 130 2797 203 2845; x_wconf 86' lang='lat' dir='ltr'>eturrr</span> <span class='ocrx_word' id='word_1_449' title='bbox 218 2791 328 2848; x_wconf 89' lang='lat' dir='ltr'>nonnisi</span> <span class='ocrx_word' id='word_1_450' title='bbox 346 2794 491 2851; x_wconf 85' lang='lat' dir='ltr'>desursum</span> <span class='ocrx_word' id='word_1_451' title='bbox 507 2812 569 2851; x_wconf 91' lang='lat' dir='ltr'>esse</span> <span class='ocrx_word' id='word_1_452' title='bbox 585 2804 728 2864; x_wconf 90' lang='lat' dir='ltr'>noverunt,</span> <span class='ocrx_word' id='word_1_453' title='bbox 746 2796 864 2853; x_wconf 92' lang='lat' dir='ltr'>medium</span> <span class='ocrx_word' id='word_1_454' title='bbox 879 2795 931 2853; x_wconf 90' lang='lat' dir='ltr'>iter</span> <span class='ocrx_word' id='word_1_455' title='bbox 985 2798 1072 2865; x_wconf 76' lang='lat' dir='ltr'>(Paul.</span> <span class='ocrx_word' id='word_1_456' title='bbox 1088 2795 1373 2865; x_wconf 82' lang='lat' dir='ltr'>xx,5)..lllaniiestius</span> <span class='ocrx_word' id='word_1_457' title='bbox 1390 2794 1510 2866; x_wconf 86' lang='lat' dir='ltr'>denique</span> <span class='ocrx_word' id='word_1_458' title='bbox 1525 2794 1641 2866; x_wconf 88' lang='lat' dir='ltr'>Sapiens</span> <span class='ocrx_word' id='word_1_459' title='bbox 1655 2792 1738 2848; x_wconf 85' lang='lat' dir='ltr'>dixit:</span> <span class='ocrx_word' id='word_1_460' title='bbox 1751 2796 1785 2850; x_wconf 83' lang='lat' dir='ltr'>ln</span> 
     </span>
     <span class='ocr_line' id='line_1_56' title="bbox 132 2878 1783 2956; baseline 0.004 -24"><span class='ocrx_word' id='word_1_461' title='bbox 132 2878 277 2935; x_wconf 89' lang='lat' dir='ltr'>latrunculi</span> <span class='ocrx_word' id='word_1_462' title='bbox 296 2882 438 2940; x_wconf 87' lang='lat' dir='ltr'>obsedere.</span> <span class='ocrx_word' id='word_1_463' title='bbox 460 2884 556 2940; x_wconf 84' lang='lat' dir='ltr'>Transi</span> <span class='ocrx_word' id='word_1_464' title='bbox 575 2901 655 2956; x_wconf 87' lang='lat' dir='ltr'>ergo,</span> <span class='ocrx_word' id='word_1_465' title='bbox 677 2884 760 2941; x_wconf 89' lang='lat' dir='ltr'>transi</span> <span class='ocrx_word' id='word_1_466' title='bbox 784 2884 931 2955; x_wconf 86' lang='lat' dir='ltr'>pervigiles</span> <span class='ocrx_word' id='word_1_467' title='bbox 985 2882 1783 2955; x_wconf 75' lang='lat' dir='ltr'>sinistroilliardiov&#39;tioeetqtorio‚indextcrooutemcjm</span> 
     </span>
     <span class='ocr_line' id='line_1_57' title="bbox 130 2965 1784 3044; baseline 0.002 -25"><span class='ocrx_word' id='word_1_468' title='bbox 130 2965 190 3022; x_wconf 86' lang='lat' dir='ltr'>illas</span> <span class='ocrx_word' id='word_1_469' title='bbox 215 2969 361 3040; x_wconf 86' lang='lat' dir='ltr'>nequitias,</span> <span class='ocrx_word' id='word_1_470' title='bbox 387 2987 449 3042; x_wconf 90' lang='lat' dir='ltr'>quae</span> <span class='ocrx_word' id='word_1_471' title='bbox 474 2981 528 3027; x_wconf 91' lang='lat' dir='ltr'>tam</span> <span class='ocrx_word' id='word_1_472' title='bbox 551 2972 691 3030; x_wconf 82' lang='lat' dir='ltr'>indefesse</span> <span class='ocrx_word' id='word_1_473' title='bbox 719 2972 875 3029; x_wconf 87' lang='lat' dir='ltr'>custodiunt</span> <span class='ocrx_word' id='word_1_474' title='bbox 902 2980 931 3028; x_wconf 93' lang='lat' dir='ltr'>et</span> <span class='ocrx_word' id='word_1_475' title='bbox 986 2973 1188 3044; x_wconf 74' lang='lat' dir='ltr'>longiturnitas</span> <span class='ocrx_word' id='word_1_476' title='bbox 1203 2971 1422 3037; x_wconf 83' lang='lat' dir='ltr'>oitoelProo.rrr,</span> <span class='ocrx_word' id='word_1_477' title='bbox 1438 2970 1493 3040; x_wconf 78' lang='lat' dir='ltr'>lb).</span> <span class='ocrx_word' id='word_1_478' title='bbox 1508 2967 1575 3036; x_wconf 87' lang='lat' dir='ltr'>Quis</span> <span class='ocrx_word' id='word_1_479' title='bbox 1589 2975 1632 3024; x_wconf 87' lang='lat' dir='ltr'>est</span> <span class='ocrx_word' id='word_1_480' title='bbox 1646 2967 1784 3040; x_wconf 91' lang='lat' dir='ltr'>homoqui</span> 
     </span>
     <span class='ocr_line' id='line_1_58' title="bbox 129 3055 1783 3134; baseline 0 -23"><span class='ocrx_word' id='word_1_481' title='bbox 129 3056 287 3122; x_wconf 88' lang='lat' dir='ltr'>observant,</span> <span class='ocrx_word' id='word_1_482' title='bbox 299 3074 334 3114; x_wconf 92' lang='lat' dir='ltr'>ne</span> <span class='ocrx_word' id='word_1_483' title='bbox 346 3059 406 3132; x_wconf 88' lang='lat' dir='ltr'>quis</span> <span class='ocrx_word' id='word_1_484' title='bbox 420 3060 448 3115; x_wconf 92' lang='lat' dir='ltr'>in</span> <span class='ocrx_word' id='word_1_485' title='bbox 463 3060 536 3116; x_wconf 90' lang='lat' dir='ltr'>illam</span> <span class='ocrx_word' id='word_1_486' title='bbox 549 3061 637 3133; x_wconf 91' lang='lat' dir='ltr'>possit</span> <span class='ocrx_word' id='word_1_487' title='bbox 649 3062 767 3118; x_wconf 90' lang='lat' dir='ltr'>evadere</span> <span class='ocrx_word' id='word_1_488' title='bbox 781 3060 927 3116; x_wconf 86' lang='lat' dir='ltr'>civitatem.</span> <span class='ocrx_word' id='word_1_489' title='bbox 985 3062 1039 3116; x_wconf 91' lang='lat' dir='ltr'>vult</span> <span class='ocrx_word' id='word_1_490' title='bbox 1054 3060 1145 3127; x_wconf 88' lang='lat' dir='ltr'>vitam,</span> <span class='ocrx_word' id='word_1_491' title='bbox 1161 3059 1247 3134; x_wconf 83' lang='lat' dir='ltr'>diligit</span> <span class='ocrx_word' id='word_1_492' title='bbox 1255 3059 1314 3114; x_wconf 92' lang='lat' dir='ltr'>dies</span> <span class='ocrx_word' id='word_1_493' title='bbox 1328 3058 1420 3114; x_wconf 87' lang='lat' dir='ltr'>videre</span> <span class='ocrx_word' id='word_1_494' title='bbox 1439 3058 1544 3113; x_wconf 80' lang='lat' dir='ltr'>bonosi</span> <span class='ocrx_word' id='word_1_495' title='bbox 1560 3057 1614 3112; x_wconf 89' lang='lat' dir='ltr'>llac</span> <span class='ocrx_word' id='word_1_496' title='bbox 1628 3055 1702 3112; x_wconf 91' lang='lat' dir='ltr'>enim</span> <span class='ocrx_word' id='word_1_497' title='bbox 1720 3055 1783 3119; x_wconf 87' lang='lat' dir='ltr'>vita,</span> 
     </span>
     <span class='ocr_line' id='line_1_59' title="bbox 129 3142 1782 3221; baseline 0.002 -25"><span class='ocrx_word' id='word_1_498' title='bbox 129 3142 200 3198; x_wconf 83' lang='lat' dir='ltr'>Sile</span> <span class='ocrx_word' id='word_1_499' title='bbox 233 3148 426 3217; x_wconf 84' lang='lat' dir='ltr'>percusserint,</span> <span class='ocrx_word' id='word_1_500' title='bbox 459 3148 481 3205; x_wconf 87' lang='lat' dir='ltr'>si</span> <span class='ocrx_word' id='word_1_501' title='bbox 509 3148 724 3218; x_wconf 85' lang='lat' dir='ltr'>vulneraverint,</span> <span class='ocrx_word' id='word_1_502' title='bbox 754 3149 859 3204; x_wconf 89' lang='lat' dir='ltr'>dimitte</span> <span class='ocrx_word' id='word_1_503' title='bbox 889 3149 929 3203; x_wconf 87' lang='lat' dir='ltr'>eis</span> <span class='ocrx_word' id='word_1_504' title='bbox 984 3165 1036 3221; x_wconf 91' lang='lat' dir='ltr'>qna</span> <span class='ocrx_word' id='word_1_505' title='bbox 1057 3147 1180 3213; x_wconf 91' lang='lat' dir='ltr'>vivimus,</span> <span class='ocrx_word' id='word_1_506' title='bbox 1195 3147 1367 3219; x_wconf 81' lang='lat' dir='ltr'>liegismors</span> <span class='ocrx_word' id='word_1_507' title='bbox 1391 3155 1447 3216; x_wconf 68' lang='lat' dir='ltr'>est,</span> <span class='ocrx_word' id='word_1_508' title='bbox 1470 3161 1521 3201; x_wconf 88' lang='lat' dir='ltr'>nec</span> <span class='ocrx_word' id='word_1_509' title='bbox 1540 3144 1698 3216; x_wconf 88' lang='lat' dir='ltr'>simpliciter</span> <span class='ocrx_word' id='word_1_510' title='bbox 1715 3144 1782 3212; x_wconf 87' lang='lat' dir='ltr'>vite,</span> 
     </span>
     <span class='ocr_line' id='line_1_60' title="bbox 129 3231 1784 3310; baseline 0.003 -26"><span class='ocrx_word' id='word_1_511' title='bbox 129 3231 251 3303; x_wconf 88' lang='lat' dir='ltr'>pallium,</span> <span class='ocrx_word' id='word_1_512' title='bbox 265 3235 339 3305; x_wconf 91' lang='lat' dir='ltr'>quod</span> <span class='ocrx_word' id='word_1_513' title='bbox 352 3235 381 3289; x_wconf 92' lang='lat' dir='ltr'>in</span> <span class='ocrx_word' id='word_1_514' title='bbox 396 3237 519 3310; x_wconf 76' lang='lat' dir='ltr'>AEgypto</span> <span class='ocrx_word' id='word_1_515' title='bbox 535 3237 597 3293; x_wconf 91' lang='lat' dir='ltr'>olim</span> <span class='ocrx_word' id='word_1_516' title='bbox 613 3238 715 3308; x_wconf 85' lang='lat' dir='ltr'>loseplr</span> <span class='ocrx_word' id='word_1_517' title='bbox 731 3238 861 3293; x_wconf 76' lang='lat' dir='ltr'>adulterae</span> <span class='ocrx_word' id='word_1_518' title='bbox 880 3238 929 3292; x_wconf 90' lang='lat' dir='ltr'>de·</span> <span class='ocrx_word' id='word_1_519' title='bbox 983 3238 1031 3293; x_wconf 89' lang='lat' dir='ltr'>sed</span> <span class='ocrx_word' id='word_1_520' title='bbox 1055 3237 1109 3293; x_wconf 87' lang='lat' dir='ltr'>vita</span> <span class='ocrx_word' id='word_1_521' title='bbox 1132 3236 1261 3292; x_wconf 86' lang='lat' dir='ltr'>mortalis.</span> <span class='ocrx_word' id='word_1_522' title='bbox 1285 3235 1397 3291; x_wconf 86' lang='lat' dir='ltr'>lloritnr</span> <span class='ocrx_word' id='word_1_523' title='bbox 1422 3235 1512 3300; x_wconf 88' lang='lat' dir='ltr'>borno,</span> <span class='ocrx_word' id='word_1_524' title='bbox 1535 3233 1658 3303; x_wconf 89' lang='lat' dir='ltr'>dicimus,</span> <span class='ocrx_word' id='word_1_525' title='bbox 1675 3234 1784 3307; x_wconf 87' lang='lat' dir='ltr'>qnando</span> 
     </span>
     <span class='ocr_line' id='line_1_61' title="bbox 129 3321 1815 3396; baseline 0.002 -20"><span class='ocrx_word' id='word_1_526' title='bbox 129 3321 239 3394; x_wconf 89' lang='lat' dir='ltr'>reliquit</span> <span class='ocrx_word' id='word_1_527' title='bbox 258 3322 338 3394; x_wconf 84' lang='lat' dir='ltr'>(Gerr.</span> <span class='ocrx_word' id='word_1_528' title='bbox 367 3341 468 3392; x_wconf 80' lang='lat' dir='ltr'>avxrx,</span> <span class='ocrx_word' id='word_1_529' title='bbox 498 3328 561 3396; x_wconf 76' lang='lat' dir='ltr'>ltl:</span> <span class='ocrx_word' id='word_1_530' title='bbox 590 3326 695 3383; x_wconf 88' lang='lat' dir='ltr'>dimitte</span> <span class='ocrx_word' id='word_1_531' title='bbox 719 3325 874 3391; x_wconf 89' lang='lat' dir='ltr'>sindonem,</span> <span class='ocrx_word' id='word_1_532' title='bbox 899 3336 929 3383; x_wconf 93' lang='lat' dir='ltr'>nt</span> <span class='ocrx_word' id='word_1_533' title='bbox 983 3326 1063 3382; x_wconf 89' lang='lat' dir='ltr'>morti</span> <span class='ocrx_word' id='word_1_534' title='bbox 1076 3324 1228 3381; x_wconf 87' lang='lat' dir='ltr'>certissime</span> <span class='ocrx_word' id='word_1_535' title='bbox 1245 3326 1301 3395; x_wconf 89' lang='lat' dir='ltr'>jam</span> <span class='ocrx_word' id='word_1_536' title='bbox 1321 3323 1532 3396; x_wconf 89' lang='lat' dir='ltr'>appropinquat.</span> <span class='ocrx_word' id='word_1_537' title='bbox 1551 3321 1622 3391; x_wconf 87' lang='lat' dir='ltr'>Quid</span> <span class='ocrx_word' id='word_1_538' title='bbox 1637 3338 1702 3379; x_wconf 89' lang='lat' dir='ltr'>vero</span> <span class='ocrx_word' id='word_1_539' title='bbox 1723 3321 1784 3395; x_wconf 86' lang='lat' dir='ltr'>agi-</span> <span class='ocrx_word' id='word_1_540' title='bbox 1812 3344 1815 3349; x_wconf 92' lang='lat'>·</span> 
     </span>
     <span class='ocr_line' id='line_1_62' title="bbox 128 3410 1782 3488; baseline 0.001 -19"><span class='ocrx_word' id='word_1_541' title='bbox 128 3427 191 3469; x_wconf 88' lang='lat' dir='ltr'>curn</span> <span class='ocrx_word' id='word_1_542' title='bbox 204 3411 361 3486; x_wconf 85' lang='lat' dir='ltr'>evangelico</span> <span class='ocrx_word' id='word_1_543' title='bbox 387 3412 432 3469; x_wconf 92' lang='lat' dir='ltr'>illo</span> <span class='ocrx_word' id='word_1_544' title='bbox 452 3414 555 3484; x_wconf 88' lang='lat' dir='ltr'>juvene</span> <span class='ocrx_word' id='word_1_545' title='bbox 574 3415 717 3488; x_wconf 89' lang='lat' dir='ltr'>prolngias</span> <span class='ocrx_word' id='word_1_546' title='bbox 732 3417 820 3471; x_wconf 87' lang='lat' dir='ltr'>nudus</span> <span class='ocrx_word' id='word_1_547' title='bbox 835 3416 869 3469; x_wconf 90' lang='lat' dir='ltr'>ab</span> <span class='ocrx_word' id='word_1_548' title='bbox 888 3416 928 3471; x_wconf 89' lang='lat' dir='ltr'>eis</span> <span class='ocrx_word' id='word_1_549' title='bbox 983 3431 1043 3470; x_wconf 91' lang='lat' dir='ltr'>mus</span> <span class='ocrx_word' id='word_1_550' title='bbox 1067 3431 1101 3470; x_wconf 89' lang='lat' dir='ltr'>ex</span> <span class='ocrx_word' id='word_1_551' title='bbox 1124 3429 1178 3486; x_wconf 93' lang='lat' dir='ltr'>quo</span> <span class='ocrx_word' id='word_1_552' title='bbox 1203 3413 1319 3484; x_wconf 89' lang='lat' dir='ltr'>primum</span> <span class='ocrx_word' id='word_1_553' title='bbox 1345 3410 1489 3482; x_wconf 90' lang='lat' dir='ltr'>incipimus</span> <span class='ocrx_word' id='word_1_554' title='bbox 1512 3410 1615 3478; x_wconf 91' lang='lat' dir='ltr'>vivere,</span> <span class='ocrx_word' id='word_1_555' title='bbox 1632 3411 1682 3467; x_wconf 90' lang='lat' dir='ltr'>nisi</span> <span class='ocrx_word' id='word_1_556' title='bbox 1702 3416 1782 3471; x_wconf 89' lang='lat' dir='ltr'>morti</span> 
     </span>
     <span class='ocr_line' id='line_1_63' title="bbox 128 3497 1781 3576; baseline 0.002 -22"><span class='ocrx_word' id='word_1_557' title='bbox 128 3499 227 3565; x_wconf 77' lang='lat' dir='ltr'>(idere,</span> <span class='ocrx_word' id='word_1_558' title='bbox 248 3514 311 3565; x_wconf 82' lang='lat' dir='ltr'>xiv,</span> <span class='ocrx_word' id='word_1_559' title='bbox 332 3504 387 3574; x_wconf 79' lang='lat' dir='ltr'>ot).</span> <span class='ocrx_word' id='word_1_560' title='bbox 404 3503 539 3576; x_wconf 88' lang='lat' dir='ltr'>Numquid</span> <span class='ocrx_word' id='word_1_561' title='bbox 560 3520 615 3560; x_wconf 88' lang='lat' dir='ltr'>non</span> <span class='ocrx_word' id='word_1_562' title='bbox 632 3504 719 3560; x_wconf 92' lang='lat' dir='ltr'>solum</span> <span class='ocrx_word' id='word_1_563' title='bbox 738 3505 849 3576; x_wconf 86' lang='lat' dir='ltr'>pallium</span> <span class='ocrx_word' id='word_1_564' title='bbox 868 3507 928 3574; x_wconf 89' lang='lat' dir='ltr'>ejus</span> <span class='ocrx_word' id='word_1_565' title='bbox 982 3502 1212 3575; x_wconf 86' lang='lat' dir='ltr'>appropinquare,</span> <span class='ocrx_word' id='word_1_566' title='bbox 1234 3509 1261 3557; x_wconf 95' lang='lat' dir='ltr'>et</span> <span class='ocrx_word' id='word_1_567' title='bbox 1283 3500 1405 3572; x_wconf 87' lang='lat' dir='ltr'>incipero</span> <span class='ocrx_word' id='word_1_568' title='bbox 1428 3499 1515 3556; x_wconf 78' lang='lat' dir='ltr'>mori?</span> <span class='ocrx_word' id='word_1_569' title='bbox 1529 3499 1583 3555; x_wconf 89' lang='lat' dir='ltr'>Sed</span> <span class='ocrx_word' id='word_1_570' title='bbox 1597 3508 1625 3556; x_wconf 88' lang='lat' dir='ltr'>et</span> <span class='ocrx_word' id='word_1_571' title='bbox 1639 3497 1698 3556; x_wconf 88' lang='lat' dir='ltr'>dies</span> <span class='ocrx_word' id='word_1_572' title='bbox 1712 3519 1781 3573; x_wconf 86' lang='lat' dir='ltr'>qua·</span> 
     </span>
     <span class='ocr_line' id='line_1_64' title="bbox 128 3585 1782 3665; baseline 0.001 -23"><span class='ocrx_word' id='word_1_573' title='bbox 128 3599 157 3643; x_wconf 86' lang='lat' dir='ltr'>et</span> <span class='ocrx_word' id='word_1_574' title='bbox 170 3588 314 3645; x_wconf 87' lang='lat' dir='ltr'>sindonem</span> <span class='ocrx_word' id='word_1_575' title='bbox 329 3590 444 3647; x_wconf 91' lang='lat' dir='ltr'>dederat</span> <span class='ocrx_word' id='word_1_576' title='bbox 459 3593 533 3648; x_wconf 88' lang='lat' dir='ltr'>Dens</span> <span class='ocrx_word' id='word_1_577' title='bbox 546 3593 574 3647; x_wconf 93' lang='lat' dir='ltr'>in</span> <span class='ocrx_word' id='word_1_578' title='bbox 589 3609 687 3648; x_wconf 92' lang='lat' dir='ltr'>munus</span> <span class='ocrx_word' id='word_1_579' title='bbox 701 3593 798 3665; x_wconf 81' lang='lat' dir='ltr'>impii?</span> <span class='ocrx_word' id='word_1_580' title='bbox 808 3594 835 3648; x_wconf 90' lang='lat' dir='ltr'>iu</span> <span class='ocrx_word' id='word_1_581' title='bbox 850 3595 927 3663; x_wconf 86' lang='lat' dir='ltr'>cnjus</span> <span class='ocrx_word' id='word_1_582' title='bbox 981 3590 1129 3661; x_wconf 87' lang='lat' dir='ltr'>lescunque</span> <span class='ocrx_word' id='word_1_583' title='bbox 1143 3591 1205 3646; x_wconf 81' lang='lat' dir='ltr'>vitm</span> <span class='ocrx_word' id='word_1_584' title='bbox 1220 3590 1309 3661; x_wconf 83' lang='lat' dir='ltr'>liujus,</span> <span class='ocrx_word' id='word_1_585' title='bbox 1327 3589 1404 3660; x_wconf 88' lang='lat' dir='ltr'>pauci</span> <span class='ocrx_word' id='word_1_586' title='bbox 1425 3595 1453 3644; x_wconf 94' lang='lat' dir='ltr'>et</span> <span class='ocrx_word' id='word_1_587' title='bbox 1467 3585 1531 3643; x_wconf 89' lang='lat' dir='ltr'>mali</span> <span class='ocrx_word' id='word_1_588' title='bbox 1545 3595 1617 3654; x_wconf 87' lang='lat' dir='ltr'>sunt,</span> <span class='ocrx_word' id='word_1_589' title='bbox 1634 3587 1704 3644; x_wconf 89' lang='lat' dir='ltr'>sicut</span> <span class='ocrx_word' id='word_1_590' title='bbox 1718 3605 1782 3644; x_wconf 91' lang='lat' dir='ltr'>san·</span> 
     </span>
     <span class='ocr_line' id='line_1_65' title="bbox 128 3675 1782 3753; baseline 0.002 -23"><span class='ocrx_word' id='word_1_591' title='bbox 128 3676 285 3733; x_wconf 81' lang='lat' dir='ltr'>facultatem</span> <span class='ocrx_word' id='word_1_592' title='bbox 309 3689 337 3734; x_wconf 88' lang='lat' dir='ltr'>et</span> <span class='ocrx_word' id='word_1_593' title='bbox 364 3693 473 3735; x_wconf 86' lang='lat' dir='ltr'>carnem</span> <span class='ocrx_word' id='word_1_594' title='bbox 492 3681 561 3735; x_wconf 87' lang='lat' dir='ltr'>dans</span> <span class='ocrx_word' id='word_1_595' title='bbox 582 3687 757 3753; x_wconf 90' lang='lat' dir='ltr'>potestatem,</span> <span class='ocrx_word' id='word_1_596' title='bbox 782 3683 927 3738; x_wconf 76' lang='lat' dir='ltr'>Venerato·</span> <span class='ocrx_word' id='word_1_597' title='bbox 981 3685 1041 3734; x_wconf 84' lang='lat' dir='ltr'>otus</span> <span class='ocrx_word' id='word_1_598' title='bbox 1064 3678 1215 3750; x_wconf 88' lang='lat' dir='ltr'>patriarcha</span> <span class='ocrx_word' id='word_1_599' title='bbox 1239 3684 1354 3733; x_wconf 86' lang='lat' dir='ltr'>testatur</span> <span class='ocrx_word' id='word_1_600' title='bbox 1373 3678 1454 3748; x_wconf 81' lang='lat' dir='ltr'>(Gen,</span> <span class='ocrx_word' id='word_1_601' title='bbox 1475 3691 1562 3747; x_wconf 81' lang='lat' dir='ltr'>xnrrr,</span> <span class='ocrx_word' id='word_1_602' title='bbox 1587 3675 1626 3746; x_wconf 90' lang='grc'>9).</span> <span class='ocrx_word' id='word_1_603' title='bbox 1646 3675 1686 3732; x_wconf 93' lang='lat' dir='ltr'>lbi</span> <span class='ocrx_word' id='word_1_604' title='bbox 1717 3695 1782 3734; x_wconf 84' lang='lat' dir='ltr'>vore</span> 
     </span>
     <span class='ocr_line' id='line_1_66' title="bbox 127 3763 1780 3842; baseline 0 -21"><span class='ocrx_word' id='word_1_605' title='bbox 127 3780 195 3821; x_wconf 80' lang='lat' dir='ltr'>mco</span> <span class='ocrx_word' id='word_1_606' title='bbox 209 3767 348 3834; x_wconf 83' lang='lat' dir='ltr'>enimam,</span> <span class='ocrx_word' id='word_1_607' title='bbox 363 3769 410 3832; x_wconf 85' lang='lat' dir='ltr'>ait,</span> <span class='ocrx_word' id='word_1_608' title='bbox 429 3770 508 3826; x_wconf 81' lang='lat' dir='ltr'>illios</span> <span class='ocrx_word' id='word_1_609' title='bbox 522 3785 603 3826; x_wconf 84' lang='lat' dir='ltr'>seron</span> <span class='ocrx_word' id='word_1_610' title='bbox 621 3769 680 3842; x_wconf 77' lang='lat' dir='ltr'>(lob</span> <span class='ocrx_word' id='word_1_611' title='bbox 700 3786 731 3836; x_wconf 93' lang='lat' dir='ltr'>rr,</span> <span class='ocrx_word' id='word_1_612' title='bbox 747 3773 785 3838; x_wconf 84' lang='lat'>6).</span> <span class='ocrx_word' id='word_1_613' title='bbox 800 3771 840 3825; x_wconf 92' lang='lat' dir='ltr'>lta</span> <span class='ocrx_word' id='word_1_614' title='bbox 859 3785 927 3842; x_wconf 88' lang='lat' dir='ltr'>ergo</span> <span class='ocrx_word' id='word_1_615' title='bbox 982 3767 1149 3838; x_wconf 80' lang='lat' dir='ltr'>vivitur,ulri</span> <span class='ocrx_word' id='word_1_616' title='bbox 1167 3766 1257 3823; x_wconf 88' lang='lat' dir='ltr'>vivida</span> <span class='ocrx_word' id='word_1_617' title='bbox 1272 3765 1326 3821; x_wconf 91' lang='lat' dir='ltr'>vita</span> <span class='ocrx_word' id='word_1_618' title='bbox 1344 3773 1387 3821; x_wconf 85' lang='lat' dir='ltr'>est</span> <span class='ocrx_word' id='word_1_619' title='bbox 1404 3769 1432 3820; x_wconf 88' lang='lat' dir='ltr'>et</span> <span class='ocrx_word' id='word_1_620' title='bbox 1449 3763 1549 3822; x_wconf 81' lang='lat' dir='ltr'>vitulis:</span> <span class='ocrx_word' id='word_1_621' title='bbox 1571 3763 1609 3819; x_wconf 92' lang='lat' dir='ltr'>ibi</span> <span class='ocrx_word' id='word_1_622' title='bbox 1626 3764 1685 3820; x_wconf 85' lang='lat' dir='ltr'>dies</span> <span class='ocrx_word' id='word_1_623' title='bbox 1699 3765 1780 3834; x_wconf 92' lang='lat' dir='ltr'>boni,</span> 
     </span>
     <span class='ocr_line' id='line_1_67' title="bbox 127 3852 1781 3925; baseline 0.002 -19"><span class='ocrx_word' id='word_1_624' title='bbox 127 3868 238 3910; x_wconf 88' lang='lat' dir='ltr'>sursum</span> <span class='ocrx_word' id='word_1_625' title='bbox 253 3869 311 3920; x_wconf 87' lang='lat' dir='ltr'>cor,</span> <span class='ocrx_word' id='word_1_626' title='bbox 326 3871 433 3911; x_wconf 90' lang='lat' dir='ltr'>sursum</span> <span class='ocrx_word' id='word_1_627' title='bbox 448 3858 561 3925; x_wconf 89' lang='lat' dir='ltr'>clamor,</span> <span class='ocrx_word' id='word_1_628' title='bbox 576 3874 682 3914; x_wconf 89' lang='lat' dir='ltr'>sursum</span> <span class='ocrx_word' id='word_1_629' title='bbox 694 3857 842 3924; x_wconf 88' lang='lat' dir='ltr'>desideria,</span> <span class='ocrx_word' id='word_1_630' title='bbox 863 3875 925 3913; x_wconf 88' lang='lat' dir='ltr'>snr-</span> <span class='ocrx_word' id='word_1_631' title='bbox 982 3857 1028 3912; x_wconf 84' lang='lat' dir='ltr'>utri</span> <span class='ocrx_word' id='word_1_632' title='bbox 1057 3853 1263 3912; x_wconf 88' lang='lat' dir='ltr'>interminabilis</span> <span class='ocrx_word' id='word_1_633' title='bbox 1287 3853 1428 3925; x_wconf 90' lang='lat' dir='ltr'>longitudo</span> <span class='ocrx_word' id='word_1_634' title='bbox 1458 3852 1573 3910; x_wconf 87' lang='lat' dir='ltr'>dierum.</span> <span class='ocrx_word' id='word_1_635' title='bbox 1607 3852 1715 3910; x_wconf 84' lang='lat' dir='ltr'>Gratias</span> <span class='ocrx_word' id='word_1_636' title='bbox 1744 3856 1781 3925; x_wconf 88' lang='lat' dir='ltr'>ei,</span> 
     </span>
     <span class='ocr_line' id='line_1_68' title="bbox 127 3940 1781 4017; baseline 0.003 -21"><span class='ocrx_word' id='word_1_637' title='bbox 127 3958 186 3996; x_wconf 83' lang='lat' dir='ltr'>snrn</span> <span class='ocrx_word' id='word_1_638' title='bbox 202 3943 384 4017; x_wconf 87' lang='lat' dir='ltr'>conversatio,</span> <span class='ocrx_word' id='word_1_639' title='bbox 399 3961 504 4001; x_wconf 89' lang='lat' dir='ltr'>sursum</span> <span class='ocrx_word' id='word_1_640' title='bbox 524 3946 652 4011; x_wconf 87' lang='lat' dir='ltr'>intentio,</span> <span class='ocrx_word' id='word_1_641' title='bbox 673 3954 701 4002; x_wconf 89' lang='lat' dir='ltr'>et</span> <span class='ocrx_word' id='word_1_642' title='bbox 719 3947 808 4003; x_wconf 89' lang='lat' dir='ltr'>omnis</span> <span class='ocrx_word' id='word_1_643' title='bbox 828 3962 927 4017; x_wconf 78' lang='lat' dir='ltr'>exspe-</span> <span class='ocrx_word' id='word_1_644' title='bbox 982 3943 1027 4015; x_wconf 93' lang='lat' dir='ltr'>qui</span> <span class='ocrx_word' id='word_1_645' title='bbox 1043 3951 1097 3997; x_wconf 89' lang='lat' dir='ltr'>tam</span> <span class='ocrx_word' id='word_1_646' title='bbox 1120 3959 1173 3998; x_wconf 91' lang='lat' dir='ltr'>non</span> <span class='ocrx_word' id='word_1_647' title='bbox 1189 3943 1270 3998; x_wconf 92' lang='lat' dir='ltr'>modo</span> <span class='ocrx_word' id='word_1_648' title='bbox 1293 3940 1409 4007; x_wconf 75' lang='lat' dir='ltr'>scruter,</span> <span class='ocrx_word' id='word_1_649' title='bbox 1425 3941 1474 3997; x_wconf 88' lang='lat' dir='ltr'>sed</span> <span class='ocrx_word' id='word_1_650' title='bbox 1494 3951 1522 3998; x_wconf 83' lang='lat' dir='ltr'>ct</span> <span class='ocrx_word' id='word_1_651' title='bbox 1542 3942 1663 3999; x_wconf 79' lang='lat' dir='ltr'>suaviter</span> <span class='ocrx_word' id='word_1_652' title='bbox 1686 3942 1781 4017; x_wconf 89' lang='lat' dir='ltr'>dispo·</span> 
     </span>
     <span class='ocr_line' id='line_1_69' title="bbox 125 4029 1778 4102; baseline 0.002 -18"><span class='ocrx_word' id='word_1_653' title='bbox 125 4031 210 4086; x_wconf 88' lang='lat' dir='ltr'>ctatio</span> <span class='ocrx_word' id='word_1_654' title='bbox 224 4037 270 4086; x_wconf 90' lang='lat' dir='ltr'>tua</span> <span class='ocrx_word' id='word_1_655' title='bbox 284 4031 428 4089; x_wconf 87' lang='lat' dir='ltr'>desursum</span> <span class='ocrx_word' id='word_1_656' title='bbox 453 4033 498 4095; x_wconf 90' lang='lat' dir='ltr'>sit.</span> <span class='ocrx_word' id='word_1_657' title='bbox 518 4034 610 4092; x_wconf 82' lang='lat' dir='ltr'>clema</span> <span class='ocrx_word' id='word_1_658' title='bbox 634 4036 661 4089; x_wconf 93' lang='lat' dir='ltr'>in</span> <span class='ocrx_word' id='word_1_659' title='bbox 685 4036 784 4092; x_wconf 88' lang='lat' dir='ltr'>coelum</span> <span class='ocrx_word' id='word_1_660' title='bbox 800 4042 830 4090; x_wconf 92' lang='lat' dir='ltr'>nt</span> <span class='ocrx_word' id='word_1_661' title='bbox 844 4051 926 4092; x_wconf 83' lang='lat' dir='ltr'>errau-</span> <span class='ocrx_word' id='word_1_662' title='bbox 982 4031 1022 4088; x_wconf 92' lang='lat' dir='ltr'>nit</span> <span class='ocrx_word' id='word_1_663' title='bbox 1039 4031 1174 4088; x_wconf 87' lang='lat' dir='ltr'>universa.</span> <span class='ocrx_word' id='word_1_664' title='bbox 1199 4031 1298 4087; x_wconf 82' lang='lat' dir='ltr'>Eorum</span> <span class='ocrx_word' id='word_1_665' title='bbox 1323 4046 1423 4100; x_wconf 88' lang='lat' dir='ltr'>nempe</span> <span class='ocrx_word' id='word_1_666' title='bbox 1441 4029 1564 4102; x_wconf 88' lang='lat' dir='ltr'>paucitas</span> <span class='ocrx_word' id='word_1_667' title='bbox 1579 4029 1685 4091; x_wconf 87' lang='lat' dir='ltr'>dierum</span> <span class='ocrx_word' id='word_1_668' title='bbox 1700 4031 1778 4088; x_wconf 83' lang='lat' dir='ltr'>finie-</span> 
     </span>
     <span class='ocr_line' id='line_1_70' title="bbox 126 4116 1778 4193; baseline 0.002 -21"><span class='ocrx_word' id='word_1_669' title='bbox 126 4117 219 4186; x_wconf 84' lang='lat' dir='ltr'>rliaris,</span> <span class='ocrx_word' id='word_1_670' title='bbox 237 4129 265 4175; x_wconf 89' lang='lat' dir='ltr'>et</span> <span class='ocrx_word' id='word_1_671' title='bbox 284 4121 330 4193; x_wconf 90' lang='lat' dir='ltr'>qui</span> <span class='ocrx_word' id='word_1_672' title='bbox 350 4121 377 4176; x_wconf 93' lang='lat' dir='ltr'>in</span> <span class='ocrx_word' id='word_1_673' title='bbox 392 4122 468 4179; x_wconf 81' lang='lat' dir='ltr'>omlis</span> <span class='ocrx_word' id='word_1_674' title='bbox 482 4133 525 4180; x_wconf 92' lang='lat' dir='ltr'>est</span> <span class='ocrx_word' id='word_1_675' title='bbox 537 4124 616 4180; x_wconf 85' lang='lat' dir='ltr'>Pater</span> <span class='ocrx_word' id='word_1_676' title='bbox 631 4123 718 4178; x_wconf 90' lang='lat' dir='ltr'>mittat</span> <span class='ocrx_word' id='word_1_677' title='bbox 733 4123 780 4178; x_wconf 83' lang='lat' dir='ltr'>tilri</span> <span class='ocrx_word' id='word_1_678' title='bbox 795 4123 923 4180; x_wconf 87' lang='lat' dir='ltr'>auxilium</span> <span class='ocrx_word' id='word_1_679' title='bbox 982 4129 1025 4176; x_wconf 90' lang='lat' dir='ltr'>tur</span> <span class='ocrx_word' id='word_1_680' title='bbox 1042 4120 1129 4186; x_wconf 87' lang='lat' dir='ltr'>brevi,</span> <span class='ocrx_word' id='word_1_681' title='bbox 1144 4135 1259 4193; x_wconf 91' lang='lat' dir='ltr'>quorum</span> <span class='ocrx_word' id='word_1_682' title='bbox 1283 4116 1384 4175; x_wconf 85' lang='lat' dir='ltr'>sufficit</span> <span class='ocrx_word' id='word_1_683' title='bbox 1407 4117 1505 4191; x_wconf 91' lang='lat' dir='ltr'>cuique</span> <span class='ocrx_word' id='word_1_684' title='bbox 1526 4117 1625 4173; x_wconf 88' lang='lat' dir='ltr'>malitia</span> <span class='ocrx_word' id='word_1_685' title='bbox 1647 4133 1706 4174; x_wconf 88' lang='lat' dir='ltr'>sua.</span> <span class='ocrx_word' id='word_1_686' title='bbox 1728 4119 1778 4177; x_wconf 87' lang='lat' dir='ltr'>tibi</span> 
     </span>
     <span class='ocr_line' id='line_1_71' title="bbox 125 4206 1780 4279; baseline 0.001 -18"><span class='ocrx_word' id='word_1_687' title='bbox 125 4207 161 4263; x_wconf 92' lang='lat' dir='ltr'>de</span> <span class='ocrx_word' id='word_1_688' title='bbox 175 4215 281 4273; x_wconf 88' lang='lat' dir='ltr'>sancto,</span> <span class='ocrx_word' id='word_1_689' title='bbox 298 4215 326 4265; x_wconf 90' lang='lat' dir='ltr'>et</span> <span class='ocrx_word' id='word_1_690' title='bbox 341 4211 375 4265; x_wconf 91' lang='lat' dir='ltr'>de</span> <span class='ocrx_word' id='word_1_691' title='bbox 391 4211 455 4267; x_wconf 89' lang='lat' dir='ltr'>Sion</span> <span class='ocrx_word' id='word_1_692' title='bbox 471 4219 578 4268; x_wconf 90' lang='lat' dir='ltr'>tucatur</span> <span class='ocrx_word' id='word_1_693' title='bbox 596 4220 633 4270; x_wconf 91' lang='lat' dir='ltr'>te.</span> <span class='ocrx_word' id='word_1_694' title='bbox 653 4214 740 4268; x_wconf 83' lang='lat' dir='ltr'>Mittat</span> <span class='ocrx_word' id='word_1_695' title='bbox 754 4211 861 4269; x_wconf 92' lang='lat' dir='ltr'>interinr</span> <span class='ocrx_word' id='word_1_696' title='bbox 878 4228 924 4267; x_wconf 91' lang='lat' dir='ltr'>au·</span> <span class='ocrx_word' id='word_1_697' title='bbox 980 4217 1071 4265; x_wconf 86' lang='lat' dir='ltr'>autem</span> <span class='ocrx_word' id='word_1_698' title='bbox 1108 4209 1213 4265; x_wconf 89' lang='lat' dir='ltr'>dierum</span> <span class='ocrx_word' id='word_1_699' title='bbox 1248 4206 1375 4274; x_wconf 85' lang='lat' dir='ltr'>bonitas,</span> <span class='ocrx_word' id='word_1_700' title='bbox 1404 4206 1542 4263; x_wconf 77' lang='lat' dir='ltr'>aeternitas</span> <span class='ocrx_word' id='word_1_701' title='bbox 1580 4221 1690 4279; x_wconf 90' lang='lat' dir='ltr'>quoquc</span> <span class='ocrx_word' id='word_1_702' title='bbox 1725 4223 1780 4263; x_wconf 93' lang='lat' dir='ltr'>non</span> 
     </span>
     <span class='ocr_line' id='line_1_72' title="bbox 126 4288 1078 4373; baseline 0.002 -23"><span class='ocrx_word' id='word_1_703' title='bbox 126 4295 218 4351; x_wconf 83' lang='lat' dir='ltr'>xillum</span> <span class='ocrx_word' id='word_1_704' title='bbox 243 4298 426 4365; x_wconf 84' lang='lat' dir='ltr'>tribulatione,</span> <span class='ocrx_word' id='word_1_705' title='bbox 448 4301 543 4367; x_wconf 90' lang='lat' dir='ltr'>eripiat</span> <span class='ocrx_word' id='word_1_706' title='bbox 567 4319 583 4356; x_wconf 85' lang='lat' dir='ltr'>a</span> <span class='ocrx_word' id='word_1_707' title='bbox 608 4288 790 4371; x_wconf 85' lang='lat' dir='ltr'>tribulatione,</span> <span class='ocrx_word' id='word_1_708' title='bbox 816 4309 844 4358; x_wconf 88' lang='lat' dir='ltr'>et</span> <span class='ocrx_word' id='word_1_709' title='bbox 867 4300 925 4373; x_wconf 85' lang='lat' dir='ltr'>glo·</span> <span class='ocrx_word' id='word_1_710' title='bbox 980 4298 1078 4354; x_wconf 89' lang='lat' dir='ltr'>deerit.</span> 
     </span>
    </p>
   </div>
   <div class='ocr_carea' id='block_1_10' title="bbox 88 4382 1778 4465">
    <p class='ocr_par' dir='ltr' id='par_1_11' title="bbox 88 4382 1778 4465">
     <span class='ocr_line' id='line_1_73' title="bbox 88 4382 1778 4465; baseline -0.001 -26"><span class='ocrx_word' id='word_1_711' title='bbox 88 4458 94 4463; x_wconf 27' lang='grc' dir='ltr'>Ι</span> <span class='ocrx_word' id='word_1_712' title='bbox 126 4382 213 4441; x_wconf 86' lang='lat' dir='ltr'>rificet</span> <span class='ocrx_word' id='word_1_713' title='bbox 234 4385 262 4440; x_wconf 91' lang='lat' dir='ltr'>in</span> <span class='ocrx_word' id='word_1_714' title='bbox 284 4388 492 4445; x_wconf 86' lang='lat' dir='ltr'>resurrectione.</span> <span class='ocrx_word' id='word_1_715' title='bbox 514 4393 610 4465; x_wconf 84' lang='lat' dir='ltr'>llngna</span> <span class='ocrx_word' id='word_1_716' title='bbox 635 4397 699 4446; x_wconf 89' lang='lat' dir='ltr'>sunt</span> <span class='ocrx_word' id='word_1_717' title='bbox 720 4391 787 4456; x_wconf 83' lang='lat' dir='ltr'>haec,</span> <span class='ocrx_word' id='word_1_718' title='bbox 811 4391 859 4446; x_wconf 83' lang='lat' dir='ltr'>serl</span> <span class='ocrx_word' id='word_1_719' title='bbox 883 4398 922 4454; x_wconf 93' lang='lat' dir='ltr'>tu,</span> <span class='ocrx_word' id='word_1_720' title='bbox 1013 4391 1039 4444; x_wconf 78' lang='lat'>2.</span> <span class='ocrx_word' id='word_1_721' title='bbox 1060 4387 1245 4461; x_wconf 77' lang='lat' dir='ltr'>torgitudine</span> <span class='ocrx_word' id='word_1_722' title='bbox 1258 4386 1371 4442; x_wconf 83' lang='lat' dir='ltr'>dierum</span> <span class='ocrx_word' id='word_1_723' title='bbox 1389 4385 1498 4456; x_wconf 80' lang='lat' dir='ltr'>replebo</span> <span class='ocrx_word' id='word_1_724' title='bbox 1512 4401 1590 4443; x_wconf 84' lang='lat' dir='ltr'>eom.</span> <span class='ocrx_word' id='word_1_725' title='bbox 1609 4383 1688 4455; x_wconf 85' lang='lat' dir='ltr'>Quod</span> <span class='ocrx_word' id='word_1_726' title='bbox 1704 4384 1778 4454; x_wconf 84' lang='lat' dir='ltr'>prins</span> 
     </span>
    </p>
   </div>
   <div class='ocr_carea' id='block_1_11' title="bbox 121 4470 1779 5340">
    <p class='ocr_par' dir='ltr' id='par_1_12' title="bbox 125 4470 1778 4811">
     <span class='ocr_line' id='line_1_74' title="bbox 125 4470 1778 4549; baseline 0 -23"><span class='ocrx_word' id='word_1_727' title='bbox 125 4487 225 4547; x_wconf 83' lang='lat' dir='ltr'>magne</span> <span class='ocrx_word' id='word_1_728' title='bbox 240 4475 365 4544; x_wconf 89' lang='lat' dir='ltr'>Domine,</span> <span class='ocrx_word' id='word_1_729' title='bbox 377 4477 534 4548; x_wconf 87' lang='lat' dir='ltr'>promisisti.</span> <span class='ocrx_word' id='word_1_730' title='bbox 552 4481 589 4533; x_wconf 75' lang='lat' dir='ltr'>liri</span> <span class='ocrx_word' id='word_1_731' title='bbox 607 4490 650 4534; x_wconf 87' lang='lat' dir='ltr'>tua</span> <span class='ocrx_word' id='word_1_732' title='bbox 665 4478 845 4549; x_wconf 90' lang='lat' dir='ltr'>promissione</span> <span class='ocrx_word' id='word_1_733' title='bbox 865 4494 925 4547; x_wconf 89' lang='lat' dir='ltr'>spe·</span> <span class='ocrx_word' id='word_1_734' title='bbox 978 4478 1096 4533; x_wconf 80' lang='lat' dir='ltr'>dixerat:</span> <span class='ocrx_word' id='word_1_735' title='bbox 1114 4474 1277 4543; x_wconf 69' lang='lat' dir='ltr'>Glorificolro</span> <span class='ocrx_word' id='word_1_736' title='bbox 1297 4487 1373 4540; x_wconf 75' lang='lat' dir='ltr'>erem,</span> <span class='ocrx_word' id='word_1_737' title='bbox 1396 4471 1551 4528; x_wconf 89' lang='lat' dir='ltr'>evidentius</span> <span class='ocrx_word' id='word_1_738' title='bbox 1571 4472 1623 4528; x_wconf 91' lang='lat' dir='ltr'>boc</span> <span class='ocrx_word' id='word_1_739' title='bbox 1646 4470 1778 4528; x_wconf 89' lang='lat' dir='ltr'>versiculo</span> 
     </span>
     <span class='ocr_line' id='line_1_75' title="bbox 125 4557 1778 4632; baseline -0.001 -17"><span class='ocrx_word' id='word_1_740' title='bbox 125 4576 229 4628; x_wconf 87' lang='lat' dir='ltr'>ramus,</span> <span class='ocrx_word' id='word_1_741' title='bbox 254 4563 318 4620; x_wconf 89' lang='lat' dir='ltr'>inde</span> <span class='ocrx_word' id='word_1_742' title='bbox 342 4565 473 4621; x_wconf 90' lang='lat' dir='ltr'>audemus</span> <span class='ocrx_word' id='word_1_743' title='bbox 495 4566 600 4622; x_wconf 88' lang='lat' dir='ltr'>dicere:</span> <span class='ocrx_word' id='word_1_744' title='bbox 625 4567 652 4624; x_wconf 90' lang='lat' dir='ltr'>Si</span> <span class='ocrx_word' id='word_1_745' title='bbox 671 4568 753 4623; x_wconf 91' lang='lat' dir='ltr'>corde</span> <span class='ocrx_word' id='word_1_746' title='bbox 775 4566 924 4623; x_wconf 90' lang='lat' dir='ltr'>clamemus</span> <span class='ocrx_word' id='word_1_747' title='bbox 978 4565 1132 4622; x_wconf 89' lang='lat' dir='ltr'>declaravit.</span> <span class='ocrx_word' id='word_1_748' title='bbox 1153 4563 1201 4619; x_wconf 88' lang='lat' dir='ltr'>Cui</span> <span class='ocrx_word' id='word_1_749' title='bbox 1224 4572 1316 4618; x_wconf 90' lang='lat' dir='ltr'>tamen</span> <span class='ocrx_word' id='word_1_750' title='bbox 1333 4576 1389 4617; x_wconf 87' lang='grc' dir='ltr'><strong>ιιοιι</strong></span> <span class='ocrx_word' id='word_1_751' title='bbox 1404 4559 1543 4616; x_wconf 84' lang='lat' dir='ltr'>sufficeret</span> <span class='ocrx_word' id='word_1_752' title='bbox 1564 4559 1599 4614; x_wconf 91' lang='lat' dir='ltr'>ab</span> <span class='ocrx_word' id='word_1_753' title='bbox 1622 4575 1656 4616; x_wconf 86' lang='lat' dir='ltr'>eo</span> <span class='ocrx_word' id='word_1_754' title='bbox 1677 4557 1778 4632; x_wconf 85' lang='lat' dir='ltr'>glorifi-</span> 
     </span>
     <span class='ocr_line' id='line_1_76' title="bbox 125 4646 1778 4726; baseline -0.002 -22"><span class='ocrx_word' id='word_1_755' title='bbox 125 4649 183 4721; x_wconf 92' lang='lat' dir='ltr'>pio,</span> <span class='ocrx_word' id='word_1_756' title='bbox 202 4659 278 4708; x_wconf 87' lang='lat' dir='ltr'>certe</span> <span class='ocrx_word' id='word_1_757' title='bbox 292 4653 377 4709; x_wconf 85' lang='lat' dir='ltr'>debes</span> <span class='ocrx_word' id='word_1_758' title='bbox 394 4672 427 4709; x_wconf 87' lang='lat' dir='ltr'>ex</span> <span class='ocrx_word' id='word_1_759' title='bbox 443 4655 576 4726; x_wconf 90' lang='lat' dir='ltr'>promisso</span> <span class='ocrx_word' id='word_1_760' title='bbox 590 4656 657 4726; x_wconf 71' lang='lat' dir='ltr'>(Bb).</span> <span class='ocrx_word' id='word_1_761' title='bbox 674 4656 776 4712; x_wconf 78' lang='lat' dir='ltr'>Amen.</span> <span class='ocrx_word' id='word_1_762' title='bbox 977 4654 1043 4720; x_wconf 88' lang='lat' dir='ltr'>cari,</span> <span class='ocrx_word' id='word_1_763' title='bbox 1055 4655 1132 4723; x_wconf 76' lang='lat' dir='ltr'>ouius</span> <span class='ocrx_word' id='word_1_764' title='bbox 1145 4652 1267 4724; x_wconf 88' lang='lat' dir='ltr'>perlecta</span> <span class='ocrx_word' id='word_1_765' title='bbox 1280 4657 1344 4707; x_wconf 91' lang='lat' dir='ltr'>sunt</span> <span class='ocrx_word' id='word_1_766' title='bbox 1359 4647 1461 4722; x_wconf 73' lang='lat' dir='ltr'>operat</span> <span class='ocrx_word' id='word_1_767' title='bbox 1475 4649 1535 4704; x_wconf 86' lang='lat' dir='ltr'>Non</span> <span class='ocrx_word' id='word_1_768' title='bbox 1550 4646 1622 4703; x_wconf 88' lang='lat' dir='ltr'>enirn</span> <span class='ocrx_word' id='word_1_769' title='bbox 1638 4655 1712 4703; x_wconf 85' lang='lat' dir='ltr'>tanta</span> <span class='ocrx_word' id='word_1_770' title='bbox 1724 4646 1778 4702; x_wconf 91' lang='lat' dir='ltr'>im-</span> 
     </span>
     <span class='ocr_line' id='line_1_77' title="bbox 358 4733 1778 4811; baseline -0.005 -12"><span class='ocrx_word' id='word_1_771' title='bbox 358 4741 444 4801; x_wconf 67' lang='lat'>875</span> <span class='ocrx_word' id='word_1_772' title='bbox 463 4743 581 4800; x_wconf 79' lang='lat' dir='ltr'>Slillth</span> <span class='ocrx_word' id='word_1_773' title='bbox 605 4745 689 4800; x_wconf 83' lang='lat' dir='ltr'>XVII.</span> <span class='ocrx_word' id='word_1_774' title='bbox 978 4742 1116 4808; x_wconf 86' lang='lat' dir='ltr'>mensitas,</span> <span class='ocrx_word' id='word_1_775' title='bbox 1138 4740 1190 4796; x_wconf 88' lang='lat' dir='ltr'>nisi</span> <span class='ocrx_word' id='word_1_776' title='bbox 1214 4739 1242 4794; x_wconf 95' lang='lat' dir='ltr'>in</span> <span class='ocrx_word' id='word_1_777' title='bbox 1263 4738 1424 4794; x_wconf 87' lang='lat' dir='ltr'>immensum</span> <span class='ocrx_word' id='word_1_778' title='bbox 1449 4735 1605 4811; x_wconf 86' lang='lat' dir='ltr'>quempiam</span> <span class='ocrx_word' id='word_1_779' title='bbox 1623 4733 1778 4808; x_wconf 82' lang='lat' dir='ltr'>glorificare</span> 
     </span>
    </p>

    <p class='ocr_par' dir='ltr' id='par_1_13' title="bbox 124 4822 1779 4994">
     <span class='ocr_line' id='line_1_78' title="bbox 124 4822 1778 4958; baseline -0.002 -74"><span class='ocrx_word' id='word_1_780' title='bbox 124 4831 162 4885; x_wconf 83' lang='lat' dir='ltr'>lle</span> <span class='ocrx_word' id='word_1_781' title='bbox 174 4843 257 4886; x_wconf 79' lang='lat' dir='ltr'>uerso</span> <span class='ocrx_word' id='word_1_782' title='bbox 271 4829 377 4889; x_wconf 79' lang='lat' dir='ltr'>decimo</span> <span class='ocrx_word' id='word_1_783' title='bbox 388 4833 541 4958; x_wconf 49' lang='lat' dir='ltr'>septime«</span> <span class='ocrx_word' id='word_1_784' title='bbox 557 4834 866 4905; x_wconf 64' lang='lat' dir='ltr'>temperamentorum</span> <span class='ocrx_word' id='word_1_785' title='bbox 883 4850 923 4891; x_wconf 85' lang='lat' dir='ltr'>re·</span> <span class='ocrx_word' id='word_1_786' title='bbox 977 4840 1077 4904; x_wconf 88' lang='lat' dir='ltr'>potest.</span> <span class='ocrx_word' id='word_1_787' title='bbox 1085 4831 1204 4887; x_wconf 86' lang='lat' dir='ltr'>Necesse</span> <span class='ocrx_word' id='word_1_788' title='bbox 1214 4838 1255 4886; x_wconf 92' lang='lat' dir='ltr'>est</span> <span class='ocrx_word' id='word_1_789' title='bbox 1266 4844 1365 4901; x_wconf 87' lang='lat' dir='ltr'>magna</span> <span class='ocrx_word' id='word_1_790' title='bbox 1381 4827 1417 4883; x_wconf 89' lang='lat' dir='ltr'>sit</span> <span class='ocrx_word' id='word_1_791' title='bbox 1427 4824 1624 4899; x_wconf 85' lang='lat' dir='ltr'>glorificatio,a</span> <span class='ocrx_word' id='word_1_792' title='bbox 1634 4822 1778 4899; x_wconf 82' lang='lat' dir='ltr'>magnilica</span> 
     </span>
     <span class='ocr_line' id='line_1_79' title="bbox 388 4903 1779 4994; baseline -0.004 -18"><span class='ocrx_word' id='word_1_793' title='bbox 388 4903 467 4976; x_wconf 61' lang='grc' dir='ltr'>Ρθὺῡ</span> <span class='ocrx_word' id='word_1_794' title='bbox 481 4920 555 4971; x_wconf 59' lang='grc' dir='ltr'>ΝΜ,</span> <span class='ocrx_word' id='word_1_795' title='bbox 573 4924 586 4955; x_wconf 69' lang='lat' dir='ltr'>r</span> <span class='ocrx_word' id='word_1_796' title='bbox 603 4912 656 4960; x_wconf 67' lang='lat'>²¹0·</span> <span class='ocrx_word' id='word_1_797' title='bbox 977 4921 1064 4994; x_wconf 83' lang='lat' dir='ltr'>gloria</span> <span class='ocrx_word' id='word_1_798' title='bbox 1086 4936 1148 4992; x_wconf 78' lang='lat' dir='ltr'>qnae</span> <span class='ocrx_word' id='word_1_799' title='bbox 1175 4917 1326 4976; x_wconf 86' lang='lat' dir='ltr'>descendit.</span> <span class='ocrx_word' id='word_1_800' title='bbox 1355 4919 1421 4974; x_wconf 80' lang='lat' dir='ltr'>Voce</span> <span class='ocrx_word' id='word_1_801' title='bbox 1439 4915 1556 4988; x_wconf 81' lang='lat' dir='ltr'>delapso</span> <span class='ocrx_word' id='word_1_802' title='bbox 1579 4932 1597 4971; x_wconf 86' lang='lat' dir='ltr'>a</span> <span class='ocrx_word' id='word_1_803' title='bbox 1623 4915 1779 4991; x_wconf 74' lang='lat' dir='ltr'>mopnt&#39;fico</span> 
     </span>
    </p>

    <p class='ocr_par' dir='ltr' id='par_1_14' title="bbox 121 4987 1779 5340">
     <span class='ocr_line' id='line_1_80' title="bbox 163 4987 1779 5084; baseline -0.006 -17"><span class='ocrx_word' id='word_1_804' title='bbox 163 4989 188 5042; x_wconf 83' lang='lat'>¹·</span> <span class='ocrx_word' id='word_1_805' title='bbox 219 4987 292 5046; x_wconf 67' lang='lat'>30⁰⁰</span> <span class='ocrx_word' id='word_1_806' title='bbox 320 4989 460 5048; x_wconf 63' lang='lat' dir='ltr'>¹¹⁰bi⁸0¹¹⁰¹</span> <span class='ocrx_word' id='word_1_807' title='bbox 484 4993 583 5064; x_wconf 89' lang='lat' dir='ltr'>agitur,</span> <span class='ocrx_word' id='word_1_808' title='bbox 617 4991 728 5060; x_wconf 59' lang='lat' dir='ltr'>smmi</span> <span class='ocrx_word' id='word_1_809' title='bbox 760 4992 826 5048; x_wconf 51' lang='lat'>⁵³5⁸</span> <span class='ocrx_word' id='word_1_810' title='bbox 849 5009 922 5050; x_wconf 70' lang='lat'><strong>⁰⁰¹⁰·</strong></span> <span class='ocrx_word' id='word_1_811' title='bbox 977 5011 1080 5084; x_wconf 79' lang='lat' dir='ltr'>gloria,</span> <span class='ocrx_word' id='word_1_812' title='bbox 1103 5008 1140 5064; x_wconf 89' lang='lat' dir='ltr'>ait</span> <span class='ocrx_word' id='word_1_813' title='bbox 1155 5009 1252 5064; x_wconf 88' lang='lat' dir='ltr'>Petrus</span> <span class='ocrx_word' id='word_1_814' title='bbox 1269 5006 1309 5077; x_wconf 84' lang='lat' dir='ltr'>(ll</span> <span class='ocrx_word' id='word_1_815' title='bbox 1330 5007 1406 5062; x_wconf 78' lang='lat' dir='ltr'>Pro.</span> <span class='ocrx_word' id='word_1_816' title='bbox 1428 5019 1449 5072; x_wconf 84' lang='lat' dir='ltr'>r,</span> <span class='ocrx_word' id='word_1_817' title='bbox 1470 5004 1525 5074; x_wconf 80' lang='grc' dir='ltr'>Π).</span> <span class='ocrx_word' id='word_1_818' title='bbox 1546 5004 1619 5060; x_wconf 86' lang='lat' dir='ltr'>Bene</span> <span class='ocrx_word' id='word_1_819' title='bbox 1635 5001 1779 5077; x_wconf 81' lang='lat' dir='ltr'>magnilica</span> 
     </span>
     <span class='ocr_line' id='line_1_81' title="bbox 123 5077 1778 5174; baseline -0.001 -26"><span class='ocrx_word' id='word_1_820' title='bbox 123 5078 194 5148; x_wconf 66' lang='grc' dir='ltr'><strong>Ρθῑῑῑ</strong></span> <span class='ocrx_word' id='word_1_821' title='bbox 222 5077 283 5134; x_wconf 63' lang='lat' dir='ltr'>hnic</span> <span class='ocrx_word' id='word_1_822' title='bbox 319 5081 434 5152; x_wconf 88' lang='lat' dir='ltr'>tempori</span> <span class='ocrx_word' id='word_1_823' title='bbox 469 5098 565 5138; x_wconf 65' lang='lat' dir='ltr'>llefflls</span> <span class='ocrx_word' id='word_1_824' title='bbox 598 5080 705 5137; x_wconf 63' lang='lat' dir='ltr'>Psalmi·</span> <span class='ocrx_word' id='word_1_825' title='bbox 743 5081 924 5139; x_wconf 56' lang='lat' dir='ltr'>celebraturis</span> <span class='ocrx_word' id='word_1_826' title='bbox 978 5097 1074 5174; x_wconf 82' lang='lat' dir='ltr'>gloria,</span> <span class='ocrx_word' id='word_1_827' title='bbox 1092 5093 1246 5169; x_wconf 82' lang='lat' dir='ltr'>glorificans</span> <span class='ocrx_word' id='word_1_828' title='bbox 1266 5099 1318 5149; x_wconf 92' lang='lat' dir='ltr'>tam</span> <span class='ocrx_word' id='word_1_829' title='bbox 1337 5090 1491 5166; x_wconf 84' lang='lat' dir='ltr'>magnifice,</span> <span class='ocrx_word' id='word_1_830' title='bbox 1507 5090 1534 5146; x_wconf 91' lang='lat' dir='ltr'>in</span> <span class='ocrx_word' id='word_1_831' title='bbox 1553 5090 1734 5164; x_wconf 87' lang='lat' dir='ltr'>longitndine,</span> <span class='ocrx_word' id='word_1_832' title='bbox 1751 5092 1778 5147; x_wconf 89' lang='lat' dir='ltr'>in</span> 
     </span>
     <span class='ocr_line' id='line_1_82' title="bbox 123 5166 1777 5255; baseline -0.002 -15"><span class='ocrx_word' id='word_1_833' title='bbox 123 5166 250 5240; x_wconf 79' lang='lat' dir='ltr'>proxime</span> <span class='ocrx_word' id='word_1_834' title='bbox 289 5168 458 5226; x_wconf 80' lang='lat' dir='ltr'>uomintcam</span> <span class='ocrx_word' id='word_1_835' title='bbox 487 5168 737 5235; x_wconf 79' lang='lat' dir='ltr'>Resurrectionem,</span> <span class='ocrx_word' id='word_1_836' title='bbox 760 5170 816 5240; x_wconf 65' lang='lat' dir='ltr'>iam</span> <span class='ocrx_word' id='word_1_837' title='bbox 852 5187 925 5227; x_wconf 71' lang='lat' dir='ltr'>nune</span> <span class='ocrx_word' id='word_1_838' title='bbox 978 5186 1159 5254; x_wconf 76' lang='lat' dir='ltr'>murrrruune,</span> <span class='ocrx_word' id='word_1_839' title='bbox 1183 5184 1210 5239; x_wconf 75' lang='grc' dir='ltr'><strong>ιη</strong></span> <span class='ocrx_word' id='word_1_840' title='bbox 1230 5182 1396 5255; x_wconf 68' lang='lat' dir='ltr'>premortuo</span> <span class='ocrx_word' id='word_1_841' title='bbox 1414 5179 1552 5237; x_wconf 72' lang='lat' dir='ltr'>cernaris.</span> <span class='ocrx_word' id='word_1_842' title='bbox 1569 5179 1659 5237; x_wconf 79' lang='lat' dir='ltr'>narrar</span> <span class='ocrx_word' id='word_1_843' title='bbox 1678 5180 1777 5252; x_wconf 71' lang='lat' dir='ltr'>grorra,</span> 
     </span>
     <span class='ocr_line' id='line_1_83' title="bbox 121 5256 1779 5340; baseline -0.003 -28"><span class='ocrx_word' id='word_1_844' title='bbox 121 5256 224 5327; x_wconf 88' lang='lat' dir='ltr'>cuique</span> <span class='ocrx_word' id='word_1_845' title='bbox 252 5265 373 5312; x_wconf 89' lang='lat' dir='ltr'>nostrum</span> <span class='ocrx_word' id='word_1_846' title='bbox 399 5272 448 5313; x_wconf 89' lang='lat' dir='ltr'>sua</span> <span class='ocrx_word' id='word_1_847' title='bbox 480 5257 645 5328; x_wconf 90' lang='lat' dir='ltr'>promittitur</span> <span class='ocrx_word' id='word_1_848' title='bbox 668 5276 673 5314; x_wconf 94' lang='lat'>:</span> <span class='ocrx_word' id='word_1_849' title='bbox 696 5267 725 5313; x_wconf 92' lang='lat' dir='ltr'>ut</span> <span class='ocrx_word' id='word_1_850' title='bbox 747 5257 870 5313; x_wconf 77' lang='lat' dir='ltr'>festivius</span> <span class='ocrx_word' id='word_1_851' title='bbox 896 5259 923 5315; x_wconf 89' lang='lat' dir='ltr'>in</span> <span class='ocrx_word' id='word_1_852' title='bbox 979 5284 1088 5335; x_wconf 54' lang='lat' dir='ltr'>mana</span> <span class='ocrx_word' id='word_1_853' title='bbox 1107 5281 1149 5329; x_wconf 57' lang='lat' dir='ltr'>est</span> <span class='ocrx_word' id='word_1_854' title='bbox 1165 5272 1282 5338; x_wconf 59' lang='lat' dir='ltr'>claritas,</span> <span class='ocrx_word' id='word_1_855' title='bbox 1303 5271 1362 5327; x_wconf 66' lang='lat' dir='ltr'>dies</span> <span class='ocrx_word' id='word_1_856' title='bbox 1385 5268 1527 5326; x_wconf 69' lang='lat' dir='ltr'>hominum</span> <span class='ocrx_word' id='word_1_857' title='bbox 1548 5267 1648 5325; x_wconf 58' lang='lat' dir='ltr'>brevis,</span> <span class='ocrx_word' id='word_1_858' title='bbox 1665 5267 1779 5340; x_wconf 61' lang='lat' dir='ltr'>Sapiens</span> 
     </span>
    </p>
   </div>
   <div class='ocr_carea' id='block_1_12' title="bbox 159 5337 1777 5437">
    <p class='ocr_par' dir='ltr' id='par_1_15' title="bbox 159 5337 1777 5437">
     <span class='ocr_line' id='line_1_84' title="bbox 159 5337 1777 5437; baseline -0.001 -20"><span class='ocrx_word' id='word_1_859' title='bbox 159 5360 216 5432; x_wconf 82' lang='grc'><strong>(36)</strong></span> <span class='ocrx_word' id='word_1_860' title='bbox 228 5360 257 5417; x_wconf 93' lang='lat' dir='ltr'>ln</span> <span class='ocrx_word' id='word_1_861' title='bbox 272 5361 372 5434; x_wconf 79' lang='lat' dir='ltr'>hymno</span> <span class='ocrx_word' id='word_1_862' title='bbox 388 5337 620 5435; x_wconf 77' lang='lat' dir='ltr'>Quadragesimae.</span> <span class='ocrx_word' id='word_1_863' title='bbox 980 5363 1113 5437; x_wconf 89' lang='lat' dir='ltr'>ejusmodi</span> <span class='ocrx_word' id='word_1_864' title='bbox 1135 5377 1190 5420; x_wconf 90' lang='lat' dir='ltr'>non</span> <span class='ocrx_word' id='word_1_865' title='bbox 1208 5360 1323 5432; x_wconf 82' lang='lat' dir='ltr'>optavit3</span> <span class='ocrx_word' id='word_1_866' title='bbox 1345 5359 1431 5431; x_wconf 85' lang='lat' dir='ltr'>magis</span> <span class='ocrx_word' id='word_1_867' title='bbox 1447 5358 1572 5432; x_wconf 89' lang='lat' dir='ltr'>loquetur</span> <span class='ocrx_word' id='word_1_868' title='bbox 1594 5372 1628 5414; x_wconf 83' lang='lat' dir='ltr'>en</span> <span class='ocrx_word' id='word_1_869' title='bbox 1649 5357 1732 5416; x_wconf 86' lang='lat' dir='ltr'>eorde</span> <span class='ocrx_word' id='word_1_870' title='bbox 1752 5360 1777 5418; x_wconf 89' lang='lat' dir='ltr'>ei</span> 
     </span>
    </p>
   </div>
   <div class='ocr_carea' id='block_1_13' title="bbox 0 0 1872 5948">
    <p class='ocr_par' dir='ltr' id='par_1_16' title="bbox 0 0 1872 5948">
     <span class='ocr_line' id='line_1_85' title="bbox 0 0 1872 5948; baseline 0 4"><span class='ocrx_word' id='word_1_871' title='bbox 0 0 1872 5948; x_wconf 95' lang='lat' dir='ltr'> </span> 
     </span>
    </p>
   </div>
  </div>
 </body>
</html>
