3734 5948
105 302 108 307 ·
185 279 239 338 ³³9
635 280 664 336 S.
679 276 856 336 BERNARDI
875 274 1021 335 munus
1034 277 1372 342 cutum-vtttuusts
1780 292 1837 348 310

182 403 402 473 obstinationem,
427 407 456 459 et
478 400 673 475 nequissimum
696 401 790 459 vitium
807 400 981 475 singularita-
998 417 1054 500 ga
1081 405 1177 478 gratia,
1199 422 1281 479 quam
1297 423 1351 465 non
1375 416 1405 464 ut
1427 410 1542 481 gratiam
1555 420 1723 468 venerantur
1742 413 1840 487 [atius.

185 494 235 555 tis:
257 493 309 550 nisi
328 491 408 559 torte,
427 491 500 565 quod
514 489 598 547 absitl
624 491 749 547 fraudare
776 489 855 547 uuus
879 490 983 547 animas
1037 492 1158 568 habeutl.

169 576 291 642 'vestras
303 580 380 654 panis
394 579 484 639 edulio
493 580 639 638 benedicti.
1073 587 1098 638 2.
1119 584 1188 639 Nam
1203 585 1238 641 de
1262 601 1295 642 eo
1320 587 1384 659 quid
1407 585 1505 658 dicam,
1531 589 1578 660 qui
1602 589 1629 644 in
1649 606 1791 647 murmure
1812 602 1840 648 ct

117 748 122 752 ἡ
219 674 247 730 i.
266 673 327 727 iam
344 685 420 741 vero,
443 686 477 727 ne
496 669 604 745 longius
625 668 782 740 protraham
795 682 854 735 vos,
874 674 980 741 septem
1034 672 1201 743 impatientia
1222 674 1359 733 obstinate
1380 676 1511 747 perdurat
1538 677 1643 745 animo;
1673 688 1722 736 aut
1750 697 1835 754 quern

183 775 270 834 panes
284 759 383 836 quibus
404 756 571 823 reficiamini,
596 755 639 812 isti
663 766 736 813 sunt.
761 756 865 815 Primus
892 757 979 829 panis,
1034 761 1149 832 poenitet
1166 762 1313 820 adhaesisse
1327 765 1397 833 Deo,
1413 770 1440 820 et
1463 772 1558 820 eontra
1571 781 1686 836 merem,
1700 774 1836 826 etcoutru

183 849 379 917 verbumDei3
396 845 560 921 inquesita
579 845 697 902 hominis
716 852 767 911 est,
788 847 857 903 sicut
875 855 902 903 et
921 847 980 918 ipse
1034 849 1176 917 rationem,
1199 852 1300 908 benum
1319 851 1418 909 iactum
1437 853 1597 924 paenitentia
1615 855 1773 922 comitatur,
1790 858 1836 928 qui

184 943 299 996 testatur
320 937 394 1010 (Lac.
407 949 448 1003 ιν,
468 935 508 1007 t).
536 933 677 991 Secundus
704 935 792 1007 panis,
823 935 980 992 obedientia
1033 938 1092 994 sine
1110 939 1193 995 dubio
1208 940 1424 998 miserationibus
1439 942 1489 998 Dei
1503 958 1558 998 nou
1577 944 1659 999 modo
1674 961 1731 1001 nen
1751 946 1836 1001 habet

183 1035 240 1095 eat3
256 1024 382 1100 quoniam
396 1039 475 1082 meus
488 1023 566 1081 cidus
580 1028 632 1094 est,
648 1024 745 1097 inquit,
761 1029 794 1082 ut
810 1027 917 1096 semem
931 1042 979 1083 ve·
1032 1027 1215 1098 gratiamsed
1229 1031 1451 1087 etcontumeliam
1471 1032 1579 1088 redditi
1598 1032 1716 1090 Omnino
1745 1034 1832 1104 enim,

186 1121 329 1176 tentatam
343 1112 468 1186 ejusqui
480 1114 560 1170 misit
576 1129 622 1170 mc
636 1113 728 1185 (dena.
743 1129 783 1180 tv,
800 1115 855 1185 34).
873 1113 980 1169 Tertius
1033 1117 1200 1187 quantumin
1224 1133 1254 1174 se
1278 1127 1330 1186 est,
1354 1119 1498 1175 inhonorat
1522 1136 1584 1176 eum
1603 1136 1619 1174 a
1643 1137 1696 1193 quo
1722 1131 1834 1179 vocatus

183 1205 273 1281 pann,
289 1200 430 1260 meditatio
444 1207 548 1263 sancta,
565 1200 599 1256 de
613 1216 669 1272 qua
687 1202 817 1274 scriptum
833 1206 978 1276 est:dopi-
1033 1213 1083 1268 est,
1103 1204 1225 1277 quisquis
1242 1206 1269 1260 in
1291 1208 1351 1277 ejus
1372 1207 1484 1263 servitio
1505 1207 1532 1261 in
1556 1207 1665 1264 tristitia
1686 1219 1833 1280 permanet

184 1299 256 1356 tutio
269 1297 370 1353 saneto
383 1289 558 1349 communiit
578 1296 605 1348 tc
624 1292 715 1359 (Pron.
736 1305 775 1362 nv,
797 1293 844 1365 6);
860 1300 887 1349 ct
901 1310 979 1367 aeque
1034 1299 1060 1347 et
1082 1307 1209 1360 rancore3
1239 1310 1298 1350 eam
1327 1295 1387 1351 dico
1416 1295 1561 1364 tristitiam,
1590 1313 1651 1370 quae
1679 1299 1833 1355 secundum

183 1383 236 1443 ulio
257 1383 286 1440 iu
309 1382 369 1440 loeo
391 1379 525 1436 nominari
534 1379 643 1438 videtur
657 1381 736 1453 panis
758 1380 821 1438 rita
839 1392 868 1439 et
892 1380 978 1440 intel-
1032 1396 1141 1438 carnem
1157 1385 1277 1455 est(bi),
1306 1392 1333 1440 et
1356 1392 1473 1441 mortem
1496 1391 1635 1457 operatur.
1658 1387 1741 1443 Putas
1764 1403 1833 1459 ergo

180 1477 269 1536 lectus
292 1471 388 1548 (Decii.
411 1483 461 1537 xit,
483 1469 521 1541 3).
546 1469 662 1541 Quartus
683 1470 772 1542 panis,
795 1468 930 1528 orantium
940 1472 978 1527 la·
1019 1471 1095 1543 quia
1110 1473 1196 1542 major
1219 1472 1257 1527 illi
1281 1473 1360 1528 detur
1379 1473 1484 1546 gratim
1509 1482 1537 1530 et
1560 1489 1613 1531 non
1638 1476 1725 1548 magis
1748 1476 1831 1532 etiam

181 1582 291 1642 erymae.
317 1561 433 1636 Quintus
446 1576 523 1631 uero,
551 1560 720 1634 poenitentiae
748 1561 824 1619 labor
842 1570 891 1619 est.
919 1564 977 1620 Nec
1032 1560 1104 1633 quod
1118 1562 1224 1618 videtur
1236 1562 1350 1630 babere,
1366 1563 1504 1619 auferatur
1527 1564 1563 1618 ab
1577 1564 1627 1621 eol
1642 1565 1742 1621 Nonne
1757 1566 1831 1622 enim

179 1654 333 1725 miraberis,
360 1649 433 1726 quod
454 1650 577 1708 laborem
595 1655 642 1706 aut
659 1649 793 1723 lacrymas
812 1665 910 1723 panem
931 1651 975 1706 di·
1029 1653 1090 1721 jure
1109 1649 1245 1722 perditum
1261 1658 1409 1723 reputatur,
1419 1651 1491 1725 quod
1504 1651 1610 1725 ingrate
1625 1654 1752 1710 donatum
1769 1656 1832 1712 esti

179 1745 276 1816 terim,
291 1741 344 1801 nisi
357 1740 428 1799 torte
452 1738 551 1797 excidit
575 1737 623 1795 tibi
636 1738 710 1813 quod
731 1738 759 1795 in
779 1742 916 1812 Propheta
936 1740 975 1797 le·
991 1719 1013 1797 Β
1030 1747 1075 1795 aut
1101 1738 1208 1796 dedisse
1236 1756 1291 1796 non
1306 1740 1429 1812 paenitet,
1460 1741 1532 1813 qued
1560 1741 1674 1813 periisse
1702 1743 1832 1801 videtur?

177 1834 255 1910 gisti:
273 1831 378 1892 cuntis
393 1846 444 1889 aes
457 1843 531 1902 panc
558 1830 745 1904 laerymarum
764 1828 851 1900 (Psoi.
875 1841 974 1894 cauus,
1029 1827 1143 1901 Oportet
1157 1828 1271 1900 preinde
1289 1836 1396 1900 gratum
1416 1845 1476 1886 csse
1491 1829 1627 1886 hominem
1642 1839 1670 1887 et
1688 1831 1830 1899 devotum,

177 1924 221 1999 6);
237 1931 266 1982 ει
278 1919 445 1980 itcminalie
455 1916 573 1991 psalmo:
590 1919 714 1987 totores,
724 1915 822 1988 inquit,
834 1931 977 1974 manem
1024 1917 1076 1988 'qui
1091 1925 1219 1989 percepta
1232 1917 1326 1993 gratiae
1340 1933 1454 1973 munera
1475 1934 1529 1974 nou
1551 1919 1631 1976 modo
1649 1936 1764 1993 manere
1779 1921 1830 1977 sibi

176 2007 682 2085 tuarumqutemasducatis,teatas
697 2011 763 2064 eset
776 2007 844 2065 berae
858 2004 909 2063 tibi
923 2006 977 2062 crit
1031 2005 1176 2071 desiderat,
1200 2006 1287 2062 sedet
1309 2006 1491 2078 multiplicari.
1514 2007 1601 2065 Nemo
1628 2024 1695 2065 sane
1719 2017 1762 2065 est
1785 2012 1830 2083 qui

173 2100 264 2175 (Psoi.
281 2115 389 2169 mxvur,
400 2098 544 2172 2).Sextus
551 2099 630 2172 panis
638 2106 682 2156 est
689 2098 807 2171 iucunda
816 2093 978 2152 unanimitas
1031 2110 1085 2152 nou
1100 2094 1186 2161 tacite,
1207 2095 1230 2150 si
1253 2096 1358 2167 quaerit,
1384 2095 1511 2165 inveniat,
1528 2096 1601 2154 unde
1622 2097 1768 2168 plurimum
1795 2098 1830 2154 sit

175 2189 292 2262 sociatim
300 2188 387 2261 panis,
397 2187 520 2262 inquam,
535 2204 569 2246 ex
588 2189 702 2247 diversis
715 2187 809 2261 granis
825 2184 974 2254 coniectus,
1030 2182 1162 2240 obnoxius
1175 2183 1242 2250 Dee,
1258 2183 1384 2256 quoniam
1405 2199 1459 2240 nen
1484 2192 1526 2241 est
1547 2185 1593 2258 qui
1618 2201 1647 2242 se
1676 2186 1830 2243 abscondat

174 2277 408 2352 fermentatusque
429 2278 517 2352 gratia
538 2279 589 2336 Dei
610 2279 706 2355 [elica
726 2277 820 2352 utique
843 2275 975 2349 snpientia
1030 2295 1046 2334 a
1069 2280 1157 2337 calore
1181 2281 1250 2351 cius.
1274 2281 1328 2337 Sed
1356 2297 1406 2336 nes
1431 2282 1556 2351 maxime,
1581 2298 1649 2356 quos
1672 2276 1830 2356 segregarit

174 2368 246 2443 Deil.
261 2369 345 2426 Porro
370 2367 504 2440 septimus
530 2369 608 2441 panis
628 2377 671 2426 est
703 2365 881 2434 cucharistia;
910 2379 976 2438 quo·
1029 2368 1092 2437 sibi,
1114 2378 1142 2425 ει
1157 2369 1301 2441 assumpsit
1319 2370 1353 2424 ad
1373 2371 1546 2429 serviendum
1566 2371 1616 2427 sibi
1634 2372 1696 2442 soli,
1711 2371 1734 2427 si
1751 2373 1829 2442 juxta

174 2457 248 2517 niam
260 2455 462 2531 paetainquit,
481 2473 563 2531 pacm
578 2474 627 2532 eae
639 2461 683 2526 de,
700 2474 765 2516 cero
779 2475 844 2516 mec
862 2461 903 2516 est
915 2472 968 2528 pre
1029 2458 1187 2531 Apostolum
1214 2475 1269 2515 nen
1293 2459 1441 2532 accipimus
1467 2460 1590 2534 spiritum
1618 2463 1698 2533 hujus
1721 2461 1826 2530 mundi,

176 2547 453 2619 nundinantium.
469 2561 511 2604 vr.
528 2547 654 2623 52)[5l].
763 2623 765 2626 Α
1028 2546 1076 2601 sed
1099 2547 1222 2617 spiritum
1246 2546 1291 2617 qui
1314 2563 1347 2603 ex
1369 2548 1427 2605 Deo
1455 2557 1507 2618 cst,
1536 2559 1565 2606 ut
1588 2551 1704 2606 sciamus
1735 2566 1826 2623 quma

483 2635 604 2694 SElilth
620 2637 653 2693 ΙΙ.
1028 2634 1085 2690 Deo
1109 2634 1208 2690 donata
1221 2645 1284 2690 sunt
1313 2635 1392 2693 nobis
1420 2638 1446 2705 (l
1474 2639 1535 2695 Cer.
1564 2653 1593 2704 u,
1624 2640 1684 2709 ta);
1712 2637 1825 2695 omnino

387 2725 428 2783 De
446 2729 551 2798 septem
562 2723 773 2783 misericordiis.
1027 2721 1142 2793 plurima
1157 2722 1336 2793 inveniemus,
1354 2725 1426 2781 uude
1442 2725 1584 2781 continuas
1598 2725 1826 2798 cigretiasagcrc

211 2818 236 2870 t.
259 2812 462 2872 ttomuordiar
490 2814 604 2872 Domini
624 2815 655 2869 in
684 2817 824 2870 aternum
854 2809 972 2867 cantabo
1027 2809 1184 2870 debeamus.
1209 2811 1276 2880 Quis
1285 2813 1356 2868 enim
1380 2812 1407 2868 in
1432 2814 1511 2869 uobis
1534 2824 1585 2881 est,
1610 2815 1655 2887 qui
1678 2830 1734 2870 uon
1757 2829 1826 2872 cen-

174 2903 265 2978 (Psul.
290 2917 430 2970 uxxxuru,
456 2902 495 2975 2).
520 2901 621 2974 thuid
649 2901 721 2957 enim
750 2898 816 2955 mihi
840 2897 971 2969 insipiens
1027 2898 1095 2955 litari
1123 2898 1217 2972 possit,
1233 2901 1360 2973 quoniam
1375 2902 1561 2958 misericordia
1589 2911 1633 2958 tna
1661 2919 1762 2977 magua
1786 2914 1827 2960 cst

172 2992 341 3066 nescioquas
368 2990 496 3064 cogitatio
522 2991 556 3049 de
585 2989 752 3064 poeuiteutiae
780 2990 860 3060 hujus
887 3003 972 3045 onere
987 3029 1009 3108 c
1026 3003 1108 3058 super
1131 2986 1193 3044 mei
1221 2987 1314 3059 ltaque
1342 2990 1375 3046 de
1405 2997 1478 3044 tanta
1506 2989 1677 3047 multitudine
1706 2990 1825 3046 misera-

172 3088 335 3146 murmurat,
350 3084 380 3136 ut
394 3086 525 3155 aggravet
538 3077 603 3135 illud
617 3094 701 3152 super
720 3077 852 3135 cervicem
861 3075 970 3132 meatui
1026 3074 1127 3131 tionum
1155 3076 1262 3132 Domini
1282 3076 1358 3132 vobis
1386 3078 1505 3134 breviter
1536 3078 1641 3150 aliquas
1669 3094 1825 3150 proponere

171 3168 252 3226 aiud
279 3183 350 3224 onus
378 3167 476 3236 sentio,
507 3166 617 3227 suavius
649 3167 769 3241 quidem,
794 3166 843 3224 sed
875 3164 968 3237 utique
1025 3163 1097 3231 volo,
1115 3173 1144 3220 ut
1162 3164 1208 3236 qui
1222 3165 1332 3237 sapiens
1346 3175 1398 3237 est,
1421 3168 1565 3225 occasione
1582 3177 1695 3241 accepta
1714 3168 1825 3240 sapien-

171 3253 257 3310 mnlte
270 3255 368 3324 majus
391 3254 436 3311 Sic
466 3255 538 3312 enim
561 3265 658 3313 onerat
679 3271 723 3312 mc
751 3251 972 3310 miserationibus
1026 3252 1078 3309 tier
1093 3251 1148 3308 irat.

171 3340 228 3399 unis
241 3341 324 3407 Deus,
340 3339 379 3396 sic
393 3341 538 3409 concludit,
562 3341 602 3398 sic
624 3341 715 3398 obmit
738 3340 876 3399 beneficiis
902 3340 968 3410 suis,
1061 3345 1086 3398 3.
1105 3341 1214 3414 Septem
1231 3357 1282 3414 ego
1303 3342 1331 3396 in
1350 3359 1394 3399 me
1414 3344 1493 3400 video
1511 3342 1711 3401 misericordias
1730 3347 1825 3403 Domi·

171 3435 203 3487 ut
222 3442 290 3485 onus
311 3426 384 3482 aliud
406 3428 507 3483 sentire
529 3443 584 3484 non
608 3431 722 3498 possim.
740 3429 810 3499 Quid
826 3429 898 3485 enim
921 3445 969 3485 re·
1025 3430 1062 3496 ni,
1079 3445 1147 3504 quas
1166 3438 1193 3486 ει
1206 3447 1255 3488 vos
1273 3431 1336 3503 ipsi,
1355 3433 1447 3499 credo,
1469 3433 1546 3490 tacite
1565 3432 1709 3489 invenietis
1726 3434 1755 3489 in
1774 3451 1824 3492 vo-

172 3514 289 3575 tribuum
312 3516 429 3572 Domino
442 3530 492 3588 pre
519 3514 717 3590 omnibusquae
744 3517 868 3576 retribuit
886 3517 970 3575 mitri?
1025 3517 1075 3574 uis.
1105 3518 1195 3573 Prima
1214 3527 1265 3589 est,
1296 3520 1368 3592 quod
1386 3536 1401 3574 a
1420 3522 1511 3578 multis
1538 3522 1657 3593 peccatis
1682 3523 1772 3579 adbuc
1796 3524 1823 3578 iu

171 3606 257 3664 Tanta
285 3603 387 3673 tribuit,
416 3609 445 3662 et
468 3612 543 3663 tauta
561 3607 700 3664 retribuit:
732 3615 760 3666 et
787 3613 815 3663 tu
842 3606 906 3662 mihi
935 3607 970 3663 de
1024 3606 1123 3662 saeculo
1145 3606 1261 3678 positum
1283 3607 1426 3665 custodiuit
1447 3625 1506 3679 me;
1526 3610 1613 3680 prima
1635 3608 1757 3682 quidem,
1778 3611 1823 3666 in-

170 3694 262 3755 Μθ
284 3693 337 3752 alie
360 3710 445 3754 onere
468 3694 606 3768 loqueris?
628 3695 723 3753 Deficit
747 3696 857 3769 spiritus
880 3712 967 3764 meus,
1025 3711 1116 3766 quam,
1137 3711 1191 3751 uon
1212 3696 1282 3753 iuter
1303 3713 1399 3754 omnes
1426 3713 1492 3768 quas
1516 3698 1582 3753 milri
1606 3685 1749 3770 impendit,
1775 3701 1823 3759 sed

171 3800 284 3860 prorsus
297 3783 390 3842 deficit
403 3785 431 3841 iu
446 3793 520 3842 muta
527 3783 722 3843 beneficiorum
737 3785 967 3842 consideratione.
1024 3783 1110 3855 prima
1125 3782 1195 3839 inter
1207 3784 1257 3840 luas
1270 3791 1387 3857 septem.
1402 3785 1468 3855 Quis
1482 3785 1556 3841 cuim
1576 3802 1632 3843 neu
1645 3787 1735 3844 videat
1749 3789 1822 3861 quod

170 3876 206 3934 lit
226 3873 291 3931 iicet
311 3873 408 3946 dignas
429 3890 484 3930 uon
507 3874 639 3933 suidciam
670 3874 771 3951 gratias
799 3891 893 3948 agere,
919 3875 967 3931 sed
1025 3871 1094 3927 sicut
1108 3871 1135 3926 in
1151 3871 1233 3927 multa
1248 3871 1342 3939 cecidi,
1365 3874 1402 3929 sic
1424 3881 1452 3930 et
1466 3873 1494 3930 in
1508 3873 1559 3930 alia
1574 3874 1732 3931 cecidissem
1753 3894 1824 3948 pce-

170 3960 394 4037 ingratitudinem
401 3977 514 4035 prorsus
537 3963 594 4023 odit
612 3964 702 4022 anima
726 3980 796 4021 mea.
814 3966 969 4038 Pcrempte·
1024 3966 1094 4026 cata,
1125 3960 1174 4016 nisi
1201 3959 1402 4033 omnipotentis
1428 3963 1517 4034 pietas
1545 3979 1589 4019 me
1613 3967 1823 4022 conservasset?

171 4051 211 4111 ria
235 4049 370 4126 siqnidem
403 4066 448 4108 res
475 4059 517 4108 est
542 4051 719 4125 ingratitudo,
748 4055 834 4113 hostis
861 4052 967 4125 gratiae,
1024 4048 1122 4105 Fateor
1136 4059 1163 4104 et
1187 4048 1303 4115 fatebor,
1328 4050 1378 4106 nisi
1401 4052 1464 4123 quia
1487 4052 1618 4109 Dominus
1642 4053 1745 4124 adjuvit
1767 4070 1822 4122 me,

170 4139 281 4200 inimica
301 4138 404 4199 saluis.
430 4140 495 4198 Dice
521 4156 573 4214 ego
596 4140 683 4209 vobis,
713 4142 873 4210 charissimi,
899 4158 967 4215 quo·
1024 4138 1103 4208 paulo
1127 4138 1215 4193 minus
1241 4138 1383 4196 cecidisset
1411 4140 1437 4194 in
1466 4156 1547 4197 omne
1571 4152 1711 4213 peccatum
1734 4144 1824 4199 anima

170 4229 246 4290 niam
259 4244 310 4304 pro
325 4244 387 4289 meu
405 4245 503 4305 sapere
522 4229 590 4288 nibil
606 4229 644 4287 ita
662 4230 789 4303 displicet
807 4233 876 4298 Deo,
895 4246 969 4302 pra»
1024 4228 1144 4283 mealia
1164 4229 1221 4283 haec
1240 4237 1340 4298 quanta
1359 4227 1479 4301 dignatio
1497 4230 1614 4301 pictatis,
1635 4231 1708 4303 quod
1726 4231 1823 4306 ingra-

171 4318 267 4379 sertim
289 4318 318 4376 in
340 4318 403 4376 tiliis
425 4319 529 4393 gratiae,
544 4319 572 4376 in
592 4319 746 4377 hominibus
770 4320 966 4387 conversionis,
985 4332 1008 4409 n
1025 4324 1116 4372 tumet
1131 4316 1373 4390 parvipendentem
1389 4318 1429 4374 sie
1443 4320 1529 4390 gratia
1544 4320 1731 4387 conservabat,
1749 4323 1823 4393 quod

169 4409 399 4492 quemadmodum
412 4407 588 4482 ingratitudo.
610 4407 673 4465 Vias
687 4408 758 4465 enim
773 4409 889 4465 obstruit
904 4425 966 4481 gra·
1024 4405 1051 4460 in
1075 4405 1165 4462 multis
1186 4405 1348 4462 centrarium
1365 4414 1393 4462 ει
1410 4416 1630 4465 contemnentem
1647 4408 1823 4468 nibilominus

170 4497 226 4568 tite,
241 4505 270 4556 et
289 4496 335 4555 ubi
349 4496 431 4555 inerit
449 4497 503 4566 illa,
518 4498 575 4569 J'am
589 4497 677 4571 gratia
691 4512 829 4555 aceesmm
849 4513 903 4556 nen
928 4498 969 4554 in·
1024 4495 1060 4549 ab
1075 4494 1133 4550 aliis
1151 4495 1346 4567 benignissime
1365 4496 1547 4567 protegebat?
1567 4499 1601 4551 m
1626 4499 1745 4554 secunda
1768 4499 1821 4555 mi-

170 4586 533 4657 raniatocumnonuauet.
554 4585 620 4646 Hinc
638 4586 715 4653 mihi,
735 4586 841 4654 iratres,
862 4587 969 4644 tristitia
1023 4585 1122 4641 seratio
1148 4593 1193 4640 tua
1216 4599 1300 4655 super
1327 4600 1381 4651 me,
1410 4585 1535 4653 Domine,
1574 4603 1692 4659 quonam
1720 4592 1823 4660 poterit

171 4693 271 4756 nuqua
298 4685 328 4735 et
352 4675 431 4734 dolor
458 4675 603 4734 continuus
624 4682 667 4734 est
701 4676 776 4733 cordi
806 4692 878 4744 meo,
895 4676 967 4750 quod
1023 4673 1150 4747 explicari
1171 4689 1307 4740 sermone,
1328 4690 1408 4745 quam
1428 4676 1557 4748 benigna,
1579 4690 1659 4749 quam
1688 4676 1820 4745 liberalis,

169 4765 315 4827 nonnullos
329 4773 385 4823 tam
399 4778 501 4838 pronos
524 4762 559 4820 ad
581 4763 729 4830 levitatem,
754 4764 788 4818 ad
812 4764 905 4832 risum,
932 4765 966 4820 ad
1023 4776 1157 4834 quamque
1186 4761 1302 4830 gratuita
1336 4760 1437 4840 fueriti
1467 4764 1525 4835 Ege
1561 4765 1720 4835 peccabam,
1751 4773 1777 4821 et
1793 4775 1821 4822 tu

168 4856 298 4916 uisset
324 4854 360 4912 ud
390 4851 515 4912 sournlia
544 4852 629 4910 verba
662 4858 716 4907 tam
748 4850 840 4909 faciles
871 4853 964 4909 video:
1021 4847 1234 4915 dissimulabas;
1255 4864 1309 4904 non
1331 4850 1539 4906 eontinebnma
1564 4851 1721 4918 sceleribus,
1745 4861 1774 4909 et
1793 4862 1821 4912 tu

167 4953 198 5002 nt
218 4943 411 5019 pertimescam
435 4940 524 5009 valde,
549 4956 584 4996 ne
608 4939 677 4998 iorte
699 4939 759 5012 plus
779 4957 861 5012 quam
884 4956 966 5013 expe·
1021 4936 1217 4992 averberibus
1240 4938 1406 4993 abstinebas.
1432 4938 1630 5011 l'rolongabam
1654 4955 1706 5014 ege
1734 4942 1821 4999 multo

167 5032 234 5102 diat,
244 5032 343 5091 divina
352 5030 546 5091 misericordiae
560 5030 613 5087 sint
627 5030 809 5098 immemores,
825 5030 962 5104 etiugrati
1021 5035 1144 5099 tempore
1169 5026 1339 5098 iniquitatem
1366 5043 1472 5095 meam;
1499 5039 1526 5082 ει
1541 5035 1578 5093 tu,
1603 5028 1729 5100 Domine,
1759 5031 1821 5101 pic-

166 5129 222 5183 tam
251 5120 342 5179 multis
365 5120 506 5179 beneficiis
534 5119 600 5188 suis,
629 5118 775 5194 aliquando
800 5121 964 5176 deserantur
1020 5125 1104 5173 tatem
1125 5123 1208 5171 tuam.
1234 5117 1288 5173 Sed
1309 5116 1371 5189 quid
1393 5118 1535 5188 prodesset
1561 5118 1738 5190 exspectatio,
1770 5121 1819 5177 nisi

202 5264 260 5340 (bt)
275 5259 324 5317 iiic
339 5258 367 5315 in
380 5259 570 5331 nunnuscriptis
591 5260 800 5333 interponuntur
813 5276 904 5317 sermo
920 5261 966 5316 tri·
1019 5260 1135 5318 multum
1147 5259 1252 5317 variant
1263 5261 1291 5317 in
1304 5261 1416 5316 vetustis
1438 5260 1529 5317 libris:
1549 5263 1598 5318 sed
1623 5264 1680 5319 lianc
1701 5264 1821 5323 varietus

166 5337 288 5412 gesimns
301 5339 393 5390 sextus
416 5340 444 5389 et
462 5337 525 5412 „tras
549 5340 751 5404 consequentes
770 5332 805 5389 de
827 5332 964 5402 Diversis3
1020 5349 1075 5393 non
1090 5340 1176 5390 mutat
1188 5349 1310 5390 sensuum

164 5415 349 5484 pmterqusm
367 5403 502 5461 ineodrce
522 5403 705 5470 cisterciensi,
728 5403 756 5459 iu
769 5419 827 5545 δυο
845 5411 964 5471 notatur,
1055 5404 1322 5477 (attulissemus
1340 5402 1459 5462 honoret
1463 5444 1528 5462 ......
1532 5409 1659 5489 quisquis
1679 5409 1706 5465 ci
1728 5412 1817 5466 seruit

164 5494 214 5541 eos
228 5475 432 5536 transferendos
451 5489 512 5533 esse
525 5475 598 5532 inter
611 5474 750 5533 Diverses.
794 5475 821 5531 ui
844 5489 909 5532 uero
924 5475 967 5533 hie
1021 5478 1140 5536 tristitia
1150 5481 1177 5534 et
1188 5478 1349 5534 rencorczai
1360 5481 1454 5536 tamea
1462 5481 1567 5536 sertum
1577 5480 1672 5551 etqua
1682 5484 1776 5551 petest
1787 5484 1818 5538 ia

165 5550 368 5624 subsequuntur
382 5560 522 5606 sermones
535 5547 590 5605 due
606 5546 641 5604 de
648 5552 755 5619 septem
761 5544 964 5616 misericordiis,
1020 5566 1054 5606 ea
1066 5549 1197 5613 tristitia,
1212 5564 1276 5621 qaae
1289 5548 1442 5606 secuudum
1455 5564 1571 5608 curnem
1590 5555 1641 5606 est.
