3734 5948
101 211 128 271 ts
844 212 1025 277 Pusssrto.
1724 227 1760 288 26

102 334 243 407 muster
255 333 327 390 issnd
338 333 440 391 scribet
454 349 463 388 a
475 332 566 388 multis
574 331 649 389 enim
666 334 795 392 sensibus
810 336 921 409 plenum
936 348 987 395 est.
1006 362 1018 391 ι
1034 340 1143 399 Seueri
1164 343 1236 401 bene
1253 343 1367 402 istorum
1381 347 1526 403 verbomm
1542 362 1652 404 sensum
1667 350 1757 422 capio,

102 422 159 479 nde
171 423 276 496 colligi
287 438 373 496 pesse
386 422 503 479 ridetur.
528 422 668 479 Nloolsnnr
683 423 739 481 suis
764 427 866 495 verbis,
881 425 910 483 id
930 437 974 484 est
987 429 1099 497 Latinis,
1120 430 1238 490 dictasse
1248 450 1391 491 sermones
1405 437 1432 491 iu
1442 437 1529 494 altero
1537 436 1673 495 volumine
1687 453 1740 495 oon

104 520 199 569 m
215 512 297 586 quod
312 511 440 571 salmes
448 511 597 583 incipiebat
610 512 645 567 eb
654 512 696 567 tris
713 513 817 584 verbIs,
835 535 847 567 r
863 515 940 573 Solet
952 519 1107 590 Apostolus,
1125 541 1137 570 s
1154 530 1221 587 etc..
1236 524 1309 596 quod
1319 524 1463 581 exordium
1472 534 1515 583 est
1529 527 1663 583 sermonis
1675 531 1708 583 ¹9
1722 528 1758 585 de

103 602 227 657 daorsis
242 601 276 657 Id
291 601 315 661 si
330 602 367 657 its
380 609 433 666 est,
449 606 594 657 recurrunt
605 609 778 672 arguments,
795 620 857 677 quas
871 606 997 678 superins
1010 608 1114 665 diluere
1129 611 1218 666 eonati
1229 628 1334 683 sumus,
1344 621 1550 687 eospeotantra‚
1561 622 1591 673 ut
1603 615 1758 673 Iteruardus

104 706 151 747 son
165 689 285 755 Latina,
299 690 352 747 sed
365 689 468 747 Gellius
482 690 575 762 lingua
587 705 732 748 sermones
745 709 812 750 suos
834 695 1061 766 pronuntiaverit,
1086 714 1156 769 quos
1170 707 1265 770 postea
1278 703 1339 771 ejus
1356 703 1480 775 discipuli
1504 704 1649 763 Latinitate
1672 706 1760 761 dona-

104 776 384 852 nannetensium
401 795 502 853 magna
525 787 567 834 est
587 779 733 852 aliquando
757 782 873 839 veretss
895 785 923 841 In
942 786 1114 842 sermonibus
1129 788 1245 845 maxime
1259 789 1295 845 de
1308 790 1443 847 diversis:
1471 809 1533 866 oure
1547 794 1666 850 varietas
1693 794 1757 850 iude

104 878 161 925 rsta
172 876 269 936 esset,
283 868 358 942 quod
376 868 421 925 alii
430 867 507 925 aliter
518 868 568 925 bos
575 883 718 927 sermones
727 873 754 926 in
769 871 895 929 beticum
910 873 1047 946 eloquium
1062 876 1254 933 converterint.
1279 878 1320 933 Ad
1336 880 1394 935 brec
1412 880 1571 951 Gaulridus,
1596 884 1684 941 sancti
1706 882 1758 939 viri

105 958 235 1024 merlus,
246 957 415 1031 epuseulnm
428 958 463 1013 de
478 957 612 1029 coloquio
624 957 746 1017 Simonis
754 969 782 1016 at
794 961 873 1028 lesu,
890 983 903 1015 r
920 978 954 1019 ex
969 965 1070 1031 multis,
1087 985 1098 1014 s
1116 964 1215 1038 Inquit,
1232 968 1426 1024 «sermonibus
1436 970 1526 1028 Patris
1539 973 1624 1029 nostri
1640 991 1654 1027 s
1678 987 1756 1029 eom-

105 1047 202 1117 pnnit.
213 1045 327 1117 Quidni
339 1047 423 1103 etiarn
434 1045 478 1103 elii
489 1047 585 1103 noteri
599 1048 628 1104 id
637 1049 817 1120 praestiterim
827 1052 841 1110 l
860 1053 895 1107 At
910 1051 934 1108 si
948 1052 985 1107 ita
995 1063 1077 1118 esset,
1093 1070 1141 1109 cur
1159 1055 1185 1110 tri
1201 1054 1282 1112 etism
1306 1072 1448 1113 sermones
1468 1057 1536 1116 istos
1558 1076 1614 1117 non
1636 1061 1687 1117 sibi
1706 1061 1759 1118 tri·

105 1135 254 1192 lunens?

133 1222 258 1285 XXXV.
275 1225 311 1281 At
325 1224 391 1281 mitri
406 1241 464 1281 rem
476 1225 608 1283 attentius
630 1227 827 1294 consideranti,
852 1230 897 1285 illa
911 1229 1013 1289 Nicolai
1033 1231 1061 1287 in
1080 1230 1226 1291 scribendo
1245 1244 1273 1291 et
1296 1233 1426 1291 dictando
1445 1234 1622 1307 perplexitas,
1644 1253 1700 1296 non
1723 1241 1758 1295 ad

104 1314 232 1371 medi
243 1329 390 1372 semmaes
405 1313 552 1373 referenda
564 1315 681 1382 ridetur,
697 1318 748 1373 sed
762 1319 797 1374 ed
811 1318 950 1391 epistolas,
966 1335 1105 1392 aqusmm
1121 1321 1318 1394 scriptitatione
1328 1339 1392 1380 sese
1403 1339 1536 1381 excusare
1545 1327 1597 1382 boc
1611 1326 1757 1385 verbomm

103 1405 214 1463 statute
227 1410 348 1463 conetur
360 1403 500 1461 Nicotaus.
517 1404 585 1461 Huic
599 1405 819 1476 interpretationi
830 1407 903 1465 lavet
918 1409 1040 1480 epistolse
1056 1409 1159 1477 titulus,
1177 1411 1211 1467 sd
1227 1434 1238 1463 r
1255 1411 1388 1469 Abbetem
1418 1413 1575 1470 cellensem
1603 1417 1758 1474 excusatius

104 1492 243 1551 exibendi
258 1494 302 1551 vel
317 1493 448 1550 dictandi.
467 1516 479 1544 ι
496 1495 548 1551 bnt
563 1494 653 1566 potins
666 1503 813 1570 utmmque
827 1497 983 1571 exprimere
997 1498 1091 1569 voluit,
1105 1507 1132 1556 et
1140 1499 1247 1557 litteras
1261 1501 1411 1569 scribendi,
1421 1508 1449 1560 et
1459 1518 1602 1561 sermones
1617 1521 1649 1561 ex
1663 1505 1758 1564 codice

103 1581 222 1639 &endi
240 1580 366 1640 officinm
379 1582 493 1655 cupiens
506 1600 524 1639 s
537 1599 568 1640 se
583 1584 699 1651 amelin,
709 1593 756 1642 ant
771 1594 846 1644 certe
860 1588 888 1643 in
902 1593 1018 1662 utreque
1030 1604 1144 1662 operam
1160 1605 1236 1646 susm
1250 1591 1402 1648 venditare.
1420 1592 1544 1666 [lantque
1558 1592 1690 1651 Nicolaus
1699 1596 1757 1651 bno

105 1671 215 1729 endem
236 1671 400 1730 Iereserbis
413 1688 448 1728 ex
461 1673 590 1728 Bamardi
605 1673 773 1745 epistolstttt,
792 1675 825 1730 ad
841 1675 982 1752 OgerInm,
997 1695 1025 1734 n.
1042 1682 1069 1739 I,
1088 1685 1225 1735 mutuatus
1243 1686 1296 1745 est,
1321 1680 1420 1753 quibus
1432 1680 1587 1739 bernardus
1608 1699 1625 1737 a
1649 1682 1759 1756 scripti·

104 1760 190 1818 landis
211 1760 317 1817 litteris
340 1777 371 1817 se
391 1771 520 1819 excusat:
544 1776 596 1819 nec
618 1761 645 1818 in
669 1762 750 1819 alium
770 1779 849 1821 nsum
870 1765 923 1824 boc
945 1766 1005 1823 Ioco
1028 1767 1156 1823 Nicolaus
1185 1767 1315 1825 adbibere
1339 1769 1495 1827 censendus
1515 1779 1567 1828 est.
1594 1772 1758 1829 blendosum

103 1851 201 1908 Xioelsi
215 1857 380 1907 contextum
395 1851 541 1908 restituere
555 1849 618 1907 beet
632 1869 666 1908 ex
690 1852 735 1909 ille
754 1853 884 1910 bernardi
907 1854 1035 1928 epistota,
1065 1873 1126 1928 quse
1150 1865 1214 1913 ante
1240 1858 1446 1934 annosviginti,
1462 1876 1543 1932 quam
1571 1860 1700 1918 Nicolsus
1722 1862 1758 1916 ad

103 1939 357 1998 Clare-Velienses
369 1939 511 2011 migraret,
523 1957 541 1995 a
555 1940 805 2015 bernardoscripta
818 1950 871 1999 ast.
885 1945 929 2001 Sic
943 1961 1026 2016 porro
1043 1946 1171 2002 Nicolsus
1188 1947 1319 2003 Bernsrdi
1343 1949 1427 2005 verba
1447 1948 1476 2004 in
1497 1965 1563 2006 usus
1583 1965 1649 2006 suos
1671 1957 1761 2005 trans·

103 2029 171 2087 terre
205 2029 293 2095 solet,
317 2036 348 2086 ut
387 2028 453 2086 alias
482 2029 696 2089 observavimus.
732 2031 865 2101 Quoniam
900 2049 966 2091 vero
992 2035 1095 2092 Nicolai
1133 2035 1213 2107 bnjus
1233 2035 1329 2093 notitia
1367 2052 1422 2094 non
1446 2052 1543 2110 psrum
1571 2037 1697 2095 eoudueb
1723 2038 1758 2093 sd

102 2118 296 2176 illustrandam
318 2117 451 2175 Ilernsrdi
466 2117 626 2188 bistorIsrn;
648 2119 787 2177 bominem
809 2122 865 2178 suis
886 2123 1021 2180 coloribus
1052 2124 1104 2181 hoc
1126 2123 1186 2181 Ioco
1200 2124 1351 2198 depingere
1373 2125 1509 2198 quoddam
1531 2140 1625 2198 operte
1641 2126 1758 2199 pretium

101 2208 190 2265 tuerit.

521 2473 901 2565 PRAEFII'I'IONIS
948 2475 1165 2566 autent
1207 2473 1348 2568 Plus

608 2739 655 2797 DE
682 2739 845 2807 nicoeno,
870 2741 900 2798 S.
914 2740 1093 2799 euentum
1109 2742 1277 2802 nonesto.

134 3178 273 3237 XXXVI.
286 3179 350 3234 Erat
359 3177 487 3235 Nicolsus
505 3176 615 3233 nenena
629 3174 760 3242 Francus,
770 3177 805 3232 ab
818 3175 930 3232 ineunte
945 3183 1025 3231 relate
1040 3176 1189 3232 monaches
1205 3177 1232 3231 iu
1247 3179 1413 3234 monasterio
1428 3180 1617 3236 Arremsrensi
1632 3180 1760 3239 dioecese

102 3269 261 3337 trecensis,
277 3278 342 3340 quat
356 3282 408 3323 uor
419 3266 455 3322 ab
468 3265 528 3338 ipss
542 3264 651 3322 ciuitate
665 3263 760 3321 leucis.
783 3265 830 3321 VIr
848 3264 898 3321 tuis
915 3262 1019 3337 Ingenii
1034 3263 1131 3332 facilis,
1150 3266 1294 3333 rerssrbn,
1315 3266 1393 3324 Iacile
1409 3268 1436 3323 ln
1455 3267 1571 3324 eliomm
1587 3268 1704 3327 allartus
1720 3270 1762 3326 ln·

102 3359 203 3426 luens,
223 3356 324 3414 litteris
338 3370 389 3429 pro
399 3361 522 3427 tempere
542 3353 664 3427 apprime
674 3353 807 3421 excultus,
823 3353 883 3409 aliis
898 3352 1058 3410 erudiendis
1072 3354 1144 3425 apud
1165 3370 1230 3411 suos
1243 3357 1454 3413 arremarenses
1471 3356 1637 3430 preelectus,
1662 3360 1763 3417 obertu

103 3448 164 3503 riris
178 3463 217 3504 ee
230 3454 315 3502 aetate
327 3442 482 3517 precipuis,
502 3441 595 3500 Attoni
609 3442 741 3500 Trecensi
753 3443 895 3515 episcopo,
925 3442 1007 3498 Petro
1036 3442 1188 3498 Venerabili
1212 3442 1304 3501 abbeti
1334 3444 1517 3514 Clunisccnsr,
1536 3446 1618 3504 Petro
1632 3447 1760 3513 cedern,

103 3536 222 3595 IIenrioo
236 3533 367 3591 Lndovici
381 3531 500 3589 lenioris
513 3532 600 3603 fratri,
627 3531 752 3605 aliisque.

136 3623 286 3681 XXXVII.
302 3621 471 3680 IsIternsrdi
481 3621 555 3678 lame
565 3627 593 3678 at
605 3620 717 3695 ingenio
745 3635 800 3678 non
821 3619 911 3677 minus
932 3634 1014 3693 qnam
1028 3620 1170 3678 sanctitate
1194 3629 1300 3695 eaptus,
1325 3621 1548 3681 claram-Vallem
1572 3624 1639 3691 adit,
1662 3640 1761 3683 mona-

102 3718 217 3772 ebomnr
232 3711 398 3786 religionem
411 3710 521 3783 probat,
535 3709 673 3767 seniorum
693 3709 810 3766 alienus
825 3709 926 3782 pulsat,
940 3725 970 3766 ss
984 3708 1128 3766 admittant
1140 3710 1168 3766 iu
1184 3710 1303 3783 Ipsorum
1318 3718 1428 3780 coetum,
1452 3712 1563 3770 laxioris
1576 3713 1638 3769 ritae
1662 3722 1762 3785 pertas-

102 3821 174 3871 mm,
186 3801 315 3859 treberis
325 3815 459 3874 perquam
472 3798 610 3873 eumdum.
626 3801 694 3856 Item
708 3797 767 3855 lere
785 3814 840 3855 uno
862 3814 1011 3871 congressu
1026 3797 1125 3855 evincit
1140 3807 1167 3856 et
1190 3799 1307 3857 obtinet.
1324 3800 1461 3857 Iteversus
1475 3801 1510 3856 sd
1533 3817 1598 3858 snos
1621 3803 1761 3876 nemnem

103 3902 206 3968 urget:
228 3890 352 3963 priorem
368 3902 398 3946 et
416 3888 541 3947 seniores
561 3887 762 3955 Clare-Vallis,
789 3887 931 3944 Bernardo
952 3888 1079 3955 absente,
1098 3887 1195 3944 litteris
1214 3887 1353 3958 convenit,
1374 3905 1435 3962 quae
1455 3899 1497 3947 cst
1524 3891 1585 3963 ejus
1602 3891 1715 3964 epistola
1732 3894 1760 3947 7.

104 4005 113 4031 ι
129 3979 263 4039 Dominis
276 3984 307 4036 et
323 3977 448 4035 Patribus
462 3977 622 4035 reverendis
640 3977 726 4052 priori
740 3979 786 4047 n,
802 3997 814 4030 s
832 3977 860 4033 id
875 3983 918 4033 est
927 3976 1061 4042 Itusleno,
1074 3996 1088 4029 r
1103 3985 1131 4034 et
1140 3976 1253 4035 connlio
1267 3992 1341 4034 suo»
1357 3977 1501 4051 inscripta.
1515 3979 1545 4035 In
1561 3995 1595 4037 es
1609 3997 1640 4036 se
1656 3981 1685 4037 in
1698 3996 1774 4039 om·-

103 4067 431 4127 nestormssetalieetus
446 4073 546 4124 versat.
561 4065 827 4125 clarae-Vallensium
846 4065 1009 4140 religionem
1023 4064 1153 4134 dilaudat,
1173 4081 1252 4124 suum
1266 4082 1314 4125 eos
1330 4067 1479 4138 revisendi,
1496 4069 1590 4144 eisque
1614 4085 1676 4129 sese
1696 4086 1763 4129 oon-

101 4158 240 4235 jungendi
251 4155 504 4216 studinminsinuat.
528 4156 669 4213 ‹Omnem
694 4155 769 4226 mibi,
789 4177 803 4206 s
816 4154 915 4226 inquit,
929 4153 1080 4211 «fidncIam
1092 4155 1216 4228 suggerit
1233 4164 1263 4213 et
1276 4156 1415 4214 humilitas
1429 4165 1532 4223 uestra,
1559 4167 1588 4216 st
1613 4160 1763 4219 necessitas

104 4255 217 4315 nestrs;
235 4253 265 4304 et
277 4243 471 4314 illudtertium,
486 4245 514 4302 iu
530 4259 584 4318 quo
599 4244 663 4301 mibi
678 4260 753 4316 spem
770 4243 895 4310 dedistis,
907 4252 1007 4300 nostre
1023 4243 1175 4315 pusillitatis
1189 4245 1337 4318 susceptio.
1356 4266 1368 4297 s
1385 4245 1520 4319 Tempus,
1545 4263 1599 4320 qno
1625 4264 1686 4306 eam
1701 4250 1761 4322 epi-

105 4338 203 4394 stolam
219 4334 367 4400 scribebat,
383 4333 464 4406 paulo
473 4343 535 4407 post
549 4333 676 4409 designat
691 4334 733 4390 his
747 4333 838 4391 verbis
854 4351 861 4388 :
879 4351 893 4387 r
907 4331 997 4404 Quale
1012 4333 1076 4389 milri
1098 4332 1229 4407 gaudium
1252 4334 1314 4399 erit,
1334 4334 1380 4407 qui
1397 4334 1425 4392 In
1448 4336 1570 4393 tenebris
1594 4337 1690 4410 sedeo,
1715 4339 1762 4412 qui

106 4427 201 4482 lumen
215 4424 290 4491 axell,
305 4423 397 4480 lumen
411 4424 597 4480 Clare-Vallis
609 4438 663 4479 non
677 4421 772 4481 rideol
789 4421 812 4478 0
826 4422 918 4478 lumen
932 4421 1105 4478 descendens
1121 4424 1229 4479 sPatre
1243 4422 1374 4480 lumInnm
1387 4421 1394 4479 I
1410 4424 1457 4481 ubi
1474 4424 1567 4483 lucent
1580 4427 1763 4485 luminariam

108 4515 284 4571 tinnmnento
297 4512 370 4581 eseli,
387 4515 459 4570 unde
473 4521 639 4586 assumptum
654 4521 705 4578 est,
717 4510 843 4571 videlieet
856 4502 997 4583 Eugeriius
1010 4526 1091 4583 pape,
1109 4511 1243 4569 luminare
1257 4514 1348 4584 majus
1371 4514 1445 4586 quod
1460 4513 1595 4572 illumInet
1619 4524 1729 4572 terram.
1746 4535 1761 4566 s

104 4606 204 4677 Iraque
220 4602 250 4658 id
264 4602 366 4659 belum
376 4601 503 4678 Eugenio
528 4600 667 4674 pontifice,
686 4610 715 4658 et
742 4600 852 4674 qudem
868 4614 941 4656 anno
967 4600 1028 4670 ejns
1056 4598 1228 4670 pontificatus
1245 4601 1357 4672 primo:
1380 4618 1442 4658 cum
1460 4603 1599 4660 Itualenes
1614 4618 1648 4660 ex
1669 4602 1762 4674 priore

106 4691 341 4751 (212rae-Vallersi
354 4692 384 4748 ie
396 4691 521 4764 regImen
538 4691 654 4749 Romani
672 4691 708 4747 ad
720 4689 938 4762 Aquas-Salvias
953 4689 1123 4754 monasterii
1148 4689 1191 4746 cui
1214 4689 1356 4764 Eugenius
1374 4700 1439 4748 ante
1463 4690 1653 4764 pontificatum
1677 4691 1764 4753 abisa

106 4783 275 4856 prreluerst,
287 4782 387 4839 eodem
401 4797 473 4838 anno
483 4780 615 4838 sullectus
629 4780 675 4852 sit,
686 4779 796 4836 Nicolso
812 4781 869 4850 junx
882 4779 910 4834 In
925 4777 1155 4834 claram-Vallem
1170 4778 1302 4849 admisso,
1318 4787 1348 4836 ut
1372 4781 1433 4851 ejus
1456 4778 1573 4850 epistola
1597 4781 1630 4836 ta
1655 4780 1763 4853 probat.

104 4875 270 4945 anuem
281 4873 340 4929 baec
355 4872 450 4937 verbs,
467 4870 618 4928 ‹videIIeet
631 4870 771 4941 Eugenius
790 4884 895 4941 pape,s
911 4884 928 4924 s
947 4867 1070 4940 margine
1084 4867 1113 4923 in
1125 4875 1229 4927 textum
1239 4867 1366 4926 ridentur
1375 4866 1531 4940 irrepsisse.

140 4961 298 5018 XXXVIII.
310 4960 413 5017 Iraeter
423 4959 594 5032 superiorem
609 4960 644 5016 ad
659 4960 777 5031 priorem
791 4957 955 5016 etsenIores
968 4955 1216 5013 Clarae-Vallenses
1239 4957 1391 5029 epistolam,
1413 4955 1490 5012 binas
1505 4955 1622 5015 subinde
1643 4957 1764 5016 eddidit:

106 5067 190 5107 renam
204 5049 242 5105 sd
258 5049 372 5106 tratrem
387 5049 572 5106 (isucberium
586 5048 853 5114 Clare-Vallensem,
869 5046 948 5116 cujus
961 5045 989 5100 ie
1004 5060 1128 5102 amorem
1142 5052 1304 5119 irrepserat;
1324 5045 1405 5101 aliam
1419 5043 1456 5102 sd
1469 5045 1658 5105 Fromundrm
1676 5048 1767 5120 bospi-

108 5142 192 5195 ulem
208 5138 336 5209 ejusdem
345 5137 408 5207 Ioci,
423 5138 452 5194 id
466 5145 510 5195 est
519 5138 652 5209 epistolas
662 5140 697 5194 st
716 5145 744 5195 et
759 5139 804 5194 to.
820 5138 851 5191 In
866 5133 950 5206 priori
964 5134 1179 5191 votasualusius
1193 5145 1221 5191 et
1234 5134 1376 5192 ardentius
1390 5134 1518 5207 explicat,
1534 5136 1628 5208 aitque
1643 5143 1717 5192 tento
1734 5153 1767 5194 se

105 5227 237 5300 consepti
250 5226 530 5300 propositidesiderio
545 5226 643 5291 teneri,
659 5236 688 5282 ut
709 5249 721 5277 ι
737 5226 810 5283 diem
825 5240 875 5295 pro
889 5239 961 5280 anno
976 5246 989 5273 r
1005 5232 1143 5295 computet
1158 5224 1209 5279 sibi
1226 5242 1232 5277 :
1249 5239 1279 5280 so
1293 5223 1327 5280 sd
1347 5224 1495 5281 terminum
1519 5224 1698 5297 praestitutum
1711 5240 1765 5282 non

106 5318 246 5381 uetuisse,
263 5316 342 5372 seda
357 5315 414 5373 suis
430 5317 672 5373 Arremsrensibus
686 5316 771 5373 multa
790 5330 909 5386 passum,
930 5328 984 5384 qua
1006 5313 1223 5385 importunitate,
1238 5330 1292 5385 qua
1311 5314 1460 5382 blanditiis,
1484 5332 1538 5388 qua
1559 5314 1651 5380 miuis,
1672 5314 1716 5372 vis
1735 5320 1766 5370 ut

108 5408 223 5463 eandem
238 5421 268 5462 se
284 5420 422 5462 eteorum
438 5411 511 5462 coetu
525 5405 711 5478 proripuerit:
728 5411 755 5459 et
769 5403 878 5458 tandem
894 5402 1068 5458 demonibus
1088 5416 1184 5458 eorum
1199 5401 1338 5474 elapsum,
1357 5426 1368 5455 r
1389 5404 1450 5460 siue
1474 5404 1582 5476 pannis,
1601 5402 1661 5459 sine
1683 5419 1764 5460 num-

106 5497 171 5564 mis,
186 5495 247 5551 sine
262 5493 379 5561 famulis,
395 5495 454 5554 sine
469 5494 611 5568 equis,va
626 5494 698 5567 apud
712 5491 904 5565 aripatorium,
922 5510 935 5544 r
952 5490 1025 5564 quod
1046 5489 1265 5548 cisterciensium
1281 5493 1437 5551 eoeuobium
1460 5500 1502 5551 est
1521 5494 1549 5549 iu
1563 5507 1632 5564 egro
1655 5492 1768 5550 I‘rIeus·
