3734 5948
104 240 157 301 147
584 235 612 292 S.
628 226 795 295 Dibillllbl
812 221 949 293 ᾸΒΒΑῚῚΒ
965 222 1273 294 GMRMDDMNSIS
1699 240 1753 303 did

103 365 302 434 abscondebat,
326 361 451 436 nunquid
471 361 583 420 manem
601 358 718 436 gloriam
736 351 901 414 metuabat?
916 363 941 445 Α
958 349 1022 409 dete
1035 368 1133 426 regem
1144 354 1753 440 &remoremindisdamsamuoanmnsait

104 455 176 527 oud
195 455 305 512 timeret
318 455 353 510 ab
379 451 452 510 inani
478 452 578 527 glorim
602 451 650 524 qui
670 456 712 505 est
725 460 791 508 vero
811 442 902 519 elffii&
956 453 1019 497 ΜΠ]
1032 449 1122 501 mibi
1136 460 1195 503 Μ·

103 545 212 604 Patris?
226 544 326 618 quue
339 543 468 611 timebam
485 541 535 598 sed
548 556 604 597 uon
614 539 676 595 sibi.
688 535 775 595 Nebis
789 534 902 591 timebat
989 535 1019 593 2.
1030 533 1226 592 Verumtamen
1241 552 1296 596 uon
1310 547 1352 597 ast
1365 552 1435 613 opus
1447 541 1503 598 illis
1515 552 1612 602 nostra
1624 548 1754 604 misma

104 637 139 693 ab
153 637 208 705 illa,
224 633 326 708 quibus
342 639 457 690 noverat
470 648 532 687 asse
547 629 713 696 timendum3
728 624 809 684 nobis
822 639 902 683 cave·
955 617 1039 689 sone,
1064 622 1193 694 quostiam
1215 624 1269 698 ipsi
1291 637 1356 685 sunt
1378 631 1425 702 qni
1448 631 1606 691 desiderant
1623 635 1652 691 in
1673 636 1754 694 illum

104 727 161 794 bat,
185 739 238 780 nos
260 722 422 779 instruebat.
448 719 568 776 Tacebat
591 733 651 785 ore,
679 715 729 773 sed
747 713 902 772 instruebat
954 707 1124 780 prospicere.
1140 711 1193 770 litis
1203 714 1277 771 euim
1287 725 1387 788 quanto
1402 719 1553 778 sublimitas
1562 722 1662 795 nabor,
1677 731 1753 782 tante

103 830 204 887 ΜΘ.
219 821 248 870 3,
260 812 335 886 quod
355 817 451 883 pop„
468 805 561 864 (300,st
578 807 674 875 verbo,
690 806 747 876 jam
767 802 902 861 plumbea
954 795 1093 863 humilitas
1115 801 1262 873 pretiosior
1284 814 1312 863 et
1334 807 1476 866 amabiior
1496 818 1550 868 est.
1576 812 1656 872 Unde
1677 812 1754 887 (licet

104 903 228 976 exemplo
249 901 374 960 :Discite
389 917 407 954 a
424 913 470 954 me
483 898 550 968 psas
567 897 648 952 mitia
663 911 726 952 rem
740 898 769 951 et
783 892 901 951 bomilia
954 886 1035 944 nobis
1061 890 1151 961 major
1173 892 1208 949 sit
1231 908 1314 951 cansa
1327 895 1427 954 laetitiae
1448 915 1456 954 ε
1477 899 1557 956 nobis
1574 902 1650 960 euin
1672 912 1754 960 natus

104 992 188 1052 corda
201 992 310 1064 (liciti.
326 1005 363 1057 xa,
380 986 436 1058 29).
452 987 522 1042 Nam
537 985 571 1042 de
590 983 704 1040 infantia
722 981 832 1039 Domini
853 997 901 1053 pa·
955 985 1007 1050 ast,
1023 986 1049 1034 et
1067 980 1147 1036 nobis
1165 981 1256 1056 datus)
1269 992 1360 1042 tamen
1375 987 1428 1059 ipsi
1442 1003 1493 1045 nos
1505 991 1688 1062 praecatione,
1701 992 1754 1067 ipsi

103 1098 166 1140 rum
180 1080 282 1154 aliquid
301 1076 398 1146 audio;
420 1084 521 1132 extunc
541 1077 595 1146 iam
615 1088 702 1147 usque
717 1072 752 1127 ad
767 1073 840 1128 huuc
856 1071 901 1126 tri·
954 1082 1005 1125 nos
1024 1069 1211 1130 exhortantur.
1226 1073 1326 1130 Probat
1340 1075 1393 1132 hoc
1406 1079 1530 1153 angelus,
1551 1081 1602 1155 qui
1621 1083 1753 1157 gardim

103 1171 236 1228 cesimum
257 1182 361 1223 aunum
378 1166 445 1221 nibil
467 1164 587 1222 invenio.
602 1164 682 1220 Nunc
699 1175 767 1218 vero
785 1162 843 1231 iam
860 1157 902 1214 la·
953 1173 1086 1232 magnum
1108 1162 1277 1235 exangelizat
1303 1166 1469 1237 pastoribus,
1491 1176 1519 1225 at
1548 1186 1610 1244 quaa
1631 1186 1696 1230 anm
1718 1187 1753 1232 ce

102 1267 163 1316 tere
176 1274 232 1321 nou
245 1265 346 1330 potest,
366 1257 414 1330 qui
436 1264 493 1313 tam
506 1255 651 1312 manifeste
665 1252 901 1308 demonstratura
953 1244 1025 1302 iacta
1047 1255 1090 1304 est
1111 1249 1255 1308 multitudo
1272 1253 1393 1311 ooelestis
1409 1256 1644 1333 exercitus'wsa.
1660 1275 1692 1331 u,
1707 1266 1752 1332 to,

102 1349 192 1406 Patre.
207 1346 419 1420 Namiuprima
434 1361 544 1419 quoque
554 1342 722 1416 apparitione
737 1356 799 1398 cunr
812 1347 900 1397 matre
954 1338 1010 1406 lo).
1027 1336 1109 1394 Vobis
1123 1355 1192 1412 ergo
1207 1340 1333 1412 dicimus,
1352 1343 1503 1418 Diasion,
1516 1348 1618 1407 animas
1640 1352 1754 1409 saeuis

102 1438 210 1512 virgins
226 1435 312 1493 voluit
334 1450 479 1507 apparere,
500 1433 575 1506 quod
595 1429 761 1490 verecundia
775 1430 900 1502 qualum
954 1440 1010 1493 res,
1026 1424 1142 1496 debiles,
1163 1427 1287 1487 delicatae
1310 1431 1382 1503 filiae,
1401 1440 1429 1490 at
1452 1448 1508 1490 non
1527 1435 1586 1506 lilii,
1602 1438 1630 1493 in
1653 1439 1754 1512 paribus

101 1527 130 1584 iu
144 1525 300 1601 virginitate
318 1525 485 1598 signaretur.
954 1513 1021 1570 nibil
1035 1523 1078 1572 est
1095 1515 1270 1586 ionbudinis,
1293 1519 1362 1576 nihil
1379 1529 1423 1578 est
1439 1522 1526 1580 virilis
1543 1525 1627 1582 animi
1643 1543 1650 1582 :
1667 1529 1753 1601 spre-

138 1622 166 1673 8.
182 1615 274 1673 Tertia
293 1628 403 1688 quoque
425 1612 559 1686 apparitio
572 1612 633 1682 ejus
652 1611 680 1666 iu
694 1609 845 1685 Evangelio
858 1609 901 1667 in.
955 1602 1067 1669 dimini,
1086 1604 1157 1674 filiae
1171 1607 1248 1665 Sion.
1263 1607 1435 1682 Egredimini
1448 1611 1483 1668 de
1502 1627 1587 1671 sensu
1607 1616 1700 1672 carnis
1717 1616 1754 1674 ed

102 1705 229 1763 venitur:
249 1711 278 1760 et
291 1699 542 1761 hrac'nibilominus
557 1700 639 1757 hodie
651 1699 817 1758 celebratur.
834 1669 939 1758 invi-⁸
955 1691 1124 1751 inlellessltlffl
1144 1695 1256 1766 manib,
1276 1697 1311 1754 de
1325 1699 1459 1758 widult
1479 1703 1596 1760 bertlalis
1618 1707 1753 1780 consupi-

103 1803 175 1852 tatus
189 1792 277 1850 enim
300 1790 337 1846 ad
359 1789 469 1863 nuptias
489 1788 632 1857 Dominus,
656 1789 720 1846 rino
743 1789 900 1860 deficiente,
956 1783 1068 1840 scentia
1103 1784 1138 1839 ad
1174 1784 1330 1842 bbertatmn
1367 1789 1515 1862 spiritualis
1554 1790 1752 1868 intelligentis.

103 1896 263 1956 compassus
289 1895 384 1937 eorum
408 1877 591 1946 verecundiae,
615 1893 716 1950 aquam
737 1879 852 1936 mutarit
872 1878 901 1935 in
955 1872 1171 1947 Egrediminide
1186 1882 1372 1946 terraneolam,
1389 1879 1460 1936 etde
1473 1882 1636 1956 cognatione
1648 1891 1751 1941 vestra

103 1974 206 2031 riuum.
223 1972 277 2029 iios
301 1971 400 2038 etiam,
422 1967 492 2024 sicut
506 1966 543 2023 ait
563 1966 741 2039 evangelista,
757 1970 902 2040 signorum
956 1961 1753 2042 eid⁸d01110P⁸²s15l0⁵2lisvividtissrssdemssslmmmt

102 2063 165 2137 ajars
174 2062 234 2134 satit
247 2060 368 2117 initium
382 2059 476 2128 (loom.
492 2073 522 2125 u,
538 2057 593 2128 ll).
610 2056 704 2128 ltaque
718 2056 902 2130 inprimaap.
956 2049 1077 2122 alioquin
1095 2067 1151 2108 non
1167 2053 1219 2108 erit
1234 2061 1321 2110 tutum
1336 2055 1412 2112 vobis
1434 2057 1529 2115 videre
1546 2076 1609 2116 eum
1623 2061 1755 2119 eeclesia·

103 2149 238 2224 pm'tione
268 2147 351 2204 honio
377 2161 460 2202 verus
485 2143 613 2212 innotuit,
641 2145 689 2201 ubi
718 2145 790 2202 iuter
817 2147 903 2212 ubpra
956 2147 1029 2194 stes.
1044 2139 1120 2196 idem
1135 2141 1209 2198 enim
1233 2143 1433 2215 quiSalomon,
1455 2146 1545 2205 idest
1566 2149 1753 2221 parisiensis

103 2237 200 2296 mg„
226 2234 316 2292 iupus
344 2233 481 2307 apparuig
512 2232 541 2288 in
568 2233 783 2304 recuperavero,
806 2251 902 2292 aarum
957 2227 1052 2284 exsilio
1081 2237 1123 2286 est
1141 2230 1210 2303 (tt),
1232 2232 1425 2305 Ecclesiastes,
1440 2235 1469 2291 id
1497 2244 1540 2293 est
1565 2238 1753 2309 concinnator,

104 2323 231 2384 ,mugi
249 2323 348 2381 pinum
360 2320 450 2378 mis
471 2322 573 2380 indicat
595 2323 794 2394 testimonium
811 2325 904 2381 mser.
958 2317 1011 2372 erit
1033 2318 1061 2374 in
1078 2320 1192 2390 judicie,
1212 2320 1298 2391 idida,
1327 2320 1416 2380 idest
1442 2323 1557 2382 dilectus
1578 2328 1698 2399 Domini,
1725 2329 1754 2385 in

104 2416 143 2474 tia
156 2430 233 2485 vero,
253 2429 337 2471 verus
360 2427 423 2469 esse
441 2412 515 2469 Deus
538 2413 753 2484 demonstratur,
774 2413 810 2469 ad
823 2415 903 2485 cujus
957 2421 1054 2480 regno·
1077 2409 1108 2464 lo
1123 2408 1217 2466 exsilio
1240 2421 1401 2469 mansuetus
1417 2422 1445 2470 et
1458 2415 1591 2487 amabilia,
1612 2416 1754 2487 injudicio

105 2497 250 2578 irnperium
273 2511 373 2559 natura
395 2509 526 2559 mutatur.
555 2502 607 2560 Tot
633 2502 796 2560 testimoniis
821 2504 902 2560 bodie
956 2495 1046 2565 ifflltss
1056 2504 1085 2550 ⁰²
1095 2497 1235 2564 lerfibilisa
1251 2498 1378 2574 intem
1392 2500 1529 2575 gloriosus
1539 2510 1567 2559 θῑ
1576 2503 1753 2562 ἃᾶωίηδῦίε·

105 2591 285 2652 sundrmatur
299 2586 368 2650 ildes
383 2600 489 2663 nostra,
506 2600 546 2649 tot
560 2591 668 2650 iudiciis
683 2593 828 2649 roboretur
841 2609 903 2666 spes
951 2581 1125 2658 Egredimini
1150 2586 1243 2659 igilur,
1268 2596 1296 2644 et
1313 2588 1404 2646 ridete
1428 2606 1523 2665 regem
1546 2592 1721 2652 &monem
1745 2597 1753 2652 ’ς

107 2684 210 2752 nomm,
225 2687 267 2738 tot
280 2680 423 2739 moeotivis
437 2680 750 2737 inflammatureharitae
763 2689 866 2737 nostra.
957 2689 1022 2731 nam
1040 2672 1142 2746 ubique
1156 2690 1205 2731 rex
1219 2683 1272 2732 est.
1292 2675 1369 2734 lieet
1391 2679 1466 2734 enirn
1484 2695 1601 2754 Quum
1620 2683 1680 2754 ejus
1699 2698 1755 2741 non

418 2786 538 2845 fflfflo
556 2786 591 2843 ss·
957 2762 993 2819 rit
1006 2763 1104 2820 dehoc
1117 2763 1332 2834 mandasmei
1351 2781 1400 2823 rex
1414 2768 1549 2824 estetiarn
1563 2769 1592 2826 ia
1605 2771 1658 2829 bec
1671 2786 1755 2829 mun-

957 2851 1004 2909 do.
1029 2852 1218 2927 interrogatus
1245 2854 1390 2928 siquidem,
1410 2859 1482 2931 Erpa
1500 2874 1554 2919 rea
1570 2876 1599 2920 er
1615 2860 1669 2919 le?
1687 2863 1753 2938 Epo,

106 2898 144 2956 De
164 2896 258 2970 liapis,
274 2896 494 2968 obiecpeciiar
511 2895 632 2954 tetrade
649 2894 840 2967 conticinio,
858 2903 902 2969 ii,
960 2940 966 2952 .
1028 2940 1033 2951 .
1073 2943 1079 2953 .
1394 2947 1400 2958 .
1553 2950 1560 2963 ,

143 2987 157 3019 a
173 2967 358 3040 Egredimict',
371 2964 441 3037 pilia
451 2967 564 3039 stenar
573 2967 662 3026 videte
672 2979 767 3038 repom
781 2968 904 3028 Salomo-
918 2960 940 3040 8
958 2949 1055 3014 ¹¹¹q¹¹¹¹t
1067 2957 1100 2998 Μ
1109 2942 1158 3001 '²⁰⁶
1168 2946 1257 3001 ’ΨΜ
1265 2959 1339 3010 “lma
1349 2948 1379 3002 θ’
1388 2961 1421 3002 ”²
1431 2943 1481 3004 ²⁸0⁶
1494 2963 1561 3006 Μ*
1571 2950 1604 3007 ln
1615 2950 1755 3007 mamam

141 3055 248 3095 mm„
957 3030 1050 3102 (ioca.
1074 3045 1149 3101 xvur,
1175 3032 1232 3103 st).
1256 3031 1306 3089 llio
1327 3042 1396 3107 ergo
1420 3042 1511 3093 rector
1534 3038 1754 3109 calicodimia

143 3133 168 3184 t.
184 3128 254 3187 Tres
274 3123 460 3200 apparitiones
483 3123 592 3181 Domini
606 3124 725 3200 legimus
748 3143 826 3186 :una
841 3129 903 3202 qui·
956 3117 1060 3190 iudicio
1080 3119 1216 3178 discretor
1238 3120 1410 3192 meritorum,
1438 3123 1466 3180 in
1487 3138 1575 3200 regna
1596 3127 1755 3186 distributor

105 3217 170 3273 dem
185 3215 240 3284 die,
256 3215 306 3270 scd
325 3229 380 3271 nou
403 3229 460 3270 uno
478 3220 604 3288 tempora
618 3216 714 3272 iactas.
738 3216 774 3272 Et
793 3217 904 3290 quidem
957 3209 1143 3280 praemiortlm·
1566 3215 1568 3219 ’
1645 3289 1648 3295 Ι

105 3303 238 3360 mirabilis
253 3303 384 3371 secunda,
399 3301 534 3358 mirabilis
549 3303 628 3358 tertia
640 3320 648 3370 3
660 3304 709 3362 sed
722 3304 811 3377 prima
825 3321 905 3380 appa·
994 3302 1018 3357 3.
1035 3298 1208 3373 Εεῐθᾶῗῦὶὶῃῑ
1217 3298 1342 3372 Dr⁰i¹²d02
1353 3298 1418 3359 fili&
1430 3301 1506 3375 85⁰⁰,
1515 3309 1543 3361 0⁶
1552 3303 1645 3362 ’Μ
1657 3320 1753 3381 regem

104 3393 169 3449 ritio
186 3390 340 3449 mirabilius
353 3390 525 3447 admiranda.
548 3393 681 3450 Mirabilis
695 3408 828 3467 aquarum
842 3413 904 3452 mu·
958 3387 1132 3445 Solomonem
1155 3388 1183 3444 in
1202 3388 1366 3461 diademate,
1391 3406 1445 3465 quo
1460 3393 1601 3450 coronarit
1614 3409 1677 3450 euru
1691 3392 1754 3451 'rna-

105 3481 181 3551 tatio‚
206 3479 338 3536 mirabilis
351 3478 466 3535 ioannis
486 3487 514 3535 et
536 3479 670 3537 columbae
683 3481 787 3553 pariter
808 3490 836 3540 et
857 3502 905 3556 pa·
958 3487 1001 3536 ter
1019 3496 1078 3549 sua,
1102 3479 1130 3535 iu
1151 3494 1254 3536 corona
1267 3481 1445 3554 paupertatis,
1464 3481 1493 3538 in
1507 3497 1609 3540 corona
1622 3482 1754 3542 miseriae.

105 3564 193 3629 terna
215 3568 292 3627 vocis
312 3567 463 3634 attestati03
486 3567 535 3624 sed
562 3568 628 3624 illud
655 3570 780 3628 mirabile
803 3573 902 3647 magis,
958 3568 1098 3641 Siquidem
1117 3577 1264 3627 coronatus
1287 3578 1332 3625 est
1348 3578 1378 3627 et
1399 3586 1415 3626 a
1437 3584 1556 3630 noverea
1579 3587 1628 3629 sua
1652 3588 1755 3633 corona

105 3660 179 3734 guod
193 3658 304 3734 agnitus
322 3665 394 3714 esta
416 3657 514 3732 lingis.
530 3657 599 3714 Nam
622 3648 696 3732 quod
710 3660 798 3718 Deum
812 3677 903 3737 agno-
957 3658 1062 3729 spinea,
1083 3673 1185 3714 corona
1206 3653 1338 3726 miseriam
1363 3660 1566 3717 eomnandnsa
1589 3662 1690 3719 familia
1705 3680 1754 3721 sua

104 3757 192 3818 soant,
214 3747 316 3806 iudicat
331 3747 463 3817 adoratio,
489 3744 591 3804 indicat
612 3747 701 3805 thuris
720 3750 832 3814 oblatio.⁴
845 3753 904 3809 Nec
958 3760 1059 3805 corona
1068 3748 1189 3820 justitiae,
1201 3747 1434 3822 quandoeribunt
1447 3751 1549 3826 angeli,
1564 3759 1593 3810 et
1611 3751 1705 3810 tollent
1718 3753 1754 3812 de

105 3841 195 3898 solum
213 3841 311 3909 Dauus
332 3838 382 3895 sed
397 3847 424 3896 et
438 3852 534 3912 regem
553 3848 717 3913 agnoscunt,
739 3842 812 3914 quod
833 3843 904 3900 desi·
957 3853 1046 3912 regno
1060 3840 1121 3910 ejus
1136 3838 1228 3895 omnia
1246 3838 1385 3910 scandala,
1400 3840 1510 3912 quando
1523 3829 1616 3898 reniet
1628 3842 1661 3897 ad
1676 3842 1753 3912 judi·

104 3937 205 4006 guatur
219 3927 248 3985 iu
268 3944 346 3985 auro.
362 3929 396 3983 Et
424 3927 452 3983 iu
479 3928 522 3983 bis
536 3944 591 3986 non
614 3930 679 3986 latet
703 3942 752 3988 eos
773 3946 903 4006 magnum
958 3927 1030 3983 oium
1044 3942 1107 3982 euru
1126 3927 1282 3983 senioribus
1296 3927 1388 3999 populi
1407 3929 1464 3994 sui3
1480 3944 1543 3986 cum
1556 3930 1691 4002 pugnabit
1703 3946 1754 4002 pro

104 4018 214 4092 pietatis
237 4024 458 4096 sacramentum:
483 4013 571 4074 800
593 4018 666 4074 unde
690 4029 718 4077 et
739 4020 767 4076 'm
791 4023 904 4095 myrrha
958 4030 993 4073 eo
1003 4015 1080 4073 orbis
1094 4023 1176 4072 terrae
1186 4015 1318 4072 adversus
1332 4015 1494 4076 insensatos.
1510 4019 1630 4076 Coronat
1644 4034 1708 4076 eum
1727 4030 1755 4077 et

104 4109 225 4166 indicant
238 4106 414 4164 moriturum.
430 4103 552 4162 Aderant
566 4106 647 4179 Magi,
663 4116 692 4163 et
709 4109 830 4166 ollarum
847 4129 904 4168 mu·
958 4107 1037 4162 Pater
1052 4118 1153 4162 ebrona
1167 4104 1273 4178 gloriae,
1298 4104 1367 4161 sieut
1381 4105 1418 4160 ait
1433 4105 1574 4163 Psalmista
1592 4127 1598 4166 :
1617 4107 1712 4166 Gloria
1725 4115 1754 4167 et

104 4189 279 4257 ncra'adhuc
303 4195 413 4269 sugenti
439 4196 535 4252 matris
555 4197 650 4253 ubera.
676 4197 730 4255 Sed
748 4199 796 4255 ubi
818 4208 902 4270 est,o
957 4194 1062 4253 bonore
1074 4195 1217 4252 coronasti
1226 4210 1299 4263 eam,
1311 4195 1592 4268 Domincffsalsrrr,
1607 4196 1754 4269 o).videte

103 4286 186 4360 biugi,
202 4286 249 4342 ubi
264 4292 306 4341 est
326 4299 448 4357 purpura
470 4284 545 4357 regis
568 4283 670 4359 hujus?
685 4286 813 4360 Nunquid
833 4288 902 4347 viles
957 4281 1109 4353 cumillis
1127 4281 1423 4354 Sion,indiademate,
1449 4299 1504 4358 quo
1525 4285 1667 4343 coronarit
1690 4301 1754 4343 eum

103 4375 186 4448 pauni
196 4374 252 4444 isti,
268 4374 368 4447 quibus
379 4382 421 4430 est
435 4372 594 4430 involutus?
605 4371 632 4430 st
648 4390 696 4431 rex
707 4383 759 4447 est,
775 4375 902 4434 diadema
917 4344 941 4423 ῧ
956 4381 1044 4430 mater
1059 4386 1118 4430 sua.
1143 4372 1278 4445 suscipite
1302 4387 1432 4431 coronam
1447 4373 1551 4446 parvuli
1569 4383 1685 4447 propter
1703 4391 1755 4435 vos

88 4465 164 4537 eius
179 4463 225 4521 ubi
240 4460 301 4520 esti
315 4460 369 4519 Sed
385 4462 901 4537 voseumrerevidetisindiademate,
956 4463 1032 4536 regis
1044 4462 1140 4533 vestri,
1165 4470 1193 4517 et
1220 4479 1273 4518 uua
1296 4478 1359 4519 cum
1381 4461 1472 4538 Magis
1490 4460 1673 4522 bumilitatem
1691 4465 1754 4536 eius

103 4568 157 4628 quo
173 4552 315 4612 coronarit
329 4568 392 4610 eum
406 4551 494 4608 linter
507 4567 566 4622 sua,
581 4553 609 4609 iu
624 4568 705 4611 sacco
720 4556 900 4626 mortalitatis,
955 4553 1079 4622 adorate,
1095 4566 1212 4625 quorum
1225 4551 1290 4609 iidei
1311 4551 1420 4610 devotio
1433 4549 1510 4608 robis
1522 4551 1606 4609 hodia
1620 4553 1754 4627 proponi-

102 4643 137 4702 de
146 4658 201 4718 quo
208 4658 358 4719 resurgens
367 4640 667 4713 uitzQuiaaonretdirti
674 4660 787 4702 roceam
795 4665 900 4723 eneam,
956 4648 1001 4698 tur
1024 4641 1051 4696 iu
1070 4641 1235 4715 exemplum.
1250 4639 1300 4696 Cui
1324 4639 1398 4697 enirn
1416 4641 1648 4714 comparabimus,
1667 4636 1695 4698 et
1709 4643 1754 4700 cui

102 4739 132 4792 ei
149 4733 365 4793 eirobmdeds'ati
374 4747 420 4788 mc
435 4731 539 4789 letitia
562 4731 649 4804 (Psoi.
661 4749 734 4804 xxix,
748 4735 803 4810 rb).
814 4739 901 4810 lipre-
956 4729 1060 4787 similes
1082 4726 1278 4785 nstimabimus
1291 4729 1366 4786 viros
1379 4728 1465 4787 istos?
1483 4728 1512 4786 Si
1525 4730 1639 4788 latronis
1657 4729 1752 4801 iidem,

103 4820 216 4890 dimini,
230 4819 300 4890 fiiioe
318 4819 395 4884 siem
417 4816 544 4876 eteideie
563 4833 656 4890 regem
672 4820 851 4880 Salomonem
869 4823 902 4878 in
956 4818 979 4876 si
994 4817 1162 4877 centurionis
1180 4816 1384 4876 mutassiosem
1407 4818 1606 4889 considerem
1620 4833 1653 4877 eo
1668 4834 1753 4896 supe·

102 4907 271 4979 diademis,
279 4908 487 4985 praeoccurrit
496 4922 562 4964 eam
572 4910 739 4980 meterren,
749 4916 804 4967 etc.
815 4908 903 4987 Egre-
955 4907 1106 4966 rescellere
1127 4907 1254 4964 ridentur
1276 4907 1331 4979 isti,
1357 4906 1432 4981 quod
1451 4910 1508 4980 jam
1532 4917 1597 4983 tunc
1619 4907 1753 4968 miracula

102 4982 207 5062 diuidi,
224 4994 499 5071 drtutes‘engelicaa,
520 4992 617 5055 incolae
632 4993 747 5055 civitatis
760 5014 899 5073 superna.
954 4992 1038 5054 muita
1052 4992 1166 5067 iecerat,
1184 4997 1244 5068 jam
1255 5006 1322 5055 tnnc
1335 5012 1352 5052 a
1365 4994 1457 5052 multis
1471 4995 1638 5068 praedicatus
1650 4997 1751 5074 iuerat,

102 5085 178 5146 licre
191 5096 240 5142 rex
254 5085 416 5152 rester‚sed
432 5081 897 5163 mosronrnostraindiadbmate,
953 5084 1078 5143 amabis
1092 5079 1233 5144 adoratus.
1262 5079 1388 5143 tormen
1412 5082 1624 5144 consideremus
1645 5077 1753 5162 quidet

103 5184 157 5251 quo
171 5169 384 5231 coronaviteu'm
397 5182 485 5230 mater
496 5188 554 5230 sue.
566 5172 620 5231 Sed
636 5172 677 5230 his
692 5173 796 5231 deliciis
811 5173 899 5248 usgue
953 5174 991 5232 illi
1012 5168 1139 5233 dixerint.
1166 5176 1305 5234 cremabat
1333 5172 1401 5230 latro
1426 5173 1460 5230 de
1482 5186 1566 5231 cruos
1591 5193 1597 5234 :
1624 5176 1751 5249 Domine,

102 5264 184 5322 niodo
211 5260 347 5328 caruistis.
379 5263 449 5318 lrane
480 5264 611 5320 haetenus
644 5260 815 5320 dulcedinem
844 5279 898 5322 non
953 5271 1094 5324 memento
1108 5268 1174 5333 mai,
1189 5264 1259 5322 dom
1273 5266 1380 5323 veneras
1395 5267 1559 5338 increpitam
1575 5269 1657 5322 mam
1674 5264 1750 5337 (lca.

85 5351 241 5430 'gramsis
266 5349 379 5407 Habetis
404 5350 597 5424 sublimitatem
625 5353 696 5424 ejus,
721 5350 770 5409 sed
793 5353 900 5410 humili·
953 5372 1030 5426 xxur,
1046 5356 1101 5427 di).
1119 5356 1232 5429 Ergone
1245 5369 1296 5426 per
1309 5352 1472 5427 simplicium
1495 5353 1540 5411 illc
1554 5354 1628 5410 radit
1642 5353 1670 5420 in
1691 5371 1755 5432 reg·

100 5440 184 5500 tatem
200 5444 261 5514 epis
279 5457 334 5521 npn
357 5439 472 5497 vidistis.
497 5439 668 5517 Egredimini
689 5441 783 5516 igitur,
804 5436 837 5499 'et
859 5445 899 5501 ri·
954 5444 1045 5503 num?
1071 5442 1141 5517 Quis
1161 5442 1290 5500 indicarit
1311 5434 1361 5498 uit
1382 5432 1511 5518 moniam
1534 5443 1680 5520 operiebat
1696 5436 1754 5519 pati

135 5559 193 5631 tte)
207 5555 275 5630 Qun
288 5558 388 5615 abhinc
403 5565 554 5631 sequuntur
568 5557 603 5613 ad
617 5556 699 5615 tinem
719 5559 858 5629 sectionis,
870 5561 983 5620 totidem
997 5562 1087 5620 verbis
1102 5560 1230 5634 leguntur
1244 5558 1272 5617 in
1283 5548 1412 5618 sermone
1425 5561 1459 5617 bd
1474 5559 1510 5616 de
1524 5557 1659 5618 Diversis.
