3734 5948
66 212 122 266 173
627 205 661 261 tit
678 202 954 272 nannetensium
970 206 1088 266 SERHO
1105 208 1156 267 illi
1662 214 1716 274 tut

64 334 169 404 ipsunt.
200 332 381 389 convertatur
403 325 483 385 etiam
506 327 541 382 ad
564 327 652 399 ipsum
679 329 759 384 timor
786 336 860 399 tuns3
881 329 1034 421 ,verbnm
1054 331 1123 391 Dei:
1149 331 1253 388 scindat
1272 330 1348 399 illud,
1368 340 1395 390 et
1414 333 1442 391 in
1469 335 1567 393 multas
1591 337 1719 399 minutias

64 426 128 494 qnia
142 436 290 494 perversus
305 428 348 476 est
361 417 442 473 umor
455 416 553 482 omnis,
570 434 624 491 qno
643 418 741 476 metuis
763 417 864 491 aliquid
919 417 1031 476 festinet
1060 419 1205 492 dispertiri.
1229 419 1355 493 Alioquin
1381 437 1437 479 non
1464 431 1508 480 est
1532 427 1655 484 converti
1684 429 1719 485 ad

65 517 255 583 preteream,
271 513 317 565 aul
333 523 387 565 non
403 515 516 577 propter
530 522 602 562 eum.
623 507 667 564 Sic
689 517 716 564 et
736 508 864 579 gaudium
918 506 1104 563 Dominnmin
1124 515 1180 567 toto
1210 509 1302 577 corde,
1329 510 1380 567 nisi
1401 511 1486 569 scisso
1505 513 1599 571 corde.
1620 514 1717 575 Denso

65 607 156 667 tunm,
171 607 200 656 et
215 598 322 654 tristitia
336 604 380 652 tua
399 611 477 667 aeque
495 603 688 652 convertantur
707 597 742 651 ad
763 597 862 667 ipsum.
919 597 991 652 enim
1016 596 1088 652 illam
1109 614 1191 653 unam
1211 599 1327 670 accipias
1341 599 1368 655 iu
1387 600 1550 673 Jerusalem,
1572 603 1651 674 cujus
1674 614 1717 663 est

65 687 123 743 Hoc
139 685 349 752 antemnates,
365 684 388 740 si
402 683 511 741 uenirisi
525 685 673 740 secundum
689 685 862 749 eumdoleas‚
919 685 1088 756 participatio
1107 685 1136 740 in
1157 685 1286 758 idipsum,
1306 687 1390 744 multa
1412 687 1520 744 interim
1545 689 1592 745 tibi
1615 693 1715 762 praeci·

66 783 114 829 aut
135 774 246 830 laeteris.
271 771 343 842 Quid
366 772 439 828 enim
470 787 634 842 perversum
665 770 747 828 818
780 772 865 842 magis
919 775 1045 844 pinntur;
1062 783 1090 831 et
1103 774 1126 829 si
1139 774 1167 829 in
1181 789 1236 831 uno
1257 773 1417 845 oileuderis,
1437 775 1524 832 lactus
1546 794 1575 834 es
1594 781 1713 836 omnium

68 871 152 936 quam
165 863 252 919 beari
265 878 328 917 cnm
342 859 535 926 malefeceris,
549 868 577 916 et
595 861 622 916 in
637 861 719 917 rebus
738 860 865 933 pessimis
920 877 992 918 reus.
1006 865 1130 934 Spiritus
1144 864 1258 920 Domini
1272 864 1436 938 multiplex.
1451 866 1488 921 ait
1505 865 1621 940 Sapiens
1634 868 1713 943 (Sap.

68 949 223 1007 exsultaret
233 949 290 1006 Sed
303 955 332 1005 et
345 964 379 1005 ea
392 963 502 1021 quoque
517 965 578 1021 quae
591 950 738 1006 secundum
754 964 865 1005 carnem
918 966 966 1017 vn,
985 954 1046 1023 22),
1065 967 1116 1008 nec
1135 958 1226 1024 potest
1249 951 1327 1024 sequi
1350 951 1524 1024 multiplicem
1544 956 1603 1014 sine
1619 958 1712 1014 multi-

66 1050 107 1100 ιιι
120 1040 243 1110 tristitia,
258 1047 375 1096 mortem
389 1046 528 1108 operatur.
545 1037 574 1092 Si
592 1053 643 1110 pro
657 1047 704 1095 tuo
719 1037 775 1094 sive
799 1052 865 1110 pro·
919 1038 982 1109 plici
1002 1039 1142 1096 scissione.
1166 1039 1236 1094 Audi
1258 1039 1376 1112 denique
1400 1038 1548 1109 hominem,
1563 1060 1644 1116 quem
1667 1062 1714 1103 se-

66 1129 132 1184 ximi
151 1134 267 1202 peccato
291 1127 379 1194 doles,
404 1126 475 1183 bene
490 1126 567 1190 lacis,
582 1135 611 1182 et
623 1127 680 1184 bac
695 1126 802 1183 tristitia
823 1133 866 1182 est
919 1131 1037 1185 cundum
1051 1145 1099 1187 cor
1113 1109 1192 1186 sivum
1202 1130 1344 1186 invenerat
1353 1130 1434 1185 Deus.
1450 1133 1598 1199 Paratum,
1615 1135 1713 1208 inquit,

64 1218 228 1274 adsalutem
248 1219 288 1285 (ll
305 1216 365 1273 Gor.
379 1232 430 1280 vn,
451 1216 506 1286 lli),
523 1215 552 1270 Si
565 1216 685 1286 gaudeas
698 1215 732 1270 ad
752 1229 865 1271 munera
919 1221 1173 1286 cormeum‚lleus,
1183 1223 1320 1290 puuctum
1331 1234 1484 1276 cormeum
1495 1219 1585 1291 [Psoi.
1600 1237 1657 1294 tvi,
1673 1224 1711 1294 8),

64 1309 173 1381 gratiae,
190 1308 243 1362 boc
255 1305 385 1379 gandium
397 1314 520 1360 sanctum
535 1312 589 1373 est,
608 1312 636 1360 et
655 1320 780 1359 securum
801 1319 866 1376 gan·
920 1307 1043 1361 Paralum
1056 1306 1091 1360 ad
1105 1306 1227 1371 adversa,
1245 1313 1368 1376 paratum
1383 1305 1417 1361 ad
1431 1321 1577 1378 prospera;
1589 1302 1714 1381 paratum

63 1396 139 1452 dium
150 1396 179 1450 iu
194 1394 296 1467 Spiritu
310 1400 415 1449 sancto.
432 1393 524 1449 Debes
539 1399 567 1449 et
576 1392 602 1447 i
618 1390 763 1448 dilectione
777 1391 866 1447 Chris·
918 1394 953 1451 ad
968 1393 1087 1460 humilia,
1101 1403 1225 1466 paratum
1239 1394 1274 1449 ad
1288 1393 1429 1462 sublimia;
1450 1386 1573 1466 paratum
1592 1398 1627 1454 ad
1648 1401 1713 1455 nni·

62 1486 80 1540 ti
95 1484 227 1540 fraternis
241 1483 415 1555 congaudere
423 1481 659 1554 prosperitatibus,
670 1487 698 1538 et
711 1480 863 1547 adversita·
918 1499 996 1540 versa
1010 1499 1179 1557 quacunque
1194 1483 1370 1556 preceperis.
1396 1483 1445 1539 Vis
1463 1483 1600 1557 pastbrem
1621 1489 1713 1545 ovium

63 1573 138 1628 libna
158 1571 317 1637 condolere,
341 1572 410 1628 sicut
425 1571 558 1643 scriptum
576 1579 637 1628 est:
655 1570 779 1628 Gaudere
799 1587 864 1627 cum
919 1570 1026 1627 lacere?
1041 1571 1082 1629 vis
1096 1571 1261 1628 constituere
1276 1587 1370 1644 regem
1386 1571 1714 1644 populorumchretnm

63 1658 263 1730 pandentibus,
279 1661 348 1729 itere
361 1675 425 1715 cum
441 1655 575 1729 {lentibus
589 1658 679 1730 (Rom.
696 1671 748 1723 xit,
765 1659 820 1727 15).
878 1645 901 1724 Ι
918 1676 1081 1727 cormeum,
1092 1663 1176 1730 bens,
1186 1664 1323 1734 parntem
1333 1676 1493 1719 cormeum.
1511 1660 1578 1730 Quis
1588 1673 1618 1720 ut
1627 1656 1713 1722 David

97 1751 126 1805 t.
144 1747 248 1804 Verum
259 1762 295 1803 ne
307 1747 368 1819 ipsa
379 1747 527 1818 corporalis
541 1746 651 1818 quidem
665 1754 707 1803 est
716 1745 861 1818 parvipeu-
918 1746 1004 1804 tidelis
1019 1747 1187 1820 ingrediens,
1200 1755 1228 1803 et
1242 1746 1397 1820 egrediens,
1413 1756 1441 1804 et
1451 1764 1570 1822 pergens
1580 1750 1614 1807 ad
1621 1751 1712 1823 impe-

61 1837 153 1894 denda
169 1837 324 1903 conversio,
339 1836 402 1908 <luia
417 1836 564 1908 spiritualis
579 1837 659 1903 hujus
670 1834 861 1890 adminiculum
916 1837 984 1890 num
1000 1837 1090 1907 regist
1105 1838 1136 1891 Et
1146 1835 1295 1891 dicebatde
1305 1836 1510 1908 peccatoribus:
1525 1840 1713 1912 Cooputotum

61 1927 185 1983 noscitur
198 1942 261 1983 esse
275 1941 330 1982 non
344 1941 467 1998 parvum.
485 1924 551 1980 inde
566 1935 607 1980 est
618 1924 691 1996 quod
702 1925 729 1979 in
740 1926 790 1981 boc
802 1925 861 1981 loco
915 1928 1041 1983 estaieet
1052 1926 1151 1983 tucccr
1160 1940 1272 1992 emon,-
1283 1941 1330 1997 epo
1340 1942 1403 1984 vero
1414 1927 1588 1998 tepemlnnm
1596 1929 1713 1988 meditu-

61 2015 196 2071 Dominus
209 2031 271 2071 cum
286 2014 418 2070 dixisset:
435 2017 468 2071 ln
483 2014 642 2078 totocorde,
659 2013 781 2083 adjunxit
796 2029 862 2084 pro·
916 2018 961 2070 ins
970 2031 1033 2071 auin
1043 2015 1131 2085 (Paul.
1143 2029 1242 2081 cxviii,
1257 2016 1316 2086 io).
1331 2013 1397 2070 lnde
1413 2015 1485 2070 enim
1499 2015 1588 2072 cordis
1602 2016 1712 2086 duritia,

61 2102 152 2159 tinnss
176 2105 211 2159 ln
221 2105 354 2175 jejunio:
376 2101 448 2174 qnod
467 2101 560 2173 ntique
582 2100 703 2171 corporis
721 2107 773 2156 est.
794 2099 861 2156 Volo
914 2102 978 2160 inde
992 2105 1089 2160 mentis
1104 2104 1259 2170 obstinatio,
1275 2103 1339 2176 quia
1353 2103 1499 2159 meditatur
1514 2105 1573 2176 quiis
1592 2121 1648 2162 non
1668 2104 1711 2164 le·

61 2203 153 2248 tamen
168 2207 219 2248 vos
234 2191 389 2248 admonitos
403 2207 464 2246 esse
484 2188 582 2246 iratres
603 2204 688 2254 meos,
710 2191 861 2245 observari·
914 2208 976 2274 gem
992 2192 1107 2257 Donuni,
1125 2193 1172 2248 sed
1187 2191 1324 2264 propriam
1337 2190 1513 2248 voluntatem.

61 2282 124 2336 dnm
135 2281 203 2336 illud
220 2295 275 2337 nou
290 2280 326 2335 ab
339 2279 409 2336 escis
424 2286 538 2344 tentum,
556 2278 605 2333 sed
617 2276 652 2333 ab
667 2277 861 2333 omnibnsillu·
950 2284 977 2336 o.
1005 2280 1166 2338 Scindamus
1183 2281 1276 2353 itaque
1295 2278 1378 2337 corda
1403 2287 1506 2346 nostra,
1531 2278 1709 2350 dilectissimi,

61 2370 151 2427 cebris
170 2371 273 2434 carnis,
295 2377 323 2425 et
338 2369 464 2425 universa
488 2366 609 2438 corporis
628 2365 780 2438 voluptate;
808 2367 861 2422 imo
914 2375 1049 2439 quatenus
1080 2368 1187 2441 integra
1221 2367 1336 2439 proinde
1363 2368 1527 2424 vestimenta
1558 2385 1709 2430 servemus.

60 2475 126 2517 vere
138 2458 324 2532 jejunandum
334 2465 376 2513 est
389 2457 471 2528 longe
489 2456 604 2528 amplius
617 2470 633 2509 a
647 2455 727 2521 vitiis,
745 2470 826 2528 quam
845 2470 861 2510 a
915 2456 1012 2512 Vestes
1026 2455 1100 2512 enim
1113 2463 1213 2513 nostrae
1227 2457 1340 2511 virtutes
1354 2465 1426 2511 sunt.
1443 2454 1515 2513 Bona
1530 2459 1625 2532 vestis,
1644 2462 1710 2516 clia·

60 2549 136 2605 cibis.
152 2549 208 2606 Sed
222 2555 264 2602 est
274 2549 356 2619 panis
368 2561 385 2601 a
399 2561 454 2619 quc
468 2561 516 2601 vos
529 2547 656 2614 jejunare
670 2544 744 2611 nolo,
760 2561 794 2600 ne
809 2543 862 2599 lor·
914 2546 999 2609 ritas;
1016 2543 1088 2601 bona
1102 2545 1195 2609 vestis,
1212 2543 1366 2601 obedientia
1380 2547 1432 2600 'est
1448 2542 1546 2602 Beatus
1562 2546 1607 2618 qui
1617 2557 1710 2604 custo-

61 2636 234 2695 ledeliciutia
243 2635 340 2693 invia:
355 2642 382 2691 ol
390 2636 413 2690 si
423 2633 543 2702 nescitis,
553 2649 651 2706 panem
661 2634 722 2690 dico
730 2632 861 2705 lacryma
913 2634 953 2690 dit
966 2634 1128 2690 vestimenta
1141 2634 1209 2699 haee,
1221 2641 1252 2688 nt
1261 2649 1315 2690 uon
1323 2629 1442 2690 ambulet
1452 2633 1552 2690 nudus.
1564 2636 1689 2710 Denique
1702 2656 1709 2695 ε

60 2743 127 2784 rum.
139 2725 273 2796 Sequitur
280 2724 370 2781 enim:
381 2726 413 2780 ln
419 2725 542 2796 jejunio,
554 2729 581 2780 et
605 2725 674 2792 tletn
688 2727 717 2780 et
727 2723 858 2795 planctu.
914 2712 994 2780 ilenti
1002 2739 1122 2797 quornm
1132 2726 1207 2780 metu
1216 2726 1285 2778 sunt
1294 2724 1413 2794 peccata
1423 2722 1511 2794 (Psoi.
1523 2739 1604 2790 xxxi,
1617 2724 1659 2797 l);
1671 2730 1709 2794 et,

59 2815 149 2889 Exigit
163 2814 237 2871 enim
259 2813 426 2886 planctnma
445 2811 524 2868 nobis
541 2811 699 2883 poenitentia
717 2810 861 2881 praeteritae
917 2812 1046 2869 Charitm
1060 2813 1149 2885 operit
1167 2811 1386 2868 multitudinem
1404 2813 1621 2886 peccatorum(l
1632 2815 1710 2872 Petr.

60 2903 297 2971 conversationis3
330 2902 415 2974 exigit
447 2902 541 2958 lletum
572 2900 736 2958 desiderium
764 2899 861 2957 intnrae
914 2917 951 2967 vv,
962 2892 998 2974 8).
1011 2899 1172 2957 scindamus
1181 2899 1274 2968 corda,
1285 2897 1522 2971 sicutpraedictnm
1531 2909 1582 2971 est,
1590 2898 1713 2959 uasta

60 2992 246 3050 beatitudinis.
262 2994 355 3047 Factoe
367 2994 436 3047 aunt
452 2991 524 3046 milti
539 2992 671 3063 lacryma
688 3006 758 3046 meoe
772 3004 860 3062 panca
875 2957 898 3036 ὓ
914 2991 973 3045 heac
997 2988 1160 3046 vestimenta
1178 2987 1287 3061 integra
1306 3002 1457 3058 servemus,
1482 2989 1711 3061 quemadmodum

58 3082 247 3149 diedemate,
255 3079 444 3150 aitPropheta,
452 3094 516 3134 cum
526 3077 860 3149 diciturmiliiquctidie:
913 3068 1019 3150 integra
1034 3074 1136 3133 salvata
1156 3082 1198 3132 est
1217 3075 1309 3131 tunica
1323 3075 1480 3132 salvatoris.
1497 3070 1554 3133 Nec
1569 3079 1650 3135 modo
1668 3081 1710 3136 iu·

59 3170 106 3227 liti
127 3174 174 3225 eat
192 3171 264 3225 Deua
281 3168 363 3245 tunel
376 3167 463 3238 (Psoi.
479 3180 537 3235 xci,
554 3167 594 3237 t.)
614 3167 710 3220 Parum
724 3164 751 3219 ei
770 3166 861 3235 placet
915 3174 1017 3238 tagram
1033 3171 1123 3222 servat
1137 3173 1241 3219 vestem
1256 3160 1350 3218 scissio
1372 3162 1470 3231 cordis,
1487 3163 1579 3220 sedet
1598 3165 1711 3223 talarem

59 3257 141 3327 hujus
152 3256 216 3315 uite
228 3255 344 3321 nouitas,
361 3253 408 3328 qni
423 3254 540 3310 necdum
553 3260 647 3309 vetera
660 3253 775 3326 plangit,
790 3270 858 3309 nec·
913 3270 974 3311 eam
989 3252 1052 3308 lacit
1062 3262 1091 3308 et
1104 3249 1270 3325 polymitam,
1286 3251 1394 3325 qualem
1413 3259 1537 3308 asaucto
1557 3254 1712 3325 patriarchii

60 3345 124 3401 dum
134 3344 241 3416 plangit
251 3343 367 3399 admissa
389 3348 510 3413 peccata,
533 3341 648 3397 necdum
669 3340 775 3416 plingit
794 3349 860 3397 tem-
911 3342 996 3399 lacob
1010 3341 1116 3413 accepit
1129 3341 1211 3408 filins,
1226 3340 1272 3413 qui
1287 3357 1344 3413 prae
1358 3341 1615 3400 caeterisamabatur
1626 3344 1710 3418 (lien.

56 3449 107 3506 pus
116 3433 260 3489 antissam.
272 3430 302 3488 Si
311 3446 365 3488 non
376 3428 493 3502 plangis,
504 3428 582 3500 plane
594 3445 648 3485 non
666 3430 752 3485 sentis
763 3430 859 3485 animae
912 3448 1023 3501 xxxvii,
1047 3434 1086 3503 3).
1114 3426 1183 3487 Hinc
1208 3446 1308 3502 nempe
1336 3429 1465 3486 uirtutum
1494 3434 1708 3504 perseverantia

55 3523 181 3589 illlum.
199 3519 373 3578 wusciesstiae
386 3519 535 3574 lae8i0sseffl·
551 3517 606 3573 Sed
621 3533 672 3573 nec
687 3516 782 3596 futura
793 3518 859 3574 satis
913 3524 976 3580 binc
994 3519 1209 3578 conversationis
1228 3518 1347 3591 pulcbrae
1367 3516 1486 3575 discolor
1511 3520 1613 3577 unitas.
1640 3522 1709 3580 ilinc

55 3610 158 3687 3⁸³le
172 3595 355 3682 concupiscit,
372 3606 395 3664 Si
409 3623 465 3664 non
479 3604 601 3680 quotidie
616 3606 735 3676 postulas
750 3621 782 3661 ea
797 3623 858 3662 cnm
913 3611 946 3666 ltu
961 3620 1005 3667 est
1017 3608 1105 3682 gloria
1121 3609 1194 3683 regis
1206 3606 1280 3664 filiive
1292 3607 1322 3663 in
1336 3605 1450 3665 fimbriis
1471 3607 1572 3676 aureis,
1592 3609 1709 3687 circum-

55 3700 204 3772 lacrymis:
220 3696 448 3765 minustibinota
466 3702 539 3761 sunt,
562 3693 586 3750 si
605 3710 660 3750 non
680 3695 769 3750 renuit
789 3710 857 3751 con-
913 3699 1012 3755 amicta
1033 3697 1209 3754 varietatibus
1233 3694 1320 3766 (Psoi.
1346 3706 1421 3764 univ,
1447 3692 1491 3762 tt,
1526 3698 1582 3768 le),
1616 3698 1710 3757 Potest

55 3789 140 3844 solari
155 3789 245 3844 anima
261 3795 316 3852 tna,
333 3784 421 3842 donec
440 3785 561 3842 veniant.
912 3796 1004 3843 lamen
1023 3793 1051 3844 et
1073 3785 1153 3842 aliter
1174 3785 1233 3841 haec
1257 3781 1351 3868 scissio
1372 3781 1462 3838 cordis
1486 3782 1609 3857 intelligi,
1633 3795 1663 3843 ut
1686 3780 1708 3844 si

89 3881 119 3935 5.
133 3878 219 3934 Addit
228 3875 329 3932 deiude
340 3874 493 3945 Propheta:
509 3875 543 3929 Et
560 3868 681 3930 scindite
695 3868 780 3929 cordo
795 3887 856 3929 ves-
912 3875 1021 3948 quidem
1036 3890 1149 3948 pravum
1163 3869 1255 3937 luerit,
1270 3871 1408 3928 scindatur
1415 3871 1450 3926 ad
1461 3874 1707 3944 compunctionem.

55 3975 112 4039 tra,
123 3973 155 4028 et
161 3985 221 4026 non
230 3969 505 4026 vestimentavestra.
518 3963 622 4033 Quibus
630 3962 722 4020 verbis
730 3960 857 4018 menites·
914 3965 1010 4040 iulias,
1026 3961 1257 4035 confessionem13
1276 3962 1299 4017 si
1312 3961 1419 4025 durum,
1434 3960 1468 4016 ad
1479 3963 1706 4036 compassionem.

55 4069 82 4117 te
97 4057 176 4131 prior
188 4055 233 4113 ille
245 4057 361 4128 populns
374 4053 528 4110 tudaeorum
544 4063 572 4108 et
587 4051 694 4107 duritiae
711 4050 810 4118 cordis,
830 4060 858 4107 et
912 4046 1012 4123 Quidni
1036 4040 1175 4110 scindatur
1196 4051 1283 4117 ulcus,
1304 4050 1333 4107 nt
1357 4049 1447 4105 sanies
1469 4050 1583 4108 effluat?
1606 4053 1710 4124 Quidni

53 4163 132 4202 vanae
153 4143 334 4217 superstionis
353 4141 486 4218 arguitur.
508 4140 611 4196 Crebra
632 4139 766 4212 siqnidem
786 4140 856 4209 apud
912 4139 1051 4199 scindatur
1068 4145 1125 4210 co'r,
1146 4147 1176 4196 ut
1199 4139 1348 4196 visceribus
1367 4137 1461 4195 effluat
1481 4138 1613 4210 pietatis?
1632 4142 1707 4201 titilis¹

54 4252 103 4295 eos
116 4235 215 4292 scissio
233 4233 363 4300 vestium,
378 4231 428 4291 sed
446 4246 502 4287 non
523 4228 643 4286 cordium
662 4245 724 4286 esse
739 4227 854 4285 solebat.
873 4261 897 4341 u
912 4245 1024 4305 prorsus
1038 4239 1154 4305 utraque
1168 4228 1272 4298 scissio,
1288 4233 1317 4284 nt
1331 4242 1382 4284 nec
1400 4224 1520 4284 clausam
1536 4228 1620 4286 lateat
1638 4246 1706 4304 pec·
1773 4218 1774 4222 ¹

52 4324 171 4396 Quando
185 4322 259 4380 enim
273 4322 467 4379 scinderentur
481 4319 566 4375 corda
582 4318 701 4391 lapidea,
721 4333 783 4389 quse
801 4316 857 4373 non
912 4322 964 4378 eati
979 4321 1088 4378 virusin
1107 4319 1201 4386 eorde,
1223 4326 1274 4376 nee
1300 4316 1433 4390 indigenti
1452 4316 1575 4388 proximo
1594 4317 1705 4378 clauda.

53 4422 185 4487 poterant
198 4413 250 4470 nec
263 4410 437 4470 circumcidit
453 4410 586 4477 scindite,
599 4409 699 4481 inquit,·
711 4410 795 4468 corda
809 4426 855 4466 vc·
912 4427 972 4467 mus
990 4410 1094 4466 viscera
1118 4405 1329 4465 misericordia:
1363 4414 1394 4461 ut
1420 4410 1448 4462 et
1474 4404 1528 4477 ips'i
1555 4412 1707 4483 conseque·

52 4510 127 4572 atro,
139 4497 858 4570 etncnvestimentavestra.Quisinvobisest‚eujns
911 4512 972 4553 mur
985 4492 1198 4552 misericordiam
1221 4507 1237 4548 a
1257 4493 1373 4550 Doniino
1391 4498 1486 4548 nostro
1504 4493 1569 4549 lesu
1587 4495 1704 4571 Christo,

51 4593 181 4652 voluutas
198 4593 270 4650 circa
286 4606 371 4648 unum
391 4589 491 4662 aliquid
508 4589 577 4646 solet
597 4586 757 4644 obstinatior
776 4586 856 4643 inve·
910 4587 1018 4661 quiesi
1039 4599 1122 4655 super
1144 4581 1235 4639 omnia
1256 4580 1329 4638 Deus
1352 4578 1521 4645 benedictus,
1539 4580 1568 4635 ln
1595 4584 1706 4658 meula,

52 4684 123 4740 uiri?
143 4681 256 4739 Scindat
280 4696 329 4738 cor
352 4695 429 4737 sunm
454 4677 544 4754 gladio
570 4676 690 4749 spiritus,
714 4676 787 4749 quod
814 4685 856 4736 est
910 4679 1007 4732 Amen.

713 4898 749 4956 ne
766 4895 1048 4968 outnmessrun

360 5014 476 5085 sendo
494 5024 540 5081 111.
907 5030 1030 5095 tempore
1046 5016 1226 5091 ieiunandum
1246 5016 1325 5074 uobis
1344 5012 1387 5074 es't
1407 5015 1493 5074 multo
1515 5012 1650 5077 devotus.
1678 5020 1707 5078 si

243 5124 281 5180 ile
290 5119 404 5194 jejunio
425 5114 661 5188 Quadrupesiinoe.
907 5110 971 5185 quid
986 5110 1059 5166 enim
1079 5107 1186 5164 additur
1204 5103 1238 5161 ad
1256 5104 1364 5162 solitum
1387 5106 1561 5166 abstinentia
1580 5109 1701 5180 molium,

86 5218 115 5272 ¹,
130 5197 209 5286 '11030
224 5226 283 5276 ως,
298 5204 474 5273 dilectissimi,
489 5211 546 5261 tota
559 5192 704 5261 devotione
719 5200 848 5274 suscipite
905 5197 1027 5271 uunquid
1037 5211 1093 5253 nou
1106 5195 1185 5250 valde
1199 5193 1340 5266 indignum
1355 5202 1411 5263 est·
1423 5202 1453 5252 ut
1467 5195 1548 5253 nubis
1557 5199 1704 5255 onerosum

50 5296 289 5378 quadragesimale
300 5297 447 5372 jejunium,
461 5294 534 5369 qnod
543 5307 599 5349 non
612 5292 669 5349 sola
687 5289 851 5347 abstinentia
904 5289 941 5345 sit
954 5285 1028 5362 qnod
1041 5282 1165 5342 Ecclesia
1179 5278 1269 5361 portat
1282 5284 1412 5342 universa
1426 5286 1587 5344 nobiscum?
1600 5279 1703 5342 mns-

50 5391 239 5458 eouunuendat,
253 5384 305 5446 sed
319 5384 405 5444 multo
418 5383 507 5457 magis
519 5387 730 5440 sacramentum.
745 5379 815 5436 Nam
828 5379 850 5435 s'i
904 5389 1055 5448 nasusque
1068 5373 1102 5428 ad
1117 5382 1218 5429 11⁰¹¹³t¹¹
1236 5373 1417 5444 itlunfflmffl
1436 5374 1504 5433 ⁸0¹5!
1524 5384 1596 5459 ”3¹⁰⁶
1615 5373 1705 5448 “ltine

51 5483 153 5539 devote
167 5493 256 5551 umus
272 5475 355 5535 modo
371 5471 659 5546 ieiunavimus,utique
680 5467 775 5526 sancto
798 5464 850 5524 boc
904 5466 939 5524 ad
960 5470 1102 5539 vesperam
1123 5458 1285 5535 jejunabunt
1299 5462 1441 5531 nobiseum
1461 5468 1512 5540 ptr
1530 5462 1583 5521 iter
1595 5462 1706 5523 umuert
