3734 5948
102 226 141 296 55
583 243 608 303 S.
627 242 794 304 satutant
811 241 948 302 stultis
965 239 1270 301 saluntianensis
1715 241 1751 300 56

102 368 160 419 tum
174 364 228 420 ulla
241 364 405 423 diversitas?
418 366 502 426 782
525 371 556 426 Et
580 369 689 443 quidem
717 368 827 424 difficile
855 375 937 459 estfl
957 366 1143 425 infirmitatem
1158 377 1288 431 nostram,
1304 375 1332 422 et
1354 381 1405 437 pro
1419 364 1499 419 uobis
1519 371 1595 418 stant
1618 362 1750 434 fragilita·

103 453 243 508 universas
265 469 320 510 utto
340 471 466 513 sermone
494 459 623 529 prosequi
647 457 809 530 indigentias
830 472 897 528 quas
955 464 1010 511 tem
1024 463 1144 512 nostram
1158 462 1323 528 protegatet
1342 459 1505 525 propugnet.
1522 452 1550 506 Si
1569 450 1644 506 enim
1662 449 1707 506 illa
1723 452 1751 506 in

103 540 276 611 experimen
293 544 341 598 sed
355 553 501 601 occurrunt
525 546 589 601 mihi
617 546 726 601 interim
742 553 797 601 tres
824 559 900 600 com·
955 543 1043 614 nobis,
1059 545 1119 615 quis
1132 546 1187 615 jam
1203 542 1320 615 decipiat
1330 542 1404 598 nos?
1418 542 1445 596 Si
1454 541 1499 596 ille
1516 541 1669 606 nobiscum,
1685 539 1751 610 quid

104 645 201 686 munes
214 633 351 698 omnibus,
366 641 394 689 et
408 635 609 707 quodammodo
620 634 795 705 principales.
810 636 898 690 Nemo
954 633 989 688 de
998 639 1097 689 eaetero
1106 648 1160 689 non
1172 647 1314 702 possumus
1322 629 1350 684 in
1359 627 1659 701 eoquiconfortatuosl
1668 628 1697 684 Si
1707 627 1751 683 ille

104 717 176 773 enim
190 721 323 791 repetitur
336 721 364 776 in
378 722 465 789 nobis,
480 724 524 796 qui
542 738 596 778 uon
611 722 719 778 interim
738 729 766 779 et
780 723 898 793 consilii,
956 736 1005 792 pro
1013 719 1170 791 nobis,quis
1179 730 1272 776 contra
1279 718 1348 774 nost
1358 719 1446 789 (Rom.
1455 717 1573 788 vrtuti).
1584 715 1752 772 Fideliseon-

104 814 130 861 et
156 806 260 874 auxilii,
287 816 315 865 et
339 810 458 881 praesidii
475 810 602 885 indignus
617 811 750 869 videatur.
766 810 899 867 Nimirum
956 808 1071 865 siliarius
1085 819 1136 875 est,
1153 808 1198 880 qui
1218 823 1305 879 neque
1328 806 1382 861 falli
1404 805 1524 874 omnino,
1540 821 1630 877 neque
1659 804 1752 860 fallere

107 895 245 965 generalis
267 906 309 953 est
334 898 450 954 humano
472 898 568 970 generi
596 900 708 955 miseria
727 900 823 973 triplex
837 921 844 970 ;
871 909 900 957 et
956 907 1057 972 queat:
1070 897 1147 954 fortis
1160 894 1382 967 auxiliarius,qni
1394 908 1446 949 non
1459 893 1590 950 lassescat
1603 909 1609 948 ε
1621 904 1753 964 patronus

105 991 238 1054 quotquot
265 985 389 1058 degimus
402 987 429 1040 iu
446 986 559 1062 regione
571 989 674 1045 umbrae
697 990 801 1054 mortis,
815 990 842 1046 in
856 990 901 1045 in·
957 986 1063 1052 efficax,
1072 987 1118 1058 qui
1133 992 1162 1041 et
1170 984 1260 1055 ipsum
1270 983 1397 1038 Satanam
1410 980 1459 1036 sub
1467 980 1584 1051 pedibus
1598 983 1699 1060 nostris
1709 995 1753 1035 te-

106 1070 233 1128 frrmitate
246 1074 380 1144 corporis,
397 1074 424 1131 in
439 1076 499 1133 loeo
515 1077 684 1143 tentationis,
707 1079 730 1134 si
753 1079 900 1154 diligenter
956 1075 1052 1134 lociter
1066 1081 1199 1139 conterat,
1216 1079 1244 1128 et
1258 1071 1348 1128 omnia
1363 1072 1423 1141 ejus
1444 1068 1661 1123 machinamenta
1684 1082 1752 1123 con·

105 1159 281 1227 advertimus,
311 1163 411 1233 triplici
439 1165 490 1222 huc
518 1166 691 1223 incommodo
709 1168 901 1224 miserabiliter
957 1167 1067 1238 fringat.
1078 1163 1211 1218 Nimirum
1224 1161 1282 1232 ipse
1294 1167 1337 1216 est
1349 1158 1399 1213 Dei
1419 1158 1562 1228 sapientia,
1584 1157 1627 1212 cui
1643 1171 1753 1228 semper

105 1244 270 1304 laboramus.
287 1249 355 1305 Nam
369 1261 396 1308 et
419 1251 513 1311 faciles
530 1269 624 1311 sumus
647 1256 681 1310 ad
704 1257 898 1321 seducendum,
956 1256 985 1311 in
998 1259 1124 1327 promptu
1138 1251 1173 1307 sit
1182 1250 1317 1305 instruere
1327 1247 1504 1319 ignorantes:
1524 1246 1584 1317 ipse
1594 1245 1645 1302 Dei
1655 1247 1752 1315 virtus,

105 1343 133 1389 ct
142 1336 248 1394 debiles
262 1338 296 1392 ed
310 1341 490 1413 operandum,
502 1350 529 1398 et
541 1341 651 1415 fragiles
660 1343 695 1399 ad
708 1344 899 1402 resistendum.
956 1345 1000 1401 cui
1014 1343 1091 1400 facile
1106 1340 1141 1397 sit
1152 1346 1180 1396 et
1198 1336 1358 1394 deficientes
1371 1334 1496 1404 reficere,
1511 1342 1539 1390 et
1554 1335 1661 1406 eripere
1679 1335 1753 1406 peri-

105 1421 133 1478 Si
148 1423 306 1482 discernere
321 1428 444 1485 volumus
458 1430 531 1488 inter
545 1434 645 1489 bonum
656 1442 684 1489 et
698 1433 807 1503 malum,
823 1434 901 1490 deci·
956 1432 1090 1489 clitantes.
1107 1429 1148 1484 bd
1163 1429 1235 1482 hunc
1246 1440 1312 1498 ergo
1328 1432 1431 1479 tantum
1450 1422 1627 1493 emditorem,
1654 1423 1753 1478 fratres

105 1513 214 1583 pimur;
240 1516 263 1571 si
290 1523 426 1574 tentamus
445 1518 537 1577 facere
560 1522 672 1590 bonum,
697 1522 855 1591 deficimus3
878 1525 901 1580 si
956 1521 1020 1587 mei,
1040 1520 1068 1574 in
1100 1519 1174 1575 omni
1197 1511 1394 1571 deliberatione
1415 1526 1575 1566 curramus:
1606 1511 1678 1566 bunc
1696 1518 1752 1566 tem

106 1615 237 1658 conamur
252 1604 380 1663 resistere
395 1607 477 1674 malo,
492 1610 637 1681 dejicimur
649 1621 677 1666 et
690 1628 862 1684 superamur.
956 1620 1095 1665 strenuum
1109 1607 1262 1677 adjutorem
1271 1601 1299 1656 in
1309 1599 1383 1657 omni
1389 1599 1550 1670 operatione
1567 1598 1745 1656 invocemus:

140 1694 167 1745 2.
183 1692 359 1750 Necessariae
384 1696 498 1766 proinde
513 1699 660 1755 salvatoris
681 1703 833 1765 adtentus:
854 1720 902 1760 ne·
918 1715 941 1792 B
957 1698 1019 1754 buic
1040 1706 1093 1752 tam
1111 1694 1165 1750 fido
1189 1690 1384 1764 propugnatori
1409 1688 1438 1744 in
1462 1687 1536 1743 omni
1560 1686 1752 1744 colluctatione

104 1782 223 1836 cessarie
236 1781 276 1838 sic
286 1786 482 1856 praeoccupatis
497 1788 650 1844 bominibus
669 1792 816 1861 presentia
826 1791 903 1847 Cbri·
957 1787 1156 1848 committamus
1181 1782 1284 1837 animas
1302 1786 1426 1834 nostras:
1444 1776 1490 1848 qui
1518 1775 1553 1830 ad
1580 1776 1632 1831 boc
1658 1775 1748 1847 ipsum

105 1868 150 1923 sti.
165 1870 255 1941 Atque
268 1872 370 1926 utinam
385 1873 423 1930 sic
438 1875 540 1943 reniet,
552 1885 582 1932 ut
596 1877 786 1950 copiosissima
800 1882 901 1956 digna·
956 1877 1030 1936 venit
1049 1878 1077 1931 in
1090 1872 1230 1937 muudum,
1255 1874 1285 1923 ut
1307 1866 1433 1922 habitans
1454 1863 1482 1918 iu
1506 1862 1670 1928 hominibus,
1690 1879 1752 1920 cunt

104 1954 178 2010 tione
193 1971 252 2022 sua,
266 1965 294 2012 et
307 1957 335 2012 iu
350 1960 431 2016 nobis
453 1977 503 2032 per
521 1962 602 2020 fidem
626 1966 750 2023 babitans
769 1968 901 2028 illuminet
956 1966 1121 2031 bominibus,
1131 1976 1180 2033 pro
1191 1957 1354 2022 bominibus,
1364 1962 1392 2011 et
1402 1953 1529 2010 tenebras
1538 1961 1646 2010 nostras
1654 1952 1752 2008 illumi-

104 2042 253 2100 certamin
279 2053 412 2116 nostram,
441 2056 469 2105 et
492 2051 633 2108 nobiscum
657 2070 771 2112 maneus
790 2059 901 2129 adjuvet
956 2066 1043 2124 naret,
1059 2064 1088 2112 et
1101 2053 1208 2110 labores
1223 2047 1335 2111 levaret,
1350 2051 1378 2100 θῑ
1399 2041 1520 2112 Ρθῐῑῦὓῐθ
1534 2039 1714 2112 immam&

604 2215 766 2273 uolutauit
788 2219 824 2273 lN
843 2220 1048 2290 SEQUENTES
1072 2211 1243 2274 uotttttas.

139 2376 292 2447 sequentes
300 2386 417 2449 quatuor
430 2380 557 2451 homiliae,
573 2386 645 2455 quod
659 2403 742 2444 unum
758 2397 852 2448 estex
868 2394 963 2466 primis
974 2391 1134 2449 bernardio
1155 2385 1258 2452 eribus,
1270 2382 1321 2439 etsi
1336 2381 1416 2507 vulgo
1431 2379 1617 2461 inscribantur
1636 2381 1747 2461 «Super

103 2448 271 2528 Missascst,
287 2463 320 2529 et
336 2457 428 2507 mente
444 2461 533 2534 tamen
543 2457 672 2523 auctoris,
686 2461 770 2530 ipsius
781 2462 892 2535 inquam
907 2406 1248 2531 nernarut‚tnscrt¹bcnnae,
1265 2453 1383 2511 ‹DeLau
1404 2455 1464 2507 rbus
1481 2452 1597 2574 Virginis
1608 2457 1743 2532 matris..-

102 2517 170 2572 Nam
184 2533 225 2574 stc
236 2532 295 2588 rpse
308 2535 337 2575 tn
347 2534 476 2591 praescntr
493 2525 666 2595 Praefatione,
683 2538 711 2585 et
726 2531 754 2586 iu
765 2535 879 2603 epistola
895 2540 927 2591 tt
944 2537 978 2590 ad
999 2537 1107 2591 Petrum
1122 2532 1264 2586 diaconum
1279 2523 1463 2581 cardinalem:
1482 2541 1494 2574 ι
1541 2536 1594 2588 cto,
1611 2542 1623 2572 a
1644 2528 1743 2592 lnquit,

104 2603 177 2670 «me
190 2588 332 2660 scripsisse
342 2605 456 2664 quatuor
472 2595 598 2654 llomilias
612 2599 639 2653 in
654 2599 779 2658 laudibus
792 2605 908 2678 Virginis
931 2606 1044 2662 matris:
1062 2618 1125 2658 nam
1145 2603 1217 2656 hunc
1233 2598 1337 2653 habent
1357 2593 1474 2657 titulum,
1494 2600 1573 2647 teto.
1594 2592 1628 2647 Et
1637 2592 1745 2672 ,iterum

103 2660 218 2742 eptstola
249 2665 294 2727 80,
318 2663 353 2717 ad
377 2664 521 2736 ogerium:
552 2669 664 2726 «atium
692 2672 816 2730 libellum
841 2693 856 2732 a
878 2693 921 2734 me
937 2693 1025 2748 nuper
1039 2675 1141 2731 editum
1154 2673 1181 2730 in
1197 2668 1331 2725 Laudibus
1354 2664 1469 2735 Virginis
1487 2663 1582 2718 matris
1597 2663 1644 2718 tibt
1656 2669 1749 2718 trans·

103 2737 190 2814 ¹¹¹¹.²²⁰.·
208 2753 218 2781 ι
236 2733 320 2813 l’orro
334 2734 467 2792 videndus
480 2739 634 2797 Bernartius
653 2751 769 2801 tractatu
783 2747 818 2802 de
833 2747 981 2819 baptismo,
999 2747 1033 2803 ad
1049 2747 1203 2818 llugonem,
1226 2756 1288 2811 cap·
1304 2742 1329 2804 5.
1348 2737 1394 2792 ubi
1416 2735 1579 2791 senlessliam
1602 2735 1748 2806 quamdam

101 2817 182 2872 prum
196 2803 276 2872 buius
290 2807 425 2863 sermonis
438 2810 556 2880 explicat
571 2820 601 2869 et
614 2829 630 2868 a
643 2814 780 2872 menania
792 2818 923 2876 vindieat.

598 2993 648 3056 DE
667 2994 862 3061 inuolutis
877 2997 1048 3064 vlaulttls
1063 2993 1220 3060 astate.

104 3171 194 3244 Sttper
220 3174 305 3231 verbs
318 3177 463 3250 Evangelii
488 3183 636 3241 :tllt'ssrtr
650 3190 825 3260 astringetur
841 3190 898 3246 Ga·
920 3187 1021 3300 cquis
1041 3185 1124 3243 noluit
1144 3199 1194 3240 nos
1206 3181 1380 3257 negligenter
1398 3185 1503 3253 audire,
1515 3182 1588 3255 quod
1614 3189 1668 3236 tam
1691 3143 1752 3238 diii,

417 3266 496 3338 Ml,
515 3290 526 3318 ·
544 3276 598 3326 0¹0·
958 3271 1166 3349 genterstuduit
1178 3285 1317 3326 enarrare.
1336 3270 1466 3327 Nominat
1478 3268 1612 3343 siquidem
1627 3265 1752 3324 nuntium

320 3350 473 3411 llOlllLlAE
504 3355 681 3426 Quatnott.
917 3389 919 3392 ·
958 3363 1005 3436 qui
1020 3361 1145 3426 mittitur,
1160 3358 1304 3415 Dominum
1321 3373 1405 3432 aquo
1419 3359 1544 3424 mittitur,
1561 3356 1700 3428 Virginem
1718 3355 1754 3408 ad

407 3442 599 3507 amentio.
958 3468 1040 3526 quam
1059 3450 1184 3516 mittitur,
1208 3463 1340 3519 sponsum
1374 3463 1483 3521 quoquc
1506 3445 1635 3519 virginis:
1658 3445 1752 3501 ambo·

140 3523 266 3584 Scribere
281 3542 325 3584 me
339 3528 440 3603 aliquid
454 3539 483 3589 et
496 3533 608 3593 devotio
628 3539 717 3608 jubet,
732 3548 761 3598 et
777 3541 903 3613 probibet
959 3540 1073 3612 rumque
1083 3554 1180 3609 genus,
1197 3537 1333 3593 civitatem
1343 3551 1375 3592 ac
1390 3536 1531 3611 regionem
1545 3533 1665 3606 propriis
1677 3532 1754 3588 desi-

106 3614 262 3687 oeeuptttio.
279 3618 475 3678 Verumtamen
488 3624 552 3695 quia
570 3629 756 3699 praepediente
770 3632 903 3704 corporali
958 3636 1024 3701 guat
1038 3627 1202 3683 nominibus.
1214 3624 1314 3698 thuid
1327 3623 1399 3680 hocf
1409 3626 1526 3679 Putasne
1541 3622 1644 3693 aliquid
1659 3623 1754 3677 homm

105 3705 250 3775 modestia,
276 3707 389 3766 fratrum
409 3711 444 3768 ad
467 3729 590 3786 presens
623 3734 677 3775 non
700 3719 777 3777 valeo
804 3723 904 3777 sectari
958 3731 1126 3789 supervacue
1141 3715 1258 3785 positum
1273 3712 1330 3768 siti
1350 3713 1537 3784 Nequaquam.
1560 3710 1589 3766 Si
1607 3709 1679 3767 enim
1703 3725 1755 3765 neo

106 3802 289 3863 ⁰⁰¹1V⁰¹¹¹t¹¹113
314 3798 342 3852 id
365 3801 497 3858 anulum
519 3805 577 3871 otii,
603 3807 676 3878 quod
699 3808 743 3865 tel
769 3809 834 3865 milti
870 3811 905 3868 de
959 3806 1051 3862 folium
1065 3806 1100 3862 de
1111 3805 1209 3860 arbore
1220 3803 1279 3858 sine
1293 3817 1386 3868 causa,
1403 3816 1456 3856 nec
1470 3816 1541 3856 unus
1550 3816 1583 3856 er
1598 3797 1756 3871 passeribus

107 3896 205 3938 sotnuo
218 3880 347 3940 fraudans
369 3886 397 3941 in
418 3890 541 3946 noctibas
564 3890 730 3966 intercipere
744 3895 829 3963 sinor,
849 3913 903 3953 uon
959 3891 1304 3951 sinePatrecoelesticadit
1317 3898 1509 3961 superterram
1525 3889 1636 3957 tlfottb.
1651 3903 1681 3957 n,
1693 3886 1756 3954 ²9l3

107 3969 194 4026 sinam
209 3969 336 4029 otiosum.
357 3974 436 4032 Libet
462 3992 530 4051 ergo
550 3985 656 4038 tentare
684 3983 711 4038 id
735 3984 904 4054 potissimum
960 3994 1052 4055 putem
1078 3997 1131 4052 ego
1153 3983 1188 4036 de
1210 3996 1259 4036 ore
1287 3979 1373 4035 sancti
1393 3977 1574 4052 Evangelistae
1589 3975 1756 4047 superfluum

107 4059 232 4131 “limfis
246 4061 319 4132 quod
333 4077 408 4134 aaepe
422 4064 540 4121 animum
564 4068 697 4139 pulsavit;
721 4071 796 4144 loqui
809 4073 905 4132 videli·
960 4071 1084 4127 diffluere
1099 4070 1221 4135 terbum,
1238 4068 1391 4141 praesertim
1403 4067 1431 4122 in
1441 4082 1517 4124 sacra
1529 4063 1641 4122 historia
1652 4062 1757 4121 Verbi?

109 4153 154 4204 00‘
168 4147 270 4221 ‘liquid
283 4149 312 4205 3¹¹
335 4149 461 4209 laudibus
489 4154 608 4226 Virginis
635 4159 739 4226 matris,
760 4177 843 4233 super
861 4162 906 4218 illa
962 4161 1108 4232 Nonputo.
1126 4159 1207 4214 Plena
1221 4157 1322 4230 quippe
1336 4165 1400 4212 sunt
1414 4153 1641 4226 omniasupemis
1652 4155 1757 4224 myste-

108 4234 227 4293 lectione
240 4239 407 4312 evangeliea,
422 4240 451 4298 in
470 4258 535 4315 qua,
558 4246 629 4302 Lttca
653 4246 800 4316 referente,
813 4251 906 4308 Domi·
962 4249 1020 4315 riis,
1035 4264 1067 4305 ac
1086 4248 1190 4304 caelesti
1216 4245 1324 4319 singula
1348 4244 1490 4301 dulcedine
1510 4233 1709 4307 redundantia3
1735 4242 1758 4296 si

109 4321 179 4378 nicta
192 4322 412 4382 Annuntiationis
433 4328 591 4387 continetur
615 4332 737 4390 historia.
765 4336 807 4391 Ad
833 4339 906 4408 quod
962 4346 1053 4394 tamen
1067 4335 1226 4412 diligentem
1241 4336 1360 4391 babeant
1373 4333 1568 4405 inspectorem,
1584 4331 1630 4403 qui
1652 4329 1759 4387 noverit

109 4425 177 4467 sane
190 4425 260 4482 opus
272 4409 426 4471 faciendum
436 4416 488 4473 etsi
502 4419 575 4475 nulla
591 4421 707 4478 fratrum
721 4424 847 4496 (quornm
864 4442 907 4483 me
962 4441 1062 4498 sugere
1076 4425 1128 4481 mel
1144 4425 1178 4481 de
1193 4432 1282 4497 petra,
1297 4423 1442 4494 oleumque
1461 4422 1497 4478 de
1518 4435 1584 4477 saxo
1597 4417 1754 4475 durissimo.

108 4498 277 4573 profectibus
292 4502 432 4561 deservire
446 4521 560 4563 necesse
571 4510 625 4581 est)
636 4510 678 4566 vel
694 4512 845 4568 necessitas
858 4529 906 4568 ur·
962 4516 1067 4588 Nempe
1083 4514 1110 4570 in
1125 4514 1169 4569 illa
1180 4514 1223 4569 die
1238 4512 1373 4568 stillarunt
1384 4519 1493 4568 montes
1521 4507 1705 4574 dulcedinem,
1731 4513 1760 4561 et

109 4589 241 4664 geat,vel
252 4590 353 4648 utilitas
368 4601 477 4652 moveat
490 4596 576 4666 (alias
591 4600 727 4670 moneat);
742 4601 805 4656 dum
816 4609 906 4658 tamen
922 4562 947 4639 ss
963 4603 1045 4660 colles
1058 4603 1194 4659 fluxerunt
1220 4601 1261 4657 lac
1280 4608 1307 4656 et
1326 4599 1380 4655 mel
1403 4601 1473 4666 (loci
1501 4613 1542 4665 ut,
1567 4598 1623 4668 tt),
1644 4594 1756 4668 qnando

110 4692 145 4734 ⁰¹
159 4678 278 4736 ¹¹⁰⁰¹¹⁰¹¹
291 4680 435 4752 impediti,
460 4698 515 4755 quo
539 4683 573 4738 ad
587 4702 704 4758 quaeque
719 4689 840 4758 ipsomm
855 4706 907 4746 ne·
964 4691 1118 4749 rorantibus
1137 4689 1213 4746 caelis
1242 4690 1370 4758 desuper,
1403 4686 1578 4757 nubibusque
1600 4683 1760 4757 pluentibus

112 4765 230 4823 morra
242 4767 338 4836 jminus
352 4777 462 4841 paratus
483 4771 617 4840 invenier,
644 4790 698 4831 non
719 4776 839 4835 arbitror
861 4794 908 4836 eos
961 4784 1075 4853 justum,
1091 4785 1187 4851 aperta
1202 4786 1244 4836 est
1257 4785 1331 4833 terra
1345 4779 1407 4833 laeta
1421 4776 1578 4847 germinans
1588 4773 1759 4830 saltatorem

112 4852 214 4911 debere
228 4858 349 4927 gratari,
365 4859 388 4915 si
411 4861 529 4932 proprie
545 4863 682 4921 satisfacio
704 4864 854 4923 devotioni.
964 4873 1031 4943 tlte.
1056 4885 1123 4934 xcv,
1137 4867 1183 4939 ⁸l²
1201 4867 1309 4939 quando
1323 4867 1438 4924 ltomino
1452 4866 1534 4923 deute
1548 4861 1760 4934 benignitatem,

364 4944 449 5006 ²⁸⁸
475 4948 621 5006 ΗΟΜῙΗΑ
653 4953 674 5008 l·
964 4967 991 5017 et
1002 4970 1073 5016 terra
1088 4963 1178 5015 nostra
1195 4956 1329 5013 reddente
1344 4955 1461 5011 fructum
1476 4969 1566 5018 suum,
1590 4967 1674 5024 snper
1687 4951 1762 5006 illum

112 5032 211 5090 Ιὶιιιιε
225 5035 398 5107 ettaupelttt
412 5038 547 5096 Gabriele
561 5042 615 5101 lieo
632 5043 665 5099 itt
676 5045 823 5101 ciuitatem
833 5048 908 5103 Goli-
963 5055 1084 5104 montem
1099 5047 1240 5115 montium,
1258 5054 1378 5102 montem
1400 5040 1571 5113 coagulatum
1590 5048 1619 5097 et
1633 5041 1761 5111 pinguem

150 5121 595 5194 laeoerfflmmfnffawrssifbad
611 5131 748 5202 Virqitwm
758 5133 909 5207 desponsa»
965 5136 1152 5194 misericordia
1165 5143 1194 5191 et
1206 5136 1307 5193 veritas
1329 5134 1507 5191 obviaverunt
1526 5129 1587 5196 sibi,
1607 5129 1714 5201 justitia
1733 5135 1762 5183 et

150 5211 797 5292 tomoiro,cttioomerterotfoseplt,dcdottto
806 5226 911 5283 David.-
965 5240 1017 5296 pax
1030 5224 1159 5281 osculatae
1173 5232 1236 5281 sunt
1248 5222 1338 5294 (Prot.
1351 5234 1472 5284 cxxxiv,
1489 5223 1543 5288 ll).
1574 5216 1623 5273 lllo
1649 5232 1761 5288 quoque

148 5303 177 5356 et
189 5313 294 5356 aomctt
313 5301 430 5372 Virginis
446 5303 533 5362 llario
549 5307 627 5377 (loc.
643 5322 663 5378 t,
675 5312 720 5378 26,
735 5313 789 5381 tt).
965 5313 993 5368 in
1018 5322 1140 5384 tempore
1167 5327 1239 5368 unus
1262 5311 1314 5366 iste
1336 5309 1408 5365 inter
1431 5317 1547 5365 caeteros
1573 5312 1681 5362 montes
1706 5319 1761 5360 nou

152 5391 177 5444 l.
193 5385 264 5457 Quid
274 5388 324 5444 sibi
339 5389 423 5447 voluit
435 5392 613 5464 evangelista,
627 5405 666 5454 tot
676 5398 785 5470 propria
800 5399 912 5458 nomina
965 5400 1096 5469 modicus,
1130 5402 1226 5457 beatus
1254 5397 1298 5454 bic
1324 5395 1452 5454 videlicet
1478 5395 1658 5467 evangelista,
1697 5393 1760 5447 dam

115 5490 206 5532 rernm
219 5476 248 5534 in
259 5479 310 5536 boc
323 5478 383 5537 ioco
399 5486 454 5537 tant
467 5481 610 5558 signanter
624 5487 803 5559 exprimeret
821 5488 911 5548 Gredo
965 5489 1151 5548 desideratum
1166 5487 1245 5546 nobis
1259 5493 1359 5544 nostrae
1371 5485 1466 5542 uleus
1479 5483 1624 5541 exordium
1633 5495 1684 5540 suo
1692 5481 1763 5538 mel·
