3734 5948
115 177 144 235 ll
762 174 764 179 ’
848 178 1029 239 endelvio.
1728 181 1761 240 11

109 317 159 360 111
182 307 246 359 1111
269 301 474 375 comprobasset
491 300 624 359 11111111
642 300 774 367 Valesius,
794 304 836 362 vir
849 319 979 372 summus,
1001 303 1035 360 de
1055 319 1109 376 quo
1129 301 1270 357 Adrianus
1283 300 1417 368 Valesius,
1437 317 1585 375 germanus
1603 307 1664 378 ejus
1684 284 1796 364 tanto¹

110 392 193 448 fratre
208 392 315 464 dignus,
341 392 368 447 in
392 393 452 463 ejus
476 391 530 448 vita
545 393 595 447 hoc
609 393 747 448 memoriae
770 394 870 466 prodit.
887 413 900 446 a
915 396 986 449 Ante
999 409 1085 449 anuos
1101 401 1156 448 tres
1172 392 1213 447 vel
1229 399 1345 463 quatuor
1363 408 1444 464 quam
1464 392 1622 463 decederet,
1639 392 1758 468 quoties,
1776 368 1796 429 ⁶¹

110 480 186 545 festis
200 480 306 551 diebus,
323 481 419 537 morbo
433 490 554 548 venatus,
572 481 644 536 domi
669 498 698 537 se
722 483 865 539 continere
881 482 1041 553 cogebatur,
1066 481 1196 537 bernardi
1220 478 1460 538 Clara-Veliensis
1484 481 1591 539 abbatis
1615 499 1760 541 sermones
1778 454 1796 521 Ι

110 571 143 624 ab
159 578 309 641 anagnoste
333 584 382 624 suo
406 569 457 623 sibi
481 569 535 641 legi
559 570 684 641 jubebat,
700 577 859 643 attenteque
872 587 922 629 eos
933 571 1072 638 audiebat,
1087 578 1115 626 et
1129 570 1215 627 avidis
1234 570 1346 625 auribus
1363 570 1514 628 hauriebat.
1531 572 1639 644 Quippe
1659 574 1757 630 eristi·
1778 564 1794 609 ¹

109 658 210 725 mabat,
226 668 254 714 et
268 658 361 713 amieis
377 659 458 714 ctiam
482 659 575 715 dice're
588 664 780 727 consueverat,
803 661 866 717 dies
888 659 1044 717 Dominicos
1057 675 1089 716 ac
1104 658 1252 717 festos·llei
1265 659 1399 724 laudibus,
1415 674 1470 715 non
1484 661 1581 716 studiis
1606 662 1757 718 litterarum
1780 652 1796 701 ³¹

107 746 228 819 impendi
242 754 390 818 oportere:
407 763 548 802 sermones
562 754 654 803 autem
670 749 800 804 bernardi
814 748 980 822 quibuslibet
993 754 1116 805 veterum
1134 749 1250 816 Patrum,
1263 763 1323 803 cum
1337 748 1505 816 Graecorum,
1520 756 1576 805 tum
1586 751 1756 821 Latinorum,
1781 744 1796 789 ⁸

110 835 227 891 homiliis
240 852 272 893 ac
286 835 456 892 sermonibus
472 835 555 892 multo
571 851 632 891 esse
646 838 680 891 ad
693 839 862 893 excitandum
887 839 914 894 in
938 838 1036 892 animis
1051 838 1150 893 nostris
1165 837 1424 909 accendendamquc
1448 838 1576 908 pictatem
1591 840 1722 912 aptiores.
1740 863 1753 893 1
1783 834 1796 891 l

109 925 165 980 Hoc
180 925 364 980 testimouium
379 941 412 980 co
427 925 564 980 lubentius
579 926 679 990 refero,
691 926 765 998 quod
779 932 808 983 et
821 927 856 982 ad
871 925 1103 984 commendandos
1116 925 1248 981 Bernardi
1262 941 1404 983 sermones
1425 925 1568 997 plurimum
1584 929 1674 985 valeat
1689 930 1758 986 tanti
1783 926 1796 969 ¹¹

108 1014 158 1070 viri
172 1014 329 1081 auctoritas,
346 1022 374 1069 et
388 1013 461 1084 quod
475 1014 565 1070 animo
580 1029 641 1070 meo
651 1014 848 1084 jucundissima
862 1016 896 1071 sit
911 1016 992 1086 hujus
1006 1014 1058 1072 viri
1072 1015 1235 1080 recordatio,
1251 1014 1297 1086 qui
1313 1030 1356 1071 me
1368 1014 1506 1086 quondam
1521 1031 1570 1071 sua
1585 1025 1612 1073 et
1628 1017 1757 1086 amicitia,
1785 1010 1796 1061 1

109 1109 137 1157 11
151 1100 333 1157 famibaritate
348 1102 475 1172 dignatus
489 1109 541 1158 est.
1786 1098 1796 1149 1

145 1190 190 1245 111.
207 1190 254 1245 llis
268 1189 374 1273 duobus
389 1188 572 1257 recentiorum
592 1190 714 1247 virorum
737 1190 910 1269 testimoniis,
931 1204 993 1267 qure
1010 1200 1172 1251 ceterorum
1192 1191 1277 1249 111111
1301 1206 1363 1249 ease
1385 1200 1511 1264 possunt,
1529 1187 1607 1251 facile
1621 1197 1759 1252 1111111-
1787 1200 1796 1241 ¹

107 1278 223 1350 iungere
238 1276 372 1350 suffragia
384 1276 633 1339 auctorumaostra
649 1286 728 1335 aetate
744 1281 922 1353 superiorum,
942 1282 987 1353 qui
1007 1281 1041 1337 de
1060 1281 1198 1338 Beruardo
1214 1294 1268 1335 non
1282 1295 1362 1337 secus
1381 1297 1412 1336 ac
1430 1278 1464 1337 de
1484 1282 1678 1339 concionatore
1692 1301 1759 1342 vere
1790 1292 1796 1327 1

108 1367 255 1439 apostolico
280 1367 362 1424 locuti
384 1377 471 1427 suut:
494 1384 563 1439 quos
586 1367 658 1423 iuter
677 1384 732 1424 non
751 1369 816 1424 mihi
836 1370 1087 1441 praetermittendus
1110 1370 1220 1426 videtur
1245 1371 1385 1435 Erasmus,
1406 1370 1432 1424 11
1450 1370 1572 1427 convicia
1592 1374 1758 1445 caeteroquin
1792 1381 1796 1421 1

108 1472 189 1528 quam
203 1457 230 1511 11
247 1456 342 1511 laudes
356 1455 503 1528 profusior,
519 1457 556 1511 ita
569 1456 604 1512 de
620 1457 1199 1530 111111111111111111111111111111111
1214 1457 1329 1514 flatione
1353 1458 1532 1513 concionandi
1550 1475 1556 1515 :
1574 1481 1586 1511 a
1603 1461 1760 1518 bernardus
1792 1472 1796 1511 1

108 1545 349 1602 concionabundus
363 1552 416 1614 est,
432 1552 528 1601 natura
553 1545 639 1617 magis
662 1562 743 1618 quam
758 1555 827 1616 arte,
843 1545 957 1604 festivus
971 1555 999 1604 et
1013 1547 1159 1618 jucundus,
1180 1562 1232 1603 nec
1250 1546 1343 1618 segnis
1361 1547 1389 1601 in
1409 1547 1550 1603 movendis
1569 1547 1724 1605 affectibus.
1742 1574 1755 1600 ι
1793 1586 1796 1601 ,

107 1635 161 1690 Sed
178 1650 276 1692 vereor
291 1650 325 1689 ne
339 1633 363 1689 si
380 1649 436 1690 rem
452 1634 563 1690 minime
578 1635 688 1689 dubiam
711 1635 834 1708 pluribus
858 1636 1048 1693 demonstrare
1062 1637 1185 1703 voluero,
1203 1635 1237 1689 ab
1253 1635 1365 1691 aliarum
1381 1652 1481 1702 rerum,
1499 1653 1559 1708 qnae
1585 1638 1673 1711 magis
1697 1641 1758 1694 usui

107 1739 169 1780 esse
184 1723 297 1794 possint,
314 1721 479 1781 tractatione
488 1722 624 1795 impediar
639 1732 684 1780 aut
699 1723 832 1781 retarder.
847 1724 1022 1798 Quapropter
1034 1726 1070 1781 ad
1084 1724 1137 1780 alia
1151 1723 1293 1781 festinanti
1315 1724 1373 1795 iam
1394 1724 1587 1798 inquirendum
1603 1726 1733 1782 incumbit
1750 1747 1756 1783 :

107 1813 235 1881 Primum,
261 1828 309 1868 cur
331 1811 486 1868 bernardus
499 1812 608 1885 saepius,
624 1827 704 1886 quam
719 1812 823 1869 ordinis
846 1814 888 1870 sui
912 1814 1064 1871 institutum
1079 1813 1159 1879 ferat,
1180 1813 1264 1870 verba
1284 1811 1387 1870 faceret
1406 1812 1440 1868 ad
1458 1829 1540 1885 suos;
1567 1814 1678 1885 deinde,
1700 1832 1756 1889 qno

106 1910 240 1974 ternpore,
255 1900 339 1958 idest
354 1901 571 1974 quibusdiebus,
598 1903 730 1973 quibusve
755 1902 809 1958 diei
833 1902 907 1958 horis
929 1903 956 1959 id
979 1912 1137 1975 praestarem
1157 1901 1247 1969 tertio,
1263 1917 1317 1975 quo
1331 1901 1478 1969 idiomate3
1505 1917 1537 1958 ac
1555 1903 1676 1975 demum,
1696 1921 1758 1977 qnae

105 1991 263 2046 Christianae
285 2007 318 2047 ac
342 1991 476 2063 religiosa·
489 1991 552 2048 vitae
566 1990 699 2063 principia
723 1991 780 2046 suis
801 1991 972 2063 potissimum
995 1992 1153 2050 inculcaret.
1171 1991 1212 2045 hd
1228 1991 1295 2059 bare,
1312 1990 1441 2046 nonnulla
1464 2000 1520 2047 tum
1540 1993 1574 2047 ad
1593 1994 1758 2064 exponenda

106 2080 229 2152 quadam
240 2080 300 2150 ejus
311 2079 440 2135 doctrinae
451 2079 550 2151 capita,
563 2087 618 2134 tum
627 2080 662 2134 ad
673 2079 870 2137 discernendos
879 2096 896 2135 a
905 2082 975 2138 notis
985 2089 1012 2137 et
1022 2080 1201 2153 supposititiis
1211 2079 1345 2155 genuinos
1355 2081 1416 2150 ejus
1426 2096 1567 2136 sermones
1579 2081 1753 2141 disseremus.

139 2169 184 2226 tv.
201 2168 304 2239 Quibus
322 2168 420 2224 diebus
442 2184 584 2225 sermones
607 2187 621 2221 a
646 2170 673 2223 in
697 2169 816 2240 capitulo
841 2191 851 2219 r
871 2169 944 2241 apud
967 2170 1164 2227 cistercienses
1183 2169 1323 2241 quondam
1342 2168 1438 2225 baberi
1455 2185 1514 2225 mos
1534 2179 1602 2237 erat,
1616 2170 1757 2228 declarant

105 2244 175 2314 Usus
189 2256 386 2314 cistercienses
400 2257 429 2311 iu
443 2256 532 2327 capite
547 2258 581 2313 tt
598 2274 605 2311 :
621 2272 721 2329 nempe
736 2257 797 2314 dies
814 2258 945 2315 «Natalis
960 2257 1076 2326 llomini,
1092 2256 1287 2330 apparitionis,
1303 2257 1330 2313 in
1346 2258 1438 2313 Remis
1452 2258 1614 2330 palmarum,
1634 2261 1754 2323 Pascha,

103 2346 287 2414 ascensionis,
304 2346 494 2416 Pentecostos,
509 2345 630 2401 omnium
655 2346 857 2403 solemnitatum
880 2354 980 2404 sauctae
995 2347 1096 2415 blariae,
1111 2346 1266 2404 Natiuitatis
1278 2347 1365 2404 sancti
1389 2347 1501 2403 loannis
1516 2348 1654 2418 Baptista,
1670 2351 1755 2404 Nata·

101 2437 136 2502 lis
161 2435 346 2509 apostolorum
366 2434 438 2490 Petri
448 2441 476 2489 et
486 2434 571 2500 Pauli,
595 2435 625 2489 in
649 2433 827 2492 solemnitate
850 2437 936 2494 sancti
954 2436 1105 2504 Benedicti,
1126 2444 1153 2494 et
1171 2437 1291 2493 omnium
1311 2437 1481 2503 Sanctorum,
1506 2446 1588 2510 atque
1612 2437 1640 2493 11
1661 2438 1757 2495 Domi·

103 2525 163 2581 nica
184 2529 196 2580 1
219 2527 368 2582 Adventus.
388 2545 400 2573 1
417 2523 497 2580 Ν1111
519 2537 643 2595 usquam,
661 2524 733 2596 quod
757 2525 868 2595 quidem
882 2525 977 2593 sciam,
995 2526 1098 2582 mentio
1123 2527 1158 2582 dc
1180 2525 1295 2597 privatis
1318 2542 1349 2583 ac
1374 2525 1477 2582 feriatis
1492 2526 1596 2593 diebus,
1612 2527 1639 2581 11
1655 2528 1755 2599 quibus

103 2623 195 2670 tamen
208 2613 361 2670 Beruardus
386 2610 536 2686 saepissime
560 2611 707 2669 conciones
720 2613 849 2668 lralnebat.
866 2613 947 2671 Unde
970 2614 998 2669 in
1024 2629 1152 2671 sermone
1168 2618 1180 2667 1
1199 2615 1234 2668 11
1250 2615 1468 2686 Septuagesima,
1493 2632 1521 2670 u.
1548 2620 1564 2673 a
1586 2635 1591 2673 :
1619 2616 1753 2689 «Saepius

103 2704 199 2776 loquor
212 2702 300 2770 vobis,
319 2722 330 2752 a
347 2701 447 2774 inquit,
467 2720 480 2752 a
495 2701 578 2756 etiam
592 2709 694 2773 praeter
709 2703 934 2758 consuetudinem
949 2703 1052 2760 ordinis
1066 2703 1162 2760 nostri.
1181 2723 1191 2750 r

139 2793 168 2848 V.
180 2794 234 2851 Cur
244 2790 348 2851 veroid
358 2788 461 2869 taceret
471 2789 513 2865 vir
522 2788 744 2861 religiosissimus
753 2797 781 2847 et
791 2789 941 2865 direptae
951 2791 1085 2864 regularis
1094 2788 1318 2859 studiosissimus,
1326 2789 1437 2847 invenio
1447 2802 1543 2845 causas
1551 2788 1664 2848 omniuo
1675 2791 1752 2848 duas.

102 2884 162 2938 Una
176 2888 217 2937 est
232 2878 388 2936 mandatum
404 2872 551 2950 primorum
566 2878 669 2935 ordinis
680 2880 798 2946 Petrum,
812 2880 857 2952 qui
867 2880 1016 2949 Bernardo,
1028 2881 1150 2937 laborem
1161 2876 1283 2951 corporis
1292 2877 1337 2935 vix
1347 2876 1501 2945 smdnerdi,
1512 2876 1541 2932 in
1552 2882 1753 2949 compensatio-

103 2987 166 3027 nem
177 2970 205 3024 id
215 2969 361 3042 spiritualis
371 2969 462 3040 operis
471 2968 745 3040 imposnerantllanc
751 2969 884 3027 rationem
893 2970 921 3026 iu
931 2970 986 3027 line
997 2968 1205 3026 sermonisldin
1215 2966 1390 3040 psalmumxc
1400 2966 1460 3036 ipse
1470 2966 1583 3036 exponit
1593 2968 1635 3022 liis
1646 2970 1751 3027 verbis:

105 3084 116 3109 a
133 3059 211 3130 Quod
226 3059 372 3131 aliquoties
380 3056 459 3116 vobis
468 3057 604 3129 loquimur
618 3064 719 3129 praeter
732 3059 959 3116 consuetudinem
973 3058 1076 3115 ordinis
1087 3058 1182 3122 nostri,
1195 3071 1250 3112 111
1265 3061 1358 3111 nostra
1371 3055 1398 3110 id
1408 3056 1514 3128 agimus
1528 3057 1751 3127 praesumptione,
1778 3131 1781 3135 .

101 3150 151 3207 sed
162 3152 197 3206 de
206 3149 345 3207 voluntate
356 3147 551 3206 venerabilium
562 3147 674 3203 fratrum
685 3156 712 3204 et
723 3148 884 3205 coabbatum
895 3154 1059 3214 nostrorum,
1068 3148 1113 3218 qui
1123 3145 1150 3201 id
1162 3145 1241 3201 nobis
1252 3145 1333 3200 etiam
1344 3145 1504 3214 injungunt:
1517 3145 1589 3215 quod
1600 3151 1691 3202 tamen
1701 3146 1763 3228 sibi⁸

103 3239 212 3311 quidem
225 3238 327 3311 passim
341 3238 437 3294 nolunt
446 3236 558 3294 omuino
572 3236 688 3294 licere...
700 3238 797 3309 Neque
811 3237 884 3292 enim
898 3235 980 3293 modo
995 3235 1123 3309 loquerer
1136 3235 1224 3301 vobis,
1236 3233 1258 3288 si
1269 3248 1377 3304 possem
1390 3232 1514 3288 laborare
1524 3232 1674 3289 vobiscum.
1686 3234 1753 3289 illud

61 3354 65 3359 -
102 3330 172 3385 forte
182 3327 261 3385 vobis
270 3324 408 3383 efficacius
417 3324 531 3381 verbum
542 3322 679 3391 l'oret,scd
690 3331 718 3380 et
729 3324 903 3380 conscientiae
913 3338 981 3381 mem
990 3325 1077 3397 magis
1087 3324 1381 3395 acceptumcaetemm
1392 3321 1502 3394 quando
1512 3320 1753 3395 idmibi,peecatis

101 3416 173 3473 meir
187 3413 368 3493 exigentibus,
386 3420 414 3468 et
425 3410 536 3468 onerosi
551 3411 685 3484 hainaut
698 3411 750 3484 ipsi
764 3412 849 3481 scitis,
862 3420 917 3469 tam
926 3412 1067 3485 multiplici
1081 3411 1238 3468 infirmitate
1251 3411 1383 3483 eorporis,
1395 3410 1493 3481 etipsa
1504 3425 1611 3483 qnoque
1622 3412 1753 3485 temporis

102 3506 265 3562 necessitate
275 3509 403 3575 negatur,
412 3500 528 3567 utinam,
539 3499 635 3556 dicens
649 3508 677 3556 et
691 3500 1260 3575 1111111111111111111111111111111
1274 3515 1381 3556 mercar
1394 3500 1525 3555 invenirit
1539 3500 1625 3558 »11111
1634 3516 1715 3557 causa
1725 3510 1753 3557 et

101 3594 208 3652 occasio
229 3592 278 3649 fuit
300 3589 456 3663 exponendi
480 3604 530 3663 per
553 3588 663 3646 feriales
686 3589 909 3664 Quadrageslmar
931 3591 991 3647 dies
1014 3590 1112 3664 psalmi
1131 3589 1405 3662 nonagesimi,[quem
1425 3587 1561 3645 continuis
1579 3589 1752 3646 sermonibus

101 3683 330 3756 prosequebatur,
346 3686 482 3754 quatenus
495 3677 681 3753 ingruentium
696 3678 868 3750 negotiorum
883 3688 910 3737 et
923 3680 1129 3740 adventantium
1144 3679 1280 3750 hospitum
1295 3678 1404 3735 sinebat
1423 3677 1620 3750 importunitas.
1637 3678 1751 3735 Utrum-

103 3789 157 3845 que
171 3773 223 3831 111
238 3771 462 3845 impedimentum
477 3767 626 3825 identidem
641 3784 704 3824 eum
719 3785 735 3825 a
749 3767 927 3827 concionibus
947 3770 1089 3837 avocabat,
1110 3770 1146 3825 ad
1169 3783 1237 3841 quas
1262 3766 1476 3840 frequentandas
1489 3782 1553 3823 eum
1564 3767 1682 3840 urgebat
1696 3783 1751 3823 non

102 3864 183 3921 niodo
207 3860 370 3920 coabbatum
392 3857 552 3924 auctoritas,
575 3855 625 3917 sed
648 3856 730 3913 etiam
756 3860 829 3930 (quae
850 3857 935 3915 altera
956 3873 1038 3915 cansa
1062 3859 1115 3931 est)
1139 3857 1240 3915 ardens
1263 3857 1297 3912 de
1322 3872 1432 3914 suorum
1454 3855 1578 3927 profectu
1592 3856 1711 3913 charitas
1724 3867 1753 3915 et

102 3951 233 4009 studium.
250 3948 329 4007 Unde
342 3947 371 4004 in
384 3960 512 4004 sermone
527 3947 543 4001 b
558 3945 593 4000 de
605 3945 829 4024 Quadragesima,
846 3963 874 4003 n.
891 3952 903 4003 1
922 3967 930 4003 2
949 3969 961 4000 t
978 3948 1101 4004 Charitas
1115 3963 1170 4020 qna
1184 3961 1236 4020 pro
1249 3945 1328 4003 vobis
1343 3944 1473 4001 sollicitus
1486 3960 1557 4017 sum,
1574 3943 1672 4002 fratres
1687 3947 1752 4015 mei,

104 4043 177 4114 cogit
190 4047 221 4097 ut
232 4041 329 4112 loquar
340 4037 431 4105 robis,
458 4044 485 4092 et
510 4042 628 4110 urgente
642 4050 675 4091 ea
691 4035 775 4091 multo
790 4035 890 4108 saepius
901 4035 1042 4111 loquerer,
1066 4037 1117 4093 nisi
1140 4047 1195 4093 tam
1218 4035 1310 4092 multis
1324 4033 1547 4108 occupationibus
1560 4033 1719 4106 impedirer.
1737 4057 1749 4089 a

102 4133 139 4188 lit
151 4145 277 4189 sermone
291 4129 309 4187 8
323 4127 350 4183 iu
365 4127 500 4200 psalmum
514 4139 560 4192 11,
573 4123 664 4181 statim
678 4124 714 4179 ab
725 4121 821 4180 initio:
838 4124 975 4183 «brevius
988 4126 1098 4198 quidem
1112 4127 1191 4183 vobis
1206 4123 1361 4198 aliquando,
1378 4122 1555 4192 dilectissimi,
1567 4123 1750 4196 loqueremur,

103 4223 126 4277 si
140 4220 263 4277 crebrius
275 4218 301 4274 id
325 4216 454 4273 liceret...
470 4216 603 4271 Ceterum
618 4212 737 4286 quotics,
751 4212 812 4286 ipsa
825 4212 879 4269 dici
894 4225 1102 4289 praeoccupante
1116 4214 1227 4283 malitia,
1243 4213 1366 4285 pluribus
1386 4212 1455 4269 forte
1479 4211 1574 4269 diebus
1587 4211 1751 4270 molestissi-

104 4328 176 4368 mum
191 4306 368 4365 sustinuimus
382 4313 503 4361 svestra
517 4302 706 4360 exhortatione
721 4311 749 4359 et
762 4302 949 4361 consolatione
963 4304 1109 4372 silentium,
1126 4303 1263 4361 neminem
1279 4311 1398 4360 vestrum
1417 4317 1480 4358 reor
1503 4309 1632 4374 oportere
1647 4301 1751 4369 mirari,

104 4401 128 4456 si
145 4409 250 4471 tempus
263 4398 351 4469 ipsum
368 4394 502 4450 redimere
517 4391 689 4465 cupientibus
703 4391 792 4459 nobis,
811 4408 901 4448 sermo
927 4393 1013 4451 rarior
1037 4392 1176 4451 interdum
1189 4392 1352 4465 protractior
1368 4391 1502 4448 videatur.
1520 4411 1531 4442 1
1548 4390 1610 4447 Diei
1624 4389 1754 4447 mahtianr

104 4500 182 4547 vocat
196 4486 370 4560 negotiorum
383 4491 412 4541 et
426 4482 561 4555 hospitum
587 4480 703 4548 turbam,
720 4480 755 4536 de
769 4496 824 4554 qua
838 4496 893 4538 non
908 4482 993 4539 semel
1011 4483 1187 4556 conqueritur
1210 4480 1237 4538 in
1261 4479 1433 4537 sermonibus
1447 4493 1530 4550 super
1544 4479 1664 4548 Cantica,
1680 4487 1711 4536 ut
1724 4479 1752 4534 11

106 4578 264 4652 praefatione
279 4572 419 4648 sequentis
435 4572 500 4629 tomi
513 4569 678 4627 videbimus.
693 4572 727 4625 ht
741 4571 914 4642 quantumvis
927 4588 944 4627 1
957 4572 1163 4645 frequentandis
1177 4569 1355 4629 concionibus
1368 4568 1453 4626 sacris
1466 4567 1620 4626 bernardus
1634 4567 1750 4639 impedi·

105 4677 189 4738 retur,
215 4683 270 4725 non
294 4675 384 4723 111111
406 4662 444 4717 111
468 4658 659 4730 infrequentes
681 4667 769 4727 eraut,
793 4668 823 4715 ut
846 4676 862 4713 a
884 4660 1061 4734 spiritualium
1086 4677 1176 4720 rernm
1201 4659 1309 4716 fastidio
1330 4658 1387 4715 suis
1410 4674 1465 4716 nou
1488 4658 1606 4717 timeret.
1632 4658 1750 4714 «Unum

105 4763 197 4826 timeo,
217 4779 228 4809 1
245 4756 283 4812 111
295 4754 341 4811 ille
355 4765 482 4809 sermone
497 4754 513 4804 2
529 4750 563 4804 de
578 4747 681 4805 sanctis
695 4749 776 4806 Petro
791 4758 819 4805 ot
832 4749 927 4819 Paulo,
942 4767 971 4807 u.
988 4755 1013 4818 t,
1032 4772 1044 4802 a
1063 4767 1097 4806 11
1113 4751 1193 4809 toties
1207 4749 1299 4806 audita
1312 4748 1398 4805 verba
1420 4746 1517 4803 salutis
1528 4746 1659 4805 vdesccre
1673 4746 1753 4806 nobis

103 4847 234 4923 incipiant
250 4857 379 4919 tanquam
393 4840 485 4899 verba.
499 4859 511 4890 1
529 4837 636 4910 Quippe
652 4837 725 4893 idem
738 4845 848 4894 sanctus
860 4839 955 4897 doctor
968 4841 1097 4897 observat
1112 4855 1239 4896 sermone
1255 4843 1289 4895 35
1303 4838 1331 4894 in
1344 4837 1544 4904 0111111111.
1564 4852 1575 4887 r
1588 4834 1616 4890 Si
1629 4836 1753 4908 eorporis

104 4939 191 5004 cibus,
207 4950 267 4995 eum
282 4935 386 5004 absque
399 4928 522 5003 appetitu
545 4935 572 4983 et
595 4926 707 4982 satiatus
722 4925 795 4983 illum
811 4929 904 4995 suanis,
921 4945 976 4985 non
993 4928 1073 4986 rraodo
1088 4945 1142 4987 non
1159 4928 1280 5001 prodest,
1296 4926 1346 4985 scd
1362 4935 1389 4985 et
1401 4930 1481 4983 nocet
1496 4922 1652 4994 plurimum,
1668 4924 1753 4981 multo

103 5029 190 5103 magis
204 5023 282 5097 pariis
294 5021 391 5078 animae
416 5034 477 5075 cum
501 5015 610 5073 fastidio
626 5024 761 5089 sumptus,
776 5033 832 5075 111
847 5017 969 5075 scientiae
984 5019 1188 5085 nutrimentum,
1211 5017 1261 5074 sed
1285 5017 1371 5089 magis
1396 5020 1561 5072 temnentem
1580 5012 1753 5071 eomcieutiae

101 5114 267 5191 importabit.
284 5129 298 5164 a

140 5204 185 5263 Vt.
200 5202 259 5258 tam
272 5196 338 5258 vero
352 5209 405 5270 quo
421 5199 543 5265 tempore
559 5195 615 5249 1111
630 5192 813 5266 spiritualium
827 5210 919 5251 rerum
935 5193 1060 5252 tractatio
1075 5192 1165 5262 fieret,
1180 5188 1660 5265 111111ῑί111111111111111111111
1676 5188 1750 5246 locis.

106 5294 216 5353 Nullum
229 5290 287 5347 fere
301 5286 373 5343 diem
397 5285 430 5338 nb
452 5282 494 5338 his
515 5282 704 5340 collationibus
718 5299 841 5352 vacuum,
858 5283 881 5340 si
903 5282 984 5341 modo
999 5282 1108 5341 1111111
1132 5300 1187 5342 111
1211 5283 1391 5349 detineretur,
1413 5279 1489 5337 abire
1513 5278 1699 5351 permittebat.
1722 5279 1750 5334 11

107 5382 223 5458 probant
237 5392 379 5437 sermones
400 5372 435 5429 de
460 5381 582 5444 tempore
605 5380 633 5428 et
656 5371 691 5427 dc
715 5373 815 5428 sanctis
830 5379 884 5428 1111
900 5371 985 5442 multi,
1007 5373 1043 5431 de
1070 5374 1187 5432 diversis
1200 5380 1255 5428 tam
1267 5369 1344 5438 varii,
1359 5369 1388 5426 in
1403 5368 1514 5424 Cantica
1529 5375 1583 5423 tam
1598 5366 1699 5431 eximii,
1714 5383 1750 5422 ue

112 5472 180 5550 quid
195 5471 283 5527 dicam
308 5466 342 5522 de
365 5461 456 5537 parvis
479 5475 511 5519 ac
534 5460 688 5529 sententiis,
703 5477 764 5534 qnae
777 5476 935 5519 sermonum
956 5461 1052 5535 primae
1066 5461 1261 5521 deducationes
1282 5466 1371 5518 eruat
1392 5459 1462 5518 Cum
1484 5456 1560 5517 enlm
1580 5456 1642 5528 ejus
1657 5455 1749 5513 aalma

1698 5760 1785 5862 θ’..
