3734 5948
103 215 153 269 ιιι
638 203 784 272 ἰιιιιιιι-Ι
804 204 1029 295 auraretur
1049 216 1216 274 sunnon.
1706 222 1758 278 ass

100 339 217 397 ascani
230 339 269 396 ad
284 342 397 396 Patrem
409 339 506 410 (lacn.
522 357 571 412 ιιι,
589 341 644 412 ιι).
662 338 696 395 Ει
711 339 831 397 ooelestis
848 342 905 410 iam
921 353 944 434 Ι
960 356 1026 398 sane
1044 342 1276 413 verbis-patenter
1289 340 1545 415 indicat,'qnantam
1558 342 1609 399 sibi
1624 342 1758 416 requiem,

100 445 160 486 non
172 430 271 502 ignara
279 429 385 486 consilii
394 428 492 485 clamat
506 445 567 485 cum
581 429 725 501 Apostolo:
736 432 797 488 Etsi
806 447 907 503 coqne-
961 438 1115 504 quantaque
1125 430 1234 489 Domini
1244 431 1380 490 benelicia
1391 433 1523 504 jndiceta
1539 431 1758 490 tribulationibus

101 520 198 576 aimus
215 517 361 575 Chriuum
373 519 532 576 secundum
551 535 677 589 carnem,
691 520 739 576 sed
748 536 829 578 nunc
839 522 906 592 jam
961 528 989 579 ει
1001 521 1129 595 periculis
1141 519 1261 576 liberari.

103 608 520 680 nonnoaimusllldor.r,ld).
534 609 622 681 Super
633 615 749 675 montes,
760 608 909 681 inquisite·
997 615 1024 666 t.
1040 608 1088 667 Cui
1102 608 1225 683 proiecto
1245 610 1387 666 sententiae
1410 610 1476 667 illud
1489 627 1608 685 qnoque,
1632 613 1706 684 quod
1724 612 1758 670 de

106 696 174 764 thel,
191 711 274 768 supra
287 711 398 753 omnem
412 696 540 755 uidelicet
554 706 715 771 potestatem
731 707 758 756 et
774 699 908 770 principa·
961 699 1065 773 psalmo
1089 696 1272 770 nonagesimo¹
1288 699 1372 755 bodie
1398 699 1477 755 nobis
1505 700 1676 757 tractandum
1705 709 1758 768 est,

107 793 176 854 tum,
191 787 432 861 superangeloset
442 787 629 859 archangelos,
644 788 784 844 cherubim
799 802 908 861 qnoque
960 786 1046 844 simile
1060 786 1197 843 invenitur
1208 804 1214 843 z
1227 785 1286 844 lion
1299 787 1411 844 accedet
1433 788 1470 844 od
1486 793 1512 845 te
1526 791 1645 853 molum,
1661 794 1688 846 et
1698 787 1757 860 'lta-

108 881 137 929 et
150 874 291 946 seraphim
313 877 414 948 (neque
435 876 508 932 enim
531 877 576 932 alii
595 885 659 933 sunt
680 880 788 934 montes
811 877 908 934 domus
959 877 1064 950 pallum
1087 893 1143 933 non
1172 876 1407 948 appropinquabit
1423 877 1604 936 tabenaculo
1620 884 1677 935 tuo.
1708 879 1759 934 Est

108 964 170 1030 liei,
195 965 269 1036 quod
289 971 368 1021 sonat
389 966 504 1037 hethei),
529 966 609 1038 plane
628 965 656 1022 in
676 967 787 1023 dextere
809 966 904 1034 Patris,
960 972 1050 1022 ειιιειιι
1065 980 1160 1022 versus
1172 963 1265 1035 ipsius,
1282 971 1412 1034 quantum
1432 980 1487 1020 non
1521 965 1760 1037 capimus-*lachis

106 1054 154 1108 ubi
172 1056 228 1124 jam
242 1071 296 1111 non
310 1055 344 1111 sit
355 1056 437 1112 Pater
455 1057 543 1128 major
556 1074 590 1115 eo
599 1057 627 1114 in
647 1060 762 1115 (lesura
777 1056 906 1113 ditissimi
960 1054 1149 1129 intelligentia,
1173 1053 1207 1108 ad
1237 1069 1317 1124 quam
1346 1053 1416 1109 iorte
1440 1070 1473 1110 ex
1495 1055 1573 1110 vobis
1598 1057 1654 1126 jam
1674 1051 1758 1128 aliqui

107 1142 302 1198 coaltissimum
313 1144 521 1216 apprehendere
535 1147 742 1218 concupiscens.
756 1147 819 1202 liae
834 1145 906 1202 enim
959 1143 1144 1215 praevolarint.
1175 1141 1270 1214 Neque
1300 1142 1373 1198 enim
1405 1150 1460 1197 tam
1493 1144 1575 1199 rodes
1605 1143 1680 1210 estis,
1714 1146 1761 1202 aut

109 1240 152 1287 ast
174 1232 230 1286 rita
253 1242 366 1300 aterna,
390 1232 499 1303 iratres,
527 1243 556 1291 ιιι
581 1237 691 1292 Patrem
712 1249 907 1312 cognoscamus
960 1233 1104 1307 spiritualis
1128 1232 1208 1289 studii
1240 1237 1294 1288 tam
1327 1243 1464 1305 expertes,
1490 1240 1520 1287 ιιι
1550 1248 1604 1289 non
1634 1232 1759 1290 facillime

109 1335 206 1376 rerum
226 1322 325 1386 Deum,
346 1323 396 1378 sed
413 1332 539 1394 atquem
557 1325 629 1381 misit
646 1326 739 1382 Jesum
758 1323 905 1390 Christum,
961 1324 1032 1380 inter
1058 1339 1106 1381 vos
1120 1329 1148 1380 et
1170 1321 1344 1379 tabernacola
1372 1329 1475 1393 restra,
1504 1329 1531 1379 et
1554 1339 1662 1379 rursum
1689 1323 1760 1380 inter

108 1423 205 1464 rerum
229 1408 402 1467 nihilominus
421 1418 449 1468 et
467 1427 550 1469 unum
570 1430 630 1471 cum
651 1429 685 1472 co
704 1416 803 1482 Deum,
826 1428 908 1485 super
961 1411 989 1468 id
1003 1412 1076 1484 quod
1099 1411 1209 1478 malum,
1230 1417 1258 1466 et
1282 1412 1355 1483 quod
1374 1409 1512 1483 dogalium
1531 1410 1638 1478 dicitur,
1654 1411 1758 1468 discer-

109 1497 202 1553 omnia
217 1498 392 1555 benedictum
406 1500 435 1555 in
450 1501 558 1557 soecula.
573 1505 671 1558 Amen.
883 1522 888 1529 ·
961 1503 1041 1558 natis.
1061 1501 1129 1556 Nam
1157 1506 1186 1556 et
1222 1499 1381 1572 Apostolum
1422 1515 1487 1556 sane
1522 1500 1635 1557 audistis
1664 1499 1759 1557 dieen-

432 1605 549 1664 sqppqo
567 1606 604 1664 χ,
962 1597 1029 1658 tem,
1044 1607 1105 1647 cum
1125 1591 1180 1662 jam
1203 1589 1304 1645 bonum
1324 1597 1462 1645 certamen
1481 1595 1624 1655 certasset,
1639 1588 1761 1645 velocem

111 1696 241 1750 Devmu
251 1693 367 1760 decimo,
386 1714 399 1746 q
416 1696 474 1752 Non
486 1696 645 1754 accedetad
655 1702 682 1753 {e
691 1697 847 1762 malum'gt
857 1697 909 1768 fla.
924 1662 946 1740 Β
963 1680 1020 1737 fol'e
1042 1680 1240 1752 depositionem
1267 1679 1433 1736 tubernaculi
1458 1681 1499 1736 sui
1524 1681 1563 1749 (Η
1581 1680 1649 1736 Tim.
1665 1694 1706 1744 Ν,
1721 1680 1760 1745 6).

145 1764 254 1837 peilam
271 1782 330 1823 non
344 1769 582 1841 appropinquabit
596 1769 777 1826 tabernaculo
792 1772 872 1824 tuo.»
962 1768 1014 1825 Sed
1031 1767 1096 1840 quid
1111 1782 1163 1842 ego
1182 1766 1303 1839 Apostoli
1326 1768 1411 1823 rerha
1432 1764 1574 1824 memorat
1596 1766 1678 1836 Quasi
1696 1781 1762 1823 vero

148 1858 174 1909 l.
199 1853 257 1910 Nec
284 1861 379 1910 nostra
406 1863 456 1923 est,
480 1872 532 1913 nec
559 1871 630 1913 nova
655 1856 742 1925 vobis,
771 1857 819 1912 sed
845 1866 910 1913 nota
962 1860 1088 1934 ignorare
1113 1858 1199 1929 possit
1214 1857 1292 1915 miles
1314 1858 1519 1915 tabernaculum
1539 1873 1628 1924 suum,
1644 1863 1691 1911 aut
1709 1855 1761 1910 do-

110 1941 223 1999 omnino
246 1943 395 2008 sententia,
415 1943 443 2000 in
462 1944 607 2018 praecipuis
621 1945 773 2018 quibusque
787 1945 910 2017 partibus
962 1946 1065 2003 condus
1081 1945 1117 2002 sit
1132 1933 1258 2019 exemplo
1273 1946 1373 2004 alieno.
1389 1947 1521 2004 Videmus
1536 1962 1603 2002 sane
1617 1945 1761 2001 nonnullos

110 2039 213 2087 nostrae
227 2031 301 2100 fidei,
328 2033 391 2106 qnid
404 2048 459 2090 non
482 2034 526 2100 sit,
543 2049 624 2107 qnam
639 2036 703 2107 quid
718 2034 752 2091 sit
785 2043 813 2092 et
846 2035 910 2091 sciri
963 2035 1137 2092 tabernacula
1152 2051 1202 2091 sna
1216 2034 1243 2091 in
1267 2036 1430 2108 turpissimae
1445 2034 1610 2106 captivitatis
1627 2032 1762 2089 domicilia

108 2134 192 2191 posse
216 2118 334 2192 facilius,
353 2128 382 2176 ει
400 2121 581 2192 periculosius
602 2123 733 2194 ignorari.
749 2123 824 2180 idem
843 2139 909 2179 sane
963 2131 1155 2189 commutasse,
1176 2139 1228 2180 nec
1251 2123 1367 2179 militare
1390 2123 1417 2178 in
1432 2122 1482 2188 his,
1499 2121 1547 2177 sed
1557 2121 1683 2176 miseram
1708 2135 1761 2192 ge-

109 2208 193 2263 stiam
211 2207 271 2280 spei
285 2223 340 2264 non
354 2209 581 2268 inconvenienter
596 2211 677 2267 tribui
693 2227 774 2284 posse
788 2210 906 2270 videtur.
963 2227 1026 2268 rore
1041 2212 1211 2269 seruitutem.
1237 2212 1294 2268 lma
1318 2227 1384 2268 vero
1405 2211 1479 2285 quod
1493 2210 1605 2266 omnino
1617 2209 1762 2265 ridiculum

110 2294 205 2367 longe
219 2295 291 2351 enim
306 2295 411 2352 facilius
427 2299 777 2357 menshumanatantorum
797 2308 909 2373 experta
963 2307 1015 2366 est,
1030 2301 1070 2356 sic
1090 2308 1185 2357 emant
1207 2300 1301 2372 aliqui,
1323 2308 1352 2357 ει
1373 2300 1402 2357 in
1426 2307 1529 2355 mutam
1548 2298 1714 2356 obliuionem
1735 2305 1763 2353 et

68 2398 72 2411 ¹
110 2385 253 2452 malorum,
276 2385 375 2458 quibus
395 2387 430 2443 sit
453 2388 581 2455 caritura,
607 2406 688 2462 qoam
715 2390 814 2462 quibus
840 2407 908 2464 per·
961 2387 1128 2459 spiritualem
1159 2386 1317 2460 phrenesim
1351 2387 1530 2453 devenerunt,
1557 2393 1587 2442 ut
1613 2385 1679 2441 nihil
1701 2400 1764 2442 sese

109 2473 237 2545 imitare,
251 2476 468 2547 comprehendit.
479 2478 584 2549 Nempe
598 2494 728 2552 gennano
742 2479 817 2549 lidei,
832 2480 909 2553 spei·
963 2478 1032 2533 aliud
1050 2486 1158 2551 putare,
1173 2494 1254 2550 quarn
1277 2493 1356 2533 suum
1381 2477 1433 2533 hoc
1457 2476 1577 2533 exterius
1598 2475 1762 2533 tabernacu-

111 2581 166 2637 qne
183 2565 310 2640 cognatio
326 2574 383 2631 est:
401 2574 430 2622 ut
444 2568 517 2640 quod
532 2566 577 2623 illa
605 2568 723 2624 futurum
739 2569 835 2639 credit,
851 2571 910 2627 haec
962 2565 1019 2622 lum
1044 2564 1197 2624 videantur.
1226 2565 1297 2635 Quid
1316 2563 1389 2622 enim
1408 2563 1481 2619 alind
1503 2578 1585 2636 quam
1608 2577 1663 2620 non
1681 2561 1763 2620 modo

111 2653 164 2709 sibi
200 2653 313 2724 incipiat
350 2671 461 2726 sperare
499 2655 628 2712 loturum.
667 2657 762 2714 llerito
794 2659 911 2730 proinde
964 2654 1024 2725 Dei,
1041 2655 1091 2712 sed
1110 2665 1137 2713 et
1157 2653 1199 2712 sui
1218 2654 1402 2726 ignorantiam
1423 2652 1537 2721 habent,
1567 2650 1613 2725 qui
1634 2659 1763 2723 tanquam

112 2742 261 2814 Apostolus
290 2744 372 2800 fidem
395 2746 591 2817 sperandarum
613 2762 708 2803 rerum
731 2748 911 2804 substantiam
964 2743 1063 2801 mortui
1090 2758 1107 2798 a
1135 2744 1230 2810 corde,
1254 2758 1364 2800 omnem
1391 2742 1532 2798 insumunt
1553 2754 1666 2813 operam
1692 2738 1763 2796 circa

112 2847 175 2888 esse
197 2830 294 2888 delinit
317 2834 408 2905 (liehr.
434 2849 473 2900 ιιι,
497 2833 537 2906 ι);
553 2833 626 2905 quod
641 2833 768 2892 videlicet
783 2852 839 2893 non
854 2852 912 2893 cre·
965 2848 1077 2890 carnem
1090 2832 1130 2889 sic
1143 2832 1318 2890 intendentes
1331 2830 1507 2888 tabernaculo
1525 2843 1587 2894 suo,
1603 2843 1636 2884 ac
1649 2827 1673 2882 si
1689 2843 1762 2882 nun-

112 2920 169 2978 dite
183 2936 266 2978 nemo
280 2936 401 2995 sperare,
430 2938 485 2979 non
512 2924 575 2995 plns
602 2921 689 2982 ΟΜ
718 2940 800 2996 qoam
828 2941 912 2996 super
965 2938 1046 2994 quam
1069 2928 1166 2995 putent
1195 2936 1256 2978 esse
1282 2920 1437 2976 casurum?
1466 2920 1662 2975 Verumtamen
1685 2916 1764 2972 aedat

113 3010 196 3066 inane
214 3009 330 3087 pingere
351 3010 448 3083 possit.
471 3010 540 3068 Dicit
552 3026 619 3085 ergo
634 3011 717 3069 tides:
739 3014 835 3069 Parata
849 2970 949 3070 sunte
965 3027 1079 3070 necesse
1100 3019 1151 3077 est,
1173 3017 1254 3082 atque
1270 3009 1297 3064 id
1318 3007 1428 3080 quidem
1443 3005 1471 3063 in
1492 3005 1580 3062 brevi.
1597 3007 1639 3060 dn
1658 3019 1714 3059 non
1736 3019 1765 3058 se

113 3114 214 3173 moqna
228 3106 256 3156 ει
275 3098 497 3173 inexcogitabilia
512 3099 583 3157 bone
597 3116 613 3156 a
627 3102 686 3157 Deo
701 3101 826 3159 lidelibns
845 3104 911 3161 suis.
965 3102 1039 3173 ipsos
1061 3101 1167 3157 nescire
1185 3099 1322 3164 ridentur,
1339 3097 1385 3170 qui
1409 3097 1448 3152 sic
1469 3094 1549 3151 detiti
1568 3101 1631 3150 sunt
1644 3092 1720 3147 corni
1737 3098 1764 3147 et

112 3187 182 3244 llicit
194 3203 275 3258 spes:
292 3188 356 3244 hlihi
371 3188 415 3244 illa
438 3195 591 3246 serrantur.
608 3190 676 3246 Nam
701 3190 782 3245 tertia
802 3191 914 3264 quidem
966 3190 1102 3265 sanguini,
1127 3205 1159 3245 ao
1183 3189 1205 3244 si
1233 3189 1343 3244 omnino
1366 3186 1431 3241 nihil
1453 3182 1526 3240 aliud
1548 3197 1629 3256 (ιιιειιι
1651 3195 1764 3238 carnem

112 3276 245 3332 ⁰h³fl¹⁸⁸³
275 3276 362 3333 Cum
376 3277 451 3346 mihi.
468 3277 516 3343 ιιι»
531 3278 565 3332 ad
582 3277 634 3334 illa.
652 3279 797 3345 Caeterum,
814 3287 844 3335 ut
857 3281 913 3350 jam
966 3282 1054 3338 solum
1067 3294 1097 3336 se
1112 3294 1174 3336 esse
1188 3282 1327 3350 reputent,
1343 3276 1381 3332 sic
1395 3275 1424 3331 in
1434 3288 1505 3331 rano
1519 3271 1686 3344 accipientes
1699 3271 1763 3325 ani-

113 3365 236 3432 memini,
260 3363 370 3422 ιιιιιιειιε
390 3366 510 3436 οιιιιιιιιο,
527 3367 666 3423 autetiam
686 3367 852 3439 impossibile
871 3377 914 3424 est
967 3385 1026 3426 mas
1053 3384 1128 3438 suas,
1157 3376 1284 3440 tanquam
1312 3380 1424 3439 prorsus
1452 3363 1581 3437 ignorent
1609 3360 1711 3416 animas
1734 3376 1764 3417 se

112 3456 222 3511 illorum
251 3454 407 3527 qualitatem
433 3454 600 3528 investigare
616 3456 761 3528 bonorum,
785 3456 838 3513 nisi
870 3458 914 3513 «roi
967 3451 1565 3530 hebereiSiseparaoerisprctiosurnaoili,
1577 3450 1613 3506 ait
1624 3449 1764 3516 Dominus,

113 3545 198 3618 iorte,
211 3544 288 3615 juxta
309 3544 376 3601 illud
395 3544 537 3617 Apostoli:
565 3547 631 3614 Qua
645 3547 744 3604 ocutus
757 3564 816 3606 nou
832 3549 913 3613 reate,
969 3553 1106 3620 tuaquom
1119 3562 1149 3604 os
1162 3561 1259 3602 nasum
1274 3543 1453 3615 erisltarem.
1468 3556 1517 3606 ιιι,
1535 3542 1594 3610 ι9);
1611 3539 1663 3596 boc
1676 3546 1728 3604 est,
1742 3539 1765 3593 si

114 3650 167 3693 neo
177 3636 260 3691 auris
274 3632 393 3703 audiuit,
404 3649 457 3691 neo
467 3635 498 3690 in
508 3650 557 3692 cor
568 3635 690 3692 hominis
700 3637 834 3706 asceadit,
851 3654 915 3711 quar
968 3635 1084 3692 solerter
1105 3633 1266 3690 discreveris
1279 3632 1351 3688 inter
1374 3631 1539 3688 extenuem
1551 3628 1765 3701 interioremque

113 3724 287 3797 proporaria
301 3725 377 3798 Deus
387 3722 567 3795 diliqontihus
577 3739 607 3781 se
620 3725 647 3795 (l
660 3726 721 3783 dor.
738 3742 767 3795 ιι,
783 3728 822 3795 9),
838 3743 915 3782 rere·
968 3724 1157 3791 substantiam,
1178 3730 1210 3779 nt
1231 3736 1287 3779 non
1307 3721 1369 3794 plns
1383 3717 1559 3776 tabernaculo
1574 3725 1621 3775 tuo
1635 3717 1731 3773 timeas
1749 3733 1765 3773 a

114 3810 214 3868 laverit
227 3810 288 3883 ipse
308 3826 361 3882 per
381 3811 510 3882 Spiritum
525 3828 613 3869 suum.
629 3813 701 3870 Sane
716 3814 916 3887 quantumlibet
968 3813 1086 3886 flagello,
1108 3826 1189 3885 quarn
1212 3810 1262 3868 tibi
1289 3810 1343 3883 ipsi
1367 3826 1383 3865 o
1408 3808 1489 3868 malo.
1506 3808 1563 3864 lioc
1578 3807 1650 3864 enim
1666 3808 1765 3864 malum

114 3899 255 3973 perlectus
269 3899 296 3954 ιιι
311 3914 392 3956 carn:
413 3900 502 3957 adhuc
521 3902 628 3957 mortali
646 3903 751 3976 degens
766 3903 829 3975 (nisi
843 3910 915 3960 enim
970 3910 1021 3969 est,
1035 3902 1110 3959 unde
1123 3901 1238 3957 dicitur:
1263 3899 1518 3967 bertinocurte,
1546 3901 1575 3954 ct
1597 3900 1644 3970 sao
1664 3900 1766 3957 tonum

114 3994 191 4044 esset
210 3986 254 4044 bic
271 3987 408 4060 quiedam
424 3996 454 4044 ut
466 3988 505 4044 ita
528 3987 652 4060 dixerim,
671 3989 833 4062 imperieota
851 4008 915 4064 per·
971 3993 1058 4064 (Psoi.
1082 4004 1186 4056 xxxvi,
1201 3988 1258 4059 at).
1279 3988 1336 4045 iloc
1358 3986 1470 4058 malum,
1490 3986 1564 4058 quod
1584 4001 1633 4043 sua
1657 3987 1766 4059 quidem

114 4076 209 4142 sectio,
233 4091 289 4132 non
317 4076 422 4133 diceret
447 4078 608 4150 Apostolus:
635 4082 773 4152 Quotquot
793 4083 916 4153 perfecti
969 4077 1061 4134 anima
1087 4079 1203 4135 animam
1228 4076 1325 4150 prirut,
1359 4077 1432 4149 qnod
1453 4082 1562 4148 separat
1594 4075 1666 4131 iuter
1688 4082 1715 4131 te
1739 4083 1766 4132 et

114 4181 225 4234 mmor,
240 4165 366 4238 idipsum
379 4169 554 4235 sentiamus·
575 4168 691 4240 idipsum
705 4170 829 4241 proiecto
842 4170 915 4242 qnod
971 4168 1075 4240 Deum,
1091 4173 1120 4223 ut
1133 4181 1167 4223 eo
1177 4174 1321 4239 regnante,
1333 4174 1462 4238 tanquam
1472 4179 1572 4236 corpus
1591 4163 1651 4222 sinc
1665 4164 1764 4232 anima,

116 4253 300 4325 promiserat:
314 4256 374 4312 Non
381 4257 704 4331 quosijomacceperim‚
717 4262 768 4314 out
781 4260 933 4333 jampea·
971 4255 1010 4312 sic
1022 4256 1057 4311 sit
1075 4256 1164 4312 anime
1182 4255 1241 4312 sine
1260 4256 1330 4324 Deo,
1348 4253 1427 4328 plane
1444 4262 1550 4311 mortua
1571 4252 1599 4308 in
1614 4253 1765 4325 semetipsa

117 4342 211 4414 factm
224 4345 279 4399 sira
293 4342 480 4417 (Philippus,
498 4345 554 4414 lt),
575 4346 657 4402 etiam
671 4345 771 4402 Paulus
785 4347 844 4419 ipse
863 4364 916 4406 ne·
971 4344 1058 4400 instar
1071 4346 1151 4401 nnius
1173 4360 1267 4402 eornm
1286 4359 1355 4417 qnos
1380 4342 1580 4418 tanquamsine
1594 4343 1652 4400 Deo
1672 4343 1700 4398 in
1716 4344 1767 4401 hoc

116 4446 196 4486 cesse
214 4439 258 4490 est
279 4431 407 4501 iateatnr,
431 4433 494 4505 quia
516 4451 594 4494 nunc
617 4452 748 4509 oapaosco
766 4452 803 4493 aa
819 4443 917 4511 parte,·
971 4435 1070 4492 seculo
1085 4435 1167 4491 luisse
1184 4436 1329 4506 Apostolus
1342 4435 1521 4491 memorabat.
1531 4433 1643 4507 (Ephes.
1658 4448 1687 4498 ιι,
1710 4435 1767 4502 ts).

118 4521 237 4578 etitem:
255 4522 464 4579 Videmusauac
480 4539 531 4596 per
550 4527 737 4598 speculamine
756 4529 916 4599 oniqmate,
1007 4529 1034 4579 3.
1049 4524 1105 4580 Neo
1120 4537 1186 4579 sane
1201 4522 1325 4590 dixerim,
1348 4530 1378 4577 ut
1399 4522 1443 4579 rel
1466 4522 1554 4595 ipsam
1577 4521 1641 4578 odio
1664 4521 1767 4577 habeas

119 4614 192 4666 tanc
201 4614 299 4668 auiam
309 4613 384 4682 socie
393 4613 540 4683 adfaciem
548 4614 754 4687 (damnauit).
763 4614 842 4685 Quod
852 4632 918 4691 ergo
971 4627 1082 4668 earnem
1104 4619 1187 4667 tuam.
1208 4610 1295 4686 Dilige
1316 4624 1386 4678 eam,
1413 4616 1540 4682 tanquam
1560 4609 1610 4665 tibi
1634 4607 1725 4664 datam
1740 4608 1768 4665 in

119 4698 223 4753 homini
235 4699 345 4754 interim
359 4700 479 4756 noscitur
491 4700 649 4772 capabilius,
670 4701 715 4775 pia
730 4718 797 4760 sane
812 4713 839 4760 et
853 4720 918 4776 pro·
971 4701 1148 4772 adjutorium,
1163 4708 1191 4756 ει
1212 4700 1247 4756 ad
1270 4708 1380 4757 aetemne
1404 4697 1579 4754 beatitudinis
1602 4698 1767 4754 consortium

118 4787 183 4842 nida
202 4787 384 4845 inculcatione
402 4789 518 4860 amplius
539 4791 757 4849 commendatur.
774 4793 918 4866 Proprium
972 4798 1160 4862 preparatam.
1186 4791 1321 4847 catorum
1344 4787 1383 4844 sic
1405 4794 1477 4842 amet
1492 4786 1580 4841 aalma
1599 4798 1722 4854 curnem,
1738 4794 1767 4842 nt

119 4877 193 4933 enirn
215 4883 259 4933 est
279 4877 452 4945 afflictorum,
474 4887 504 4933 ιιι
522 4879 656 4937 molestiis
669 4881 760 4948 eximi,
786 4899 922 4940 summam
973 4895 1029 4935 nou
1050 4879 1109 4952 ipsa
1129 4877 1158 4935 in
1180 4893 1290 4935 carnem
1318 4876 1445 4933 transisse
1475 4881 1593 4947 putetur,
1610 4873 1769 4949 dicaturque

120 4973 250 5040 reputent
269 4966 440 5040 felicitatem
466 4974 493 5023 ct
525 4983 621 5025 carere
643 4969 764 5038 muenia,
786 4984 918 5026 summanr
973 4969 997 5026 ei
1011 4985 1026 5024 a
1041 4968 1171 5026 Domino:
1185 4967 1270 5025 855
1286 4969 1345 5026 Nou
1357 4963 1534 5041 poraoaehit
1547 4966 1664 5036 spiritus
1677 4982 1768 5036 meus,

120 5055 319 5113 beatitudinem
340 5057 516 5113 arbitrentur.
538 5056 615 5114 Unde
637 5059 773 5130 Propheta
794 5058 822 5114 in
845 5059 918 5131 psal·
973 5060 1004 5113 in
1020 5059 1141 5126 homine,
1154 5059 1222 5130 quic
1232 5073 1297 5114 caro
1309 5060 1351 5114 est
1366 5056 1444 5127 (ch.
1457 5070 1497 5121 vr,
1512 5056 1551 5125 3).
1563 5053 1665 5129 Diligat
1679 5050 1769 5109 anima

119 5159 183 5202 mo:
209 5146 384 5214 Convertere,
406 5145 503 5216 inquit,
520 5146 620 5200 aalma
643 5160 715 5216 raca,
740 5147 772 5201 in
796 5147 920 5218 requiem
972 5162 1083 5203 carnem
1106 5162 1197 5212 suam;
1221 5147 1270 5201 sed
1295 5144 1480 5218 multomagis
1502 5156 1580 5199 suam
1603 5142 1689 5215 ipsius
1712 5143 1769 5198 aui·

121 5236 214 5295 tuom,
230 5234 306 5304 quio,
323 5233 460 5289 Dominus
469 5233 599 5303 beneficit
616 5233 744 5290 tihirnec
757 5231 814 5287 ulla
828 5241 919 5289 tamen
972 5251 1043 5290 mam
1064 5241 1163 5292 servet.
1185 5236 1264 5289 Amet
1280 5234 1366 5288 Adam
1384 5232 1469 5289 Evam
1484 5247 1580 5300 suam;
1595 5231 1643 5286 sed
1660 5245 1714 5286 non
1729 5231 1768 5288 sic

109 5320 227 5377 collatae
245 5337 358 5376 mulsere
380 5319 517 5378 ielioitatis
540 5329 690 5391 enumerat,
706 5321 755 5378 sed
778 5321 917 5396 adjungit:
974 5331 1057 5387 amet,
1071 5329 1100 5377 ut
1113 5321 1173 5378 voci
1187 5321 1248 5390 ejus
1262 5322 1323 5394 plus
1337 5320 1448 5378 obediat
1462 5336 1543 5394 quam
1558 5319 1668 5377 dirinae.
1686 5319 1768 5376 Deui-

123 5410 312 5481 Qut'oeripuit
322 5411 814 5483 animamdarnorte,oculoerneosc
829 5413 920 5486 lacry-
973 5427 1027 5484 quc
1041 5426 1076 5467 ne
1089 5410 1142 5482 ipsi
1154 5409 1265 5484 quidem
1280 5410 1391 5489 expedit
1404 5411 1443 5468 sic
1468 5408 1564 5476 amari
1590 5416 1621 5465 ιιι
1642 5408 1769 5467 videlicet

120 5500 281 5572 aesimedes
292 5501 588 5573 msatcpsuffsot.
598 5516 675 5571 casu,
688 5502 768 5571 1,-8).
778 5501 809 5556 ln
823 5501 921 5573 quibus
973 5500 1016 5556 cui
1047 5500 1156 5556 interim
1183 5515 1265 5556 caves
1297 5498 1407 5574 llagello
1428 5501 1551 5572 paternae
1574 5499 1765 5570 correptionis,
