3734 5948
102 201 155 260 5311
585 193 613 253 S.
630 192 797 254 satutant
815 192 952 252 tbbtbs
966 191 1275 253 clota-vnttausts
1696 191 1750 252 510

102 318 518 390 νίαΙθβῦιιωίνωμιὶιίᾳιιθ
532 317 897 391 relinquemassipnalnti·
912 333 937 413 Α
953 314 1025 388 quod
1049 330 1105 373 uon
1128 314 1215 370 aderit
1236 313 1315 370 uobis
1336 311 1445 386 gloria,
1469 313 1516 370 sed
1543 313 1647 374 inerit?
1669 314 1750 373 Nunc

105 414 305 482 emonensem
314 411 422 466 lanceat
430 412 544 480 parcet
555 406 664 463 baeeest
674 423 733 464 sors
743 410 853 464 nestra.
865 406 898 461 Et
952 420 1061 479 queque
1083 406 1110 461 io
1134 403 1212 461 nobis
1238 409 1288 472 est,
1314 402 1360 459 sed
1385 413 1448 458 tunc
1474 402 1646 462 revelabitur.
1671 406 1752 463 Nune

109 499 278 556 manifestius
298 496 515 554 :Manducemus
530 500 558 576 et
572 494 700 552 meamne
714 512 721 567 ;
737 511 802 553 cras
817 497 904 559 enine
951 494 1026 551 euim
1052 493 1101 553 1111
1127 493 1180 551 Dei
1199 508 1305 565 001000,
1327 491 1375 550 sed
1402 492 1522 549 nondum
1542 494 1667 564 apparuit
1687 494 1753 565 quid

104 592 260 649 moriemur
277 588 353 660 (Sap.
367 601 397 656 ιι,
420 589 478 656 6-2;
496 586 645 655 lenimen,
663 582 718 656 ta),
741 583 843 641 Verum
869 583 899 638 id
939 583 1069 641 ¹erimus.
1315 592 1319 597 ·

104 679 225 750 quidem,
242 674 416 747 respondebit
440 674 480 729 eis
503 689 563 730 cras
590 673 720 744 injustitia
742 689 815 730 sua:
848 688 900 729 nce
989 676 1016 730 1.
1032 673 1138 729 Fratres
1151 672 1214 739 mei,
1230 673 1252 727 si
1268 686 1322 728 uon
1349 670 1506 741 accepimus
1528 669 1653 743 spiritum
1669 672 1753 742 bajus

103 776 258 823 manentem
283 765 327 821 bio
356 763 493 820 civitatem
517 763 617 818 babent
629 763 671 818 vel
684 762 754 834 ipsi,
769 763 816 834 qui
831 762 900 818 viam
954 762 1058 830 mundi,
1074 763 1121 819 sed
1136 762 1259 834 spiritum
1279 761 1326 834 qui
1340 777 1373 816 ea
1393 760 1447 816 beo
1465 767 1515 828 est,
1531 760 1649 816 sciamus
1661 777 1754 832 quaea

109 855 226 913 civitatis
253 853 400 910 habitaculi
428 868 482 908 non
501 851 674 908 inuenerunt.
693 852 748 907 Sed
771 851 844 923 qued
870 867 903 907 eo
955 852 1011 906 Dee
1035 851 1133 907 donata
1158 857 1221 907 suut
1249 849 1340 906 nobis.
1358 849 1417 920 Ege
1445 847 1515 904 enim
1541 847 1601 904 dice
1624 848 1753 920 quoniam

105 961 217 1018 peccare
233 944 369 1011 festinant,
386 957 498 1014 prorsus
531 940 679 997 insaniunt.
709 942 780 997 Saue
798 941 900 998 eisdem
954 938 1112 1008 omnialit,
1129 938 1153 994 si
1177 938 1312 994 mibinon
1335 937 1454 1003 creditis,
1483 937 1614 1006 llpostole
1638 938 1751 995 credite.

9 1050 13 1063 ·
103 1037 181 1107 ipsis,
202 1035 225 1091 si
239 1033 346 1103 quando
358 1033 427 1086 sorte
443 1030 610 1088 imminentis
628 1030 681 1087 sibi
693 1031 791 1087 mortis
810 1046 902 1103 eoepe·
958 1028 1208 1101 (impropriaeit,
1224 1028 1296 1086 Filio
1315 1028 1521 1099 nonpeperec't,
1537 1026 1584 1083 scd
1601 1044 1655 1101 pro
1673 1030 1753 1085 nobis

103 1123 158 1180 rint
170 1124 280 1179 horrere
290 1120 459 1189 memoriam,
471 1128 499 1176 et
508 1119 655 1177 terribilem
670 1121 900 1191 exspectationem
955 1116 1217 1180 onarribostradidit
1230 1117 1324 1184 ittam,
1334 1116 1467 1189 quomedo
1480 1132 1537 1172 non
1553 1119 1649 1174 omnia
1664 1118 1754 1175 ctiam

101 1211 197 1282 judicii
212 1211 435 1279 contremiscere,
451 1209 578 1266 continue
596 1209 664 1268 *vitae
690 1209 772 1280 hujus
794 1207 901 1265 fallacia
953 1220 1017 1261 carn
1032 1206 1082 1262 illo
1092 1205 1170 1261 noba
1181 1204 1321 1262 donauit?
1335 1203 1426 1275 (Rom.
1440 1220 1501 1271 vttr,
1511 1206 1566 1274 32.)
1577 1206 1641 1262 llaec
1656 1221 1754 1276 nempe

103 1299 212 1373 longam
239 1314 300 1355 esse
324 1300 455 1355 mentitur
474 1318 482 1355 ι
499 1305 527 1353 ut
551 1315 632 1369 qnam
655 1299 735 1369 paulo
761 1305 823 1354 ante
841 1299 902 1354 bre·
955 1300 1075 1364 potestas
1090 1294 1205 1350 filiorum
1219 1294 1277 1361 Dei,
1295 1308 1375 1364 quam
1389 1292 1464 1349 dedit
1478 1293 1521 1348 bis
1535 1293 1581 1364 qui
1595 1301 1755 1364 receperunt

103 1404 163 1446 vem
179 1405 239 1446 esse
253 1390 382 1444 delebant
396 1398 507 1459 peccate
522 1389 614 1454 ritem,
630 1404 703 1444 nunc
716 1387 839 1444 eamdem
859 1404 903 1444 re·
956 1398 1029 1440 eum.
1046 1385 1109 1440 llaec
1123 1383 1212 1455 gloria
1226 1384 1360 1455 cujusque
1383 1381 1479 1450 boetis,
1510 1383 1595 1453 gloria
1610 1384 1688 1453 quasi
1703 1385 1754 1440 ad·

104 1488 187 1551 pente
202 1477 321 1535 inveniat
335 1493 420 1548 usque
443 1477 511 1531 adeo
536 1474 736 1550 prolongatam,
762 1486 791 1531 ut
805 1490 901 1533 secure
956 1471 1041 1543 optati
1057 1489 1072 1526 a
1088 1473 1176 1541 Patre,
1193 1489 1241 1544 per
1261 1488 1323 1527 eum
1345 1470 1528 1545 utiqueouius
1550 1470 1666 1543 gloriam
1680 1471 1753 1530 ridi-

105 1583 135 1624 se
156 1583 236 1638 posse
248 1573 345 1638 puteat
358 1581 413 1620 non
428 1563 561 1620 modicam
576 1562 665 1620 adbuc
679 1571 784 1635 partem
799 1578 899 1620 cousu-
955 1577 1026 1631 mus,
1040 1560 1154 1632 gloriam
1167 1561 1244 1633 quasi
1263 1560 1399 1635 Unigeniti
1414 1575 1431 1616 a
1444 1561 1534 1616 Patre.
1549 1560 1754 1632 sedeantque

35 1728 39 1737 δ
104 1671 178 1712 mere
197 1638 225 1710 'ia
240 1652 365 1727 peccatis,
383 1651 455 1726 quod
476 1650 579 1727 reliqua
594 1652 676 1727 longe
686 1652 730 1720 sit,
746 1660 773 1707 et
786 1648 900 1706 sulliciat
916 1628 938 1707 Β
955 1657 1113 1722 potestatem
1129 1670 1137 1708 ι
1156 1651 1266 1722 Omnia
1278 1649 1375 1722 iuquit,
1388 1649 1534 1724 possibilia
1547 1654 1615 1709 sunt
1627 1650 1757 1709 credenti

102 1745 137 1799 ad
160 1745 291 1819 agendam
319 1740 508 1816 poenitentiam
535 1756 584 1813 pre
614 1740 740 1813 peccatis.
770 1739 904 1797 Caeterum
959 1741 1056 1810 (llere.
1072 1755 1112 1810 rx,
1130 1740 1187 1811 22).

14 1853 18 1862 ·
104 1833 331 1907 sicutprioribus,
347 1831 400 1887 nisi
418 1831 593 1904 resipuerint,
610 1831 690 1887 timer
710 1845 792 1904 quem
808 1829 903 1886 ament
991 1832 1018 1884 e.
1034 1829 1088 1884 Sed
1102 1829 1190 1884 adbuc
1210 1826 1305 1898 multa,
1322 1826 1437 1900 inquies,
1454 1827 1573 1900 graviter
1592 1827 1755 1901 inquietant,

104 1923 218 1991 eveniet,
243 1923 299 1979 imo
323 1921 435 1994 gravius
454 1935 535 1993 quam
558 1918 632 1990 quod
651 1926 778 1977 verentur
801 1918 903 1975 accidet
956 1918 1040 1974 multa
1064 1918 1214 1976 evidentius
1243 1918 1428 1975 adversantur.
1451 1919 1484 1975 Et
1513 1918 1597 1976 miror
1616 1919 1757 1990 quomode

105 2012 154 2082 cis,
166 2020 196 2067 ut
210 2027 265 2068 non
279 2011 360 2067 modo
374 2009 541 2084 flagitiorum
558 2019 665 2080 tempus
677 2007 804 2067 uelociter
814 2015 902 2064 trans·
955 2009 1047 2064 omnia
1061 2007 1124 2064 data
1138 2021 1284 2075 memores,
1305 2006 1404 2079 quibus
1424 2007 1480 2065 iere
1502 2006 1578 2064 nulla
1590 2006 1757 2065 famulantur

103 2111 157 2166 eat,
183 2101 232 2157 sed
250 2108 277 2156 et
290 2099 419 2157 succedet
445 2106 564 2170 tempus,
582 2107 627 2154 aut
649 2097 738 2172 magis
765 2096 903 2153 aeternitas
956 2097 989 2152 ad
1003 2101 1106 2152 votum.
1123 2095 1231 2152 Serrire
1255 2096 1336 2153 nobis
1353 2096 1478 2153 videntur
1500 2097 1603 2170 aliqua,
1627 2097 1757 2153 sedeam

104 2190 312 2263 suppliciorum;
329 2191 366 2244 ita
382 2198 410 2246 et
425 2189 477 2259 his,
493 2204 556 2245 curn
568 2187 696 2253 dixerint,
714 2186 765 2242 Pax
785 2192 813 2243 et
827 2202 903 2242 secu·
955 2185 1050 2241 labore
1068 2191 1175 2254 nosue,
1199 2201 1250 2241 nec
1264 2185 1317 2241 nisi
1340 2185 1416 2259 prius
1434 2186 1609 2243 semiannus
1632 2185 1693 2241 eis.·
1705 2187 1758 2242 Ju-

105 2279 182 2348 ritas,
205 2279 363 2351 repentinus
390 2275 562 2350 superveniet
577 2275 702 2333 interitus
716 2277 743 2347 (l
761 2277 848 2334 lbess.
873 2292 902 2348 v,
955 2280 1048 2331 menta
1061 2273 1131 2345 ipsa,
1150 2273 1203 2332 uisi
1216 2273 1316 2332 fuerint
1334 2275 1442 2333 anobis
1457 2275 1566 2345 nutrita,
1577 2273 1631 2331 nisi
1643 2273 1757 2342 domita,

103 2367 142 2436 ³),
158 2375 188 2422 ut
206 2383 260 2422 non
274 2367 382 2439 possint
396 2382 447 2423 nec
470 2364 611 2422 dimidiare
643 2363 701 2420 dies
729 2364 828 2438 quibus
843 2380 902 2422 sese
955 2363 1010 2420 nisi
1023 2361 1756 2436 tuerintpabutosustentatanomojnvant.Tarraipsa,

102 2454 237 2511 somniant
259 2455 348 2510 adbuc
372 2470 432 2510 esse
456 2453 585 2519 uicturos,
614 2467 668 2508 non
697 2451 791 2519 illam,
821 2469 903 2523 quam
957 2469 1018 2524 quae
1036 2450 1151 2509 11186
1160 2452 1379 2509 debueratnobis
1392 2452 1622 2527 essegermanior,
1632 2467 1688 2509 ιιοιι
1698 2453 1758 2508 sine

104 2542 158 2599 sibi
176 2542 284 2599 interim
300 2541 473 2617 pollicentur,
487 2539 701 2598 dimidiationem
726 2539 832 2612 explere
846 2540 904 2596 die-
957 2542 1057 2599 sudore
1071 2541 1161 2600 uultus
1175 2541 1258 2599 nostri
1273 2557 1373 2616 mnam
1396 2542 1475 2600 nobis
1488 2542 1623 2599 ministrat
1638 2559 1646 2597 ι
1662 2541 1717 2597 ime
1731 2553 1759 2597 et

104 2647 175 2689 rum.
957 2646 1020 2685 cum
1046 2629 1209 2687 coluerimus
1235 2645 1306 2700 eam,
1335 2632 1468 2701 spirasset
1492 2629 1603 2687 tribulos
1624 2630 1760 2703 germinat

141 2725 168 2777 t.
192 2720 286 2789 Vobis,
317 2720 422 2787 iratres,
455 2735 506 2776 nec
529 2718 562 2774 ab
591 2719 663 2774 inani
691 2717 805 2776 tristitiae
833 2735 904 2776 verae
957 2718 1045 2776 nobis,
1060 2719 1093 2774 Et
1112 2725 1210 2775 caetera
1224 2719 1315 2774 omnia
1330 2719 1456 2793 denique,
1471 2720 1495 2776 si
1509 2719 1654 2794 diligenter
1667 2719 1746 2775 aeusi

105 2810 255 2880 brevitatis,
272 2826 322 2869 nec
336 2827 351 2865 ιι
366 2809 456 2866 fallaci
484 2808 670 2866 consolatione
699 2808 834 2866 simulate
849 2809 905 2865 ton·
957 2808 1095 2877 daremus,
1125 2807 1264 2864 seruitium
1283 2823 1299 2864 a
1321 2809 1399 2865 nobis
1428 2809 1515 2880 magis
1534 2807 1658 2880 exigunt,
1678 2823 1760 2881 quam

105 2899 234 2976 gitudiuis
250 2899 345 2969 timeo,
359 2899 431 2972 qued
455 2897 605 2956 certissime
631 2898 688 2968 jam
707 2896 843 2968 coeperitis
866 2898 903 2953 ire
920 2913 942 2991 c
957 2903 1083 2960 exhibent
1097 2902 1175 2959 nobis
1192 2921 1198 2957 :
1215 2911 1244 2958 ut
1262 2919 1294 2958 ea
1308 2904 1415 2960 interim
1439 2904 1533 2959 sileam
1551 2919 1612 2975 quae
1628 2910 1694 2961 sunt
1707 2919 1758 2974 pa-

104 2989 133 3044 in
160 2989 296 3047 civitatem
325 2987 509 3058 habitationis,
533 3003 583 3043 nec
607 2987 753 3043 ambuletis
775 2987 803 3042 in
817 2987 902 3056 inno,
961 3000 1017 3047 rata
1044 3006 1152 3056 nocere,
1174 2997 1211 3046 -ut
1237 3002 1278 3049 est
1293 2992 1365 3065 ignis
1389 2993 1424 3048 ad
1439 2992 1616 3062 exurendum,
1636 3008 1710 3064 aqua
1725 2993 1758 3047 ad

104 3079 153 3136 sed
172 3079 200 3135 in
215 3078 268 3136 ria.
283 3077 388 3136 Vereor
401 3087 488 3134 animm
513 3091 546 3132 ne
560 3076 637 3134 vobis
652 3091 770 3150 queque,
786 3076 837 3133 sed
850 3077 901 3133 ali·
959 3080 1203 3154 submergendum,
1224 3078 1288 3137 ienae
1311 3081 1345 3136 ad
1369 3082 1556 3139 lacerandum.
1569 3082 1605 3138 Et
1626 3081 1685 3138 bec
1697 3080 1758 3152 qui·

105 3181 155 3237 ter,
172 3168 227 3227 uita
237 3169 297 3242 ipsa
312 3168 482 3226 simulatione
496 3166 676 3242 longitudinis
696 3166 810 3222 illudere
826 3165 900 3232 velit,
957 3170 1018 3225 dem
1032 3169 1068 3226 ita
1082 3185 1112 3224 se
1126 3169 1228 3225 habent
1240 3186 1247 3238 ;
1261 3169 1311 3225 sed
1326 3178 1484 3227 tamennon
1499 3169 1627 3226 mentitur
1643 3171 1760 3240 Aposto-

105 3273 161 3315 nen
175 3257 387 3315 consolationem
400 3257 464 3315 binc
478 3255 665 3324 ailereus,sed
678 3257 766 3329 magis
786 3254 902 3312 inferens
956 3259 1092 3314 lusatiam
1115 3259 1167 3314 alio
1185 3259 1245 3315 leco
1266 3259 1436 3317 manifestius
1458 3274 1616 3316 asseverans
1638 3259 1711 3317 seire
1729 3274 1759 3315 se

105 3344 310 3403 desolationem.
340 3346 454 3415 Vereor,
472 3343 594 3417 inquam,
623 3360 657 3400 ne
679 3344 831 3413 longiorem
850 3344 903 3400 sibi
961 3347 1394 3419 Queninmdiligentabnalleam
1409 3351 1506 3408 omnic
1520 3353 1708 3422 cooperantur
1726 3350 1760 3406 a'n

104 3434 186 3494 uitam
201 3447 345 3504 superesse
358 3432 419 3503 quis
434 3442 571 3503 reputans,
586 3440 612 3490 et
626 3434 757 3508 grandem
780 3433 835 3488 sibi
856 3448 902 3488 re·
957 3436 1070 3502 bonane,
1085 3437 1128 3492 bis
1143 3438 1191 3509 qui
1212 3438 1369 3494 secandum
1384 3441 1565 3511 prepositum
1583 3439 1759 3496 0000110001

105 3530 177 3579 stare
199 3527 342 3578 autumans
364 3520 453 3587 riam,
478 3521 609 3579 obruatur
635 3537 651 3576 a
683 3521 903 3593 pusillanimitate
956 3526 1053 3582 sancti
1068 3527 1158 3595 (Rom.
1174 3539 1236 3590 vrtr,
1250 3525 1308 3597 28).
1319 3526 1511 3582 Verumtamen
1524 3527 1639 3582 solerter
1651 3526 1759 3584 attende

104 3613 227 3688 spiritus,
249 3621 276 3670 et
295 3612 402 3668 labores
418 3617 509 3667 tantos
536 3618 564 3667 ct
591 3618 644 3667 tam
659 3610 803 3667 diuturnos
817 3610 902 3666 susti-
956 3614 1031 3686 quod
1045 3629 1100 3670 nou
1121 3614 1154 3669 ad
1179 3613 1283 3670 libitum
1307 3614 1442 3685 famulari,
1458 3614 1506 3671 sed
1528 3614 1673 3688 cooperari
1691 3613 1759 3681 ⁵(licit

104 3720 169 3760 nere
203 3718 282 3775 posse
309 3701 446 3774 desperet.
480 3698 565 3770 Quasi
588 3715 654 3758 rere
673 3715 729 3757 uon
754 3699 903 3757 secundum
957 3703 991 3759 ad
1006 3704 1117 3761 benum.
1133 3703 1227 3775 Neque
1240 3702 1313 3760 enim
1331 3704 1366 3760 ad
1380 3704 1545 3762 voluntatem
1564 3703 1694 3770 seruiunt,
1708 3703 1758 3760 aed

105 3791 302 3850 multitudinem
318 3791 444 3847 dolorum
458 3804 570 3847 suorum
585 3788 612 3845 iu
628 3789 713 3846 corde
731 3803 792 3856 sue,
808 3805 903 3846 couse-
957 3792 991 3848 ad
1003 3792 1163 3861 utilitatem;
1179 3808 1233 3848 nou
1253 3793 1287 3849 ad
1304 3793 1480 3863 voluptatem,
1496 3794 1542 3850 sed
1565 3791 1601 3848 ad
1621 3792 1758 3862 salutem

103 3882 223 3939 lotiones
236 3879 334 3957 divinae
345 3877 483 3935 latificeut
493 3878 596 3935 animas
610 3878 770 3937 electorum.
786 3880 820 3936 lit
833 3893 903 3935 nunc
958 3897 1012 3937 non
1031 3883 1065 3936 ad
1080 3882 1245 3953 natumsed
1260 3881 1294 3936 ad
1318 3882 1492 3938 commodum
1511 3890 1644 3939 uestrum.
1668 3883 1760 3956 Usque

103 3970 213 4043 quidem
250 3967 400 4024 secundum
428 3967 629 4024 multitudinem
665 3968 804 4040 dolorum,
838 3968 902 4024 dom
955 3968 1025 4027 adeo
1041 3970 1177 4042 siquidem
1196 3969 1224 4026 in
1238 3971 1309 4027 bunc
1324 3972 1435 4028 medum
1450 3971 1543 4028 omnia
1562 3971 1640 4028 nobb
1654 3985 1758 4044 ceope-

104 4058 192 4116 adbuc
204 4055 281 4131 quasi
302 4056 338 4111 ad
367 4070 521 4113 mensuram
553 4056 661 4114 dantur.
682 4057 817 4114 Ceterum
843 4066 904 4131 post
958 4066 1051 4115 rantur
1066 4061 1093 4116 in
1108 4060 1220 4127 benum,
1237 4069 1266 4116 ut
1283 4059 1351 4117 inter
1366 4061 1426 4118 baee
1440 4061 1533 4116 omnia
1547 4060 1627 4117 etiam
1641 4076 1759 4133 eaquae

104 4151 163 4207 bne
173 4146 373 4216 delectationes,
386 4159 441 4201 neu
454 4146 511 4216 jam
525 4147 730 4204 consolationes
751 4146 780 4202 in
794 4147 904 4205 dextera
960 4150 1025 4206 nibil
1048 4157 1112 4206 sunt
1139 4157 1327 4221 numerentur,
1348 4150 1482 4221 molestia,
1507 4151 1625 4218 morbus,
1648 4157 1677 4206 et
1699 4149 1760 4224 ipsa

105 4240 166 4309 ejus
181 4236 309 4310 usquein
327 4234 418 4291 linem.
429 4234 658 4308 concupiscamus
672 4235 746 4291 iltem
755 4237 902 4305 dexteram,
920 4198 943 4275 ὓ
959 4255 1044 4309 mors,
1059 4240 1139 4296 etiam
1153 4247 1180 4296 et
1193 4246 1348 4312 peecatum
1362 4257 1424 4313 quea
1445 4240 1552 4314 quidem
1581 4245 1688 4296 constat
1710 4255 1759 4294 na·

105 4329 213 4394 iratres,
226 4342 286 4400 quoe
306 4332 379 4383 totos
393 4324 592 4397 amplexabitur
605 4341 657 4381 nos
668 4367 676 4394 ,
687 4326 855 4398 suspiremus
870 4327 903 4382 ad
960 4336 1034 4385 tures
1051 4343 1106 4385 non
1126 4343 1196 4394 esse,
1220 4329 1267 4384 sed
1289 4338 1394 4387 natura
1416 4328 1614 4402 corruptiones.
1629 4327 1675 4385 Αιι
1693 4344 1760 4386 rere

104 4415 301 4474 delectationes
314 4414 387 4488 illas,
401 4422 442 4480 ut,
465 4414 535 4471 sieut
548 4413 632 4472 breue
655 4422 698 4471 est
710 4414 821 4472 omniuo
836 4423 904 4471 tern-
957 4418 1102 4489 ciperente
1116 4417 1176 4488 ipsa
1197 4433 1251 4474 non
1275 4425 1455 4490 cooperantur
1479 4419 1507 4475 in
1527 4419 1638 4490 bonum,
1660 4415 1708 4492 qui
1726 4434 1760 4475 ex

104 4523 166 4578 pus,
183 4505 264 4565 etiam
282 4502 360 4578 pauci
382 4503 524 4563 rideantur
538 4505 616 4562 uobis
643 4505 702 4563 dies
725 4521 782 4579 prae
802 4505 905 4562 amoris
958 4506 999 4562 eis
1021 4505 1157 4575 humilior,
1187 4506 1345 4580 feruentior,
1373 4507 1524 4577 sollicitior,
1553 4507 1705 4566 timoratior
1733 4512 1760 4564 et

105 4595 303 4671 magnitudine.
319 4597 381 4653 Non
399 4599 471 4652 sant
492 4596 640 4669 condigne
658 4598 803 4671 passiones
819 4597 904 4669 bajus
958 4595 1062 4652 carrtier
1077 4594 1238 4653 breuiter?

106 4682 903 4760 temperisadfuturamgleriamquoereuelabiterinne·
994 4688 1021 4743 7.
1044 4685 1090 4740 llae
1104 4691 1166 4741 sunt
1189 4701 1257 4760 ergo
1281 4685 1407 4759 primitia
1425 4685 1545 4758 spiritus,
1565 4687 1609 4744 bae
1631 4685 1761 4760 praalun

105 4775 147 4834 bit
163 4775 255 4847 (Rom.
272 4789 334 4842 ιιιι,
346 4774 401 4843 11)).
416 4773 538 4830 iucunda
553 4773 708 4844 promissio,
722 4782 751 4830 et
764 4775 834 4831 uotis
844 4788 903 4830 em·
957 4774 1047 4847 regni,
1063 4776 1122 4833 bac
1136 4774 1231 4849 gloriae
1242 4775 1404 4847 praelibatio,
1420 4776 1472 4832 boe
1481 4775 1625 4847 potestatis
1639 4775 1759 4845 initium,

105 4864 186 4920 nibus
197 4862 469 4934 amplectenda.Non
479 4861 554 4919 enim
564 4862 711 4920 astabimus
721 4863 801 4937 quasi
809 4864 905 4921 inanes
957 4871 986 4919 et
999 4865 1078 4921 arrba
1092 4864 1218 4937 quaedam
1234 4873 1352 4933 paterne
1363 4864 1539 4935 baereditatis.
1555 4865 1761 4923 Caeterumcum

106 4961 135 5010 et
148 4953 228 5010 uacui
239 4960 418 5027 spectatores,
429 4967 481 5010 nec
495 4951 634 5025 gloriaitta
647 4953 725 5024 quasi
737 4953 905 5010 extrinsecus
959 4952 1061 5010 renent
1079 4953 1153 5025 quod
1182 4952 1327 5025 perlectum
1353 4963 1407 5022 est,
1435 4954 1608 5011 evacuabitur
1626 4953 1700 5028 qued
1728 4970 1763 5011 ex

105 5041 272 5097 revelabitur
298 5042 388 5110 nobis,
417 5042 465 5099 sed
483 5040 513 5099 in
540 5040 631 5098 nobis.
646 5040 804 5099 Videbimus
832 5041 902 5098 euim
958 5045 1034 5113 parte
1047 5050 1098 5110 est,
1114 5052 1143 5099 ut
1156 5042 1189 5099 ad
1207 5054 1302 5103 aetum
1315 5043 1444 5115 deinceps
1459 5042 1550 5100 omnia
1572 5043 1760 5115 disponantur,

105 5131 193 5185 Deum
207 5128 276 5186 facie
291 5130 325 5187 ad
347 5132 451 5201 ladem,
473 5131 523 5190 sed
538 5146 593 5188 neu
608 5138 683 5188 extra
701 5146 767 5200 nos;
790 5131 852 5204 quia
876 5132 905 5189 io
959 5133 1034 5206 quod
1047 5131 1227 5190 lndisselubili
1250 5133 1360 5191 rineule
1373 5133 1502 5205 copulata
1523 5132 1576 5189 sibi
1592 5132 1761 5204 011100110-

106 5219 185 5277 nobis
194 5218 257 5288 erit,
268 5219 363 5291 utique
377 5220 469 5277 emnia
479 5220 507 5277 in
521 5219 660 5277 omnibus.
676 5220 809 5277 Nimirum
825 5221 904 5292 plena
958 5223 1088 5289 cundum,
1103 5225 1224 5295 separari
1239 5222 1308 5279 ultra
1323 5238 1380 5278 nen
1395 5223 1510 5296 possint.
1525 5224 1584 5281 Hoc
1598 5237 1697 5294 nempe
1711 5223 1763 5281 erit

107 5309 159 5366 erit
172 5308 260 5382 glorie
287 5307 332 5362 illa
351 5309 431 5365 etiam
457 5309 546 5365 omnis
571 5316 657 5376 terra;
685 5317 788 5383 quanto
816 5310 905 5384 magis
959 5309 1026 5366 illud
1041 5320 1171 5368 aternum
1185 5311 1279 5385 gloriae
1301 5309 1421 5384 pondus,
1437 5311 1471 5368 de
1494 5327 1547 5386 quo
1562 5310 1709 5368 identidem
1725 5310 1764 5366 ait

105 5399 194 5453 anima
209 5399 266 5470 ipsa
281 5395 441 5470 replebitur!
458 5399 646 5472 llcptebtmnr,
658 5398 756 5472 inquit,
779 5401 812 5458 in
826 5400 905 5457 benis
958 5401 1104 5470 Apostolus
1120 5419 1127 5458 ε
1143 5401 1487 5473 momentaneaminquit,
1499 5401 1664 5460 bacernae
1675 5400 1765 5459 triba·

108 5486 209 5545 domus
245 5492 302 5545 taoe
337 5486 425 5559 (Psoi.
465 5501 540 5554 cxiv,
574 5487 620 5558 51.
663 5485 698 5543 lit
730 5486 795 5560 quid
832 5485 904 5555 dice,
961 5489 1076 5550 lotionis
1091 5496 1207 5559 nostre,
1223 5506 1310 5564 sapra
1323 5492 1439 5551 medem
1448 5492 1481 5549 in
1490 5489 1762 5551 sublimitatem
