3734 5948
764 191 792 248 S.
810 189 980 253 usitilia!
997 190 1133 251 nubliis

488 575 828 693 samu
899 574 1382 706 BERUARDI

694 798 840 864 matris
859 794 1193 879 esaan-vmmnsvs

404 966 813 1147 SERMONES
903 1008 1001 1138 nn
1092 1011 1481 1141 daurons.

808 1262 1064 1287 *ὰ-

734 1423 772 1487 ΙΝ
797 1408 982 1488 iuvabit]
1004 1410 1151 1490 nablat.

330 1641 516 1704 101·Πῖ
540 1642 658 1700 seatio
677 1643 697 1698 l.
930 1638 1057 1732 gennas
1070 1642 1205 1713 personis,
1222 1660 1289 1716 quas
1307 1645 1335 1701 in
1353 1643 1602 1702 snmmsTrinitate
1615 1645 1764 1714 nundinans,

131 1739 166 1792 De
185 1735 313 1793 Adventu
335 1735 456 1806 Domini,
474 1738 503 1791 et
517 1749 568 1789 seu
587 1732 814 1789 circumstantiis
828 1732 899 1800 eius.
970 1729 1132 1785 coniitemnr
1154 1741 1183 1787 et
1204 1733 1358 1801 adoramus,
1379 1750 1434 1790 uon
1458 1734 1547 1805 Pater,
1568 1749 1624 1790 non
1647 1733 1766 1807 Spiritus

153 1829 177 1880 t.
194 1823 289 1889 Hodie,
312 1824 420 1888 tratres,
443 1822 613 1879 celebramus
627 1822 768 1878 Adventus
790 1820 911 1887 initium;
967 1827 1077 1874 sauctus
1091 1822 1211 1888 advenit,
1234 1823 1283 1879 sed
1298 1823 1401 1879 Filius?
1416 1824 1523 1880 lsinimn
1543 1822 1653 1897 quidem
1668 1838 1720 1896 ego
1737 1826 1763 1880 ivl

114 1914 194 1986 eujus
207 1913 310 1986 utique,
334 1911 404 1967 sieut
425 1920 453 1969 et
467 1916 626 1967 eaeoerbtum
646 1908 846 1966 solemnitatum
861 1920 911 1964 no·
966 1908 1066 1963 iactum
1086 1922 1147 1965 esse
1162 1910 1280 1968 irbitror
1299 1911 1358 1968 sine
1373 1929 1463 1970 eausa.
1484 1912 1540 1970 Sed
1559 1913 1620 1985 qais
1633 1915 1764 1983 cognovit

115 2019 177 2058 men
201 2002 312 2074 quidem
332 2000 441 2057 celebre
463 2000 541 2068 satis,
567 2007 596 2056 et
616 2007 712 2054 netum
736 1998 847 2065 mundo,
863 1998 912 2054 aed
965 1999 1762 2073 sensnmiiominiiautquiseonsiliariusejusinitifflom.

114 2091 183 2146 ratio
191 2090 310 2147 nominis
325 2090 395 2146 torte
410 2105 464 2145 non
479 2089 527 2145 ita.
544 2087 910 2152 lnlelieesenimiiliiddam,
965 2099 1007 2150 ιιι,
1028 2087 1085 2156 st.)
1105 2086 1202 2158 Neque
1220 2087 1292 2144 enim
1316 2088 1375 2143 sine
1390 2088 1520 2143 altissimo
1536 2087 1675 2144 Trinitatis
1692 2103 1761 2144 enn-

113 2176 314 2238 animaveris
337 2185 365 2234 et
387 2172 549 2235 salumribus
570 2176 794 2246 studiis,eadnea
821 2175 911 2248 potius
964 2172 1024 2228 silio
1040 2172 1139 2229 tartum
1154 2183 1206 2239 est,
1222 2184 1253 2230 ιιι
1276 2175 1358 2232 Filias
1376 2175 1520 2233 adveniret
1535 2194 1542 2235 :
1557 2182 1586 2233 et
1601 2177 1624 2232 si
1637 2177 1763 2233 eoaside

113 2276 142 2324 et
166 2267 320 2326 transitorie
343 2270 478 2341 quarunt.
502 2264 608 2338 Quibus
627 2260 835 2322 assimilabimus
856 2265 908 2321 ho·
965 2266 1056 2319 ramas
1071 2260 1155 2320 exsilii
1169 2264 1255 2321 nostri
1269 2279 1389 2335 mamm,
1401 2258 1680 2324 toitassisadvertere
1695 2281 1761 2337 pos·

113 2357 202 2414 mines
224 2356 411 2430 generationis
432 2356 524 2426 hujus,
551 2364 599 2411 aut
619 2354 719 2426 qubus
738 2353 909 2426 comparabi·
964 2368 1057 2410 sumas
1071 2354 1114 2412 vel
1127 2371 1160 2412 er
1184 2363 1273 2428 parte,
1297 2372 1379 2428 quam
1391 2372 1543 2429 congruum
1568 2354 1650 2413 inerit
1663 2371 1679 2410 a
1693 2352 1762 2413 Filio

113 2463 175 2503 mus
191 2445 262 2514 illes,
282 2460 352 2518 qnos
368 2444 493 2502 videmus
511 2443 660 2500 aterrenis
678 2450 706 2500 et
723 2443 910 2515 corporalibus
963 2456 1015 2496 nos
1038 2443 1153 2500 maxime
1176 2442 1295 2503 liberari.
1321 2445 1430 2502 buciter
1448 2445 1521 2502 enim
1544 2443 1598 2512 ille,
1619 2444 1667 2517 qni
1680 2461 1763 2501 masse

112 2533 342 2594 munitionibus
354 2532 435 2591 anelli
456 2531 703 2606 emmaque-non
716 2536 820 2607 posset
840 2532 908 2589 Pro·
963 2529 1112 2601 oriebatur,
1129 2544 1179 2603 pro
1203 2546 1237 2589 eo
1258 2530 1341 2590 m
1361 2532 1433 2606 quod
1449 2531 1579 2588 ditissimi
1601 2531 1760 2589 similitudi·

111 2624 182 2684 testo
195 2622 297 2681 dmbea
321 2630 385 2683 sant
398 2622 441 2679 bis
463 2620 510 2696 qui
524 2620 659 2679 submersi
680 2614 867 2696 periclitantur
881 2622 908 2677 in
963 2625 1026 2672 nem
1049 2626 1181 2689 usurpare
1204 2619 1328 2690 meavit,
1354 2628 1381 2678 et
1404 2621 1527 2694 rapinam
1549 2621 1696 2680 arbitratus
1719 2633 1761 2678 ost

111 2713 199 2786 aqua.
215 2712 348 2771 Niaimm
363 2711 459 2769 videas
471 2726 521 2769 eos
537 2718 664 2768 urentes
672 2718 777 2777 unere,
788 2727 840 2768 neo
853 2711 909 2768 ιιιι
962 2720 1024 2761 esse
1042 2722 1073 2763 ss
1087 2707 1219 2780 aquaem
1233 2708 1290 2766 neo
1301 2710 1386 2782 (qaod
1400 2711 1493 2783 utique
1508 2708 1566 2767 Filii
1580 2711 1644 2780 est),
1661 2714 1757 2783 praei-

112 2802 216 2860 majona
229 2803 360 2859 (immeo
378 2799 451 2874 quod
470 2800 589 2872 primurn
607 2800 758 2857 monnarii
770 2799 907 2872 munibus,
963 2793 1065 2865 pilatus
1078 2795 1150 2853 illiso
1165 2798 1276 2865 corruit,
1291 2799 1420 2870 quonism
1432 2799 1664 2872 relevitprol’ilio
1678 2800 1761 2856 Pater

111 2888 242 2969 quidquid
256 2889 294 2948 slt·
305 2886 382 2962 iilud,
396 2888 462 2947 beet
473 2888 577 2963 taieslt
590 2888 700 2963 adquiri,
712 2891 785 2964 quud
797 2890 908 2947 omnino
962 2890 990 2938 et
1000 2898 1085 2956 opere
1095 2883 1195 2943 dixisse
1204 2885 1312 2942 videtur
1327 2904 1335 2944 :
1351 2888 1417 2945 ltili
1430 2888 1597 2959 vindictam,
1613 2892 1642 2945 et
1652 2904 1699 2962 epo
1714 2905 1759 2947 re-

110 2980 243 3055 prodesse
274 2988 332 3038 non
363 2976 459 3053 possit,
482 2980 596 3035 ut'trtnt
619 2970 726 3036 radices
749 2974 907 3051 herbarum,
924 2973 946 3052 Β
964 2971 1187 3045 tribuomfflom.
1200 2990 1250 3045 ιιι,
1267 2979 1322 3049 ts).
1338 2977 1473 3034 Continm
1487 2977 1612 3035 videbam
1627 2976 1759 3035 Seianam

110 3058 265 3145 namneum
288 3058 398 3127 simias
417 3070 487 3126 Nam
510 3077 540 3125 et
556 3067 580 3124 si
599 3067 645 3141 qui
658 3067 695 3124 ad
710 3083 758 3125 eus
772 3068 843 3126 iorte
857 3084 907 3126 ve·
963 3069 1092 3136 uuquam
1101 3060 1191 3137 fulgur
1204 3064 1347 3122 radentem
1357 3065 1393 3122 de
1405 3066 1562 3138 eoetottue.
1581 3067 1760 3136 x‚18).Quid

108 3160 187 3216 niam
198 3167 231 3216 ut
241 3155 416 3231 summat,
428 3160 626 3230 nonuunquam
644 3155 733 3214 solent
746 3158 905 3233 apprehen.
961 3152 1086 3224 inigitur
1100 3153 1235 3224 superbis,
1257 3164 1330 3210 terra
1344 3161 1371 3211 et
1387 3154 1479 3211 einis?
1496 3154 1525 3212 Si
1538 3156 1759 3227 superbientibus

109 3264 154 3305 sos
167 3245 309 3306 involvere
321 3256 416 3305 seeum
431 3262 440 3305 t
453 3242 635 3317 adeuntium
648 3256 702 3302 neu
714 3241 774 3314 sibi,
790 3258 842 3303 nee
854 3242 907 3302 illis
961 3241 1067 3313 augelis
1083 3242 1154 3298 bena
1174 3258 1229 3300 uon
1244 3244 1386 3317 pepercit3
1403 3250 1505 3317 quante
1523 3245 1612 3318 magis
1630 3243 1688 3313 tibi,
1705 3260 1758 3316 pa-

108 3335 237 3395 auxilinm
254 3332 327 3392 ierre
346 3332 522 3407 prevaleant.
544 3330 589 3391 Sia
603 3339 721 3405 pereant
734 3335 763 3391 in
777 3336 828 3391 boe
838 3336 905 3392 mari
962 3330 1039 3386 tredo
1059 3336 1086 3387 et
1099 3332 1220 3388 vermis?
1232 3332 1306 3389 Nihil
1321 3332 1365 3389 ille
1379 3332 1454 3402 iecit,
1470 3330 1538 3390 nibil
1552 3338 1683 3407 operatas
1696 3344 1757 3392 est:

108 3432 246 3499 mugnoet
260 3422 390 3497 spatiose,
409 3422 449 3480 sio
467 3427 584 3494 pareant
596 3423 708 3496 miseri;
721 3423 785 3480 dum
801 3424 905 3496 peritu-
960 3426 1064 3476 tantum
1079 3420 1208 3493 cogitavit
1221 3422 1393 3494 superbiam,
1408 3429 1438 3480 et
1450 3423 1478 3479 in
1493 3429 1644 3490 momento,
1659 3423 1689 3480 in
1702 3423 1757 3480 ictu

109 3522 139 3571 ra
157 3516 304 3584 amantea,
331 3511 457 3569 eminant
484 3511 582 3585 sedda,
607 3513 706 3586 qubus
725 3512 906 3587 apprehensis
958 3509 1041 3575 ocuti,
1062 3509 1276 3582 irreparabiliter
1304 3512 1490 3584 praecipitatus
1512 3521 1573 3579 est;
1597 3513 1661 3585 quia
1679 3514 1756 3584 juxta

107 3610 252 3679 emergere
268 3600 297 3660 ei
320 3598 427 3660 salvare
451 3607 567 3674 possent
588 3599 692 3658 animm
716 3616 789 3658 snas.
809 3598 904 3675 Neque
959 3598 1154 3674 evangelistam
1167 3616 1174 3658 ε
1187 3602 1220 3657 lu
1233 3601 1355 3659 amiate
1367 3616 1425 3658 nou
1439 3603 1518 3660 stetit
1525 3601 1617 3675 (tona.
1626 3614 1685 3671 vara,
1697 3603 1755 3670 tt).

107 3691 182 3749 enim
197 3691 232 3749 de
251 3690 383 3762 ienitate,
399 3678 449 3747 sed
464 3689 500 3747 de
512 3687 636 3760 raritate,
653 3684 775 3750 dieitur:
799 3690 903 3769 dogne·
995 3690 1022 3743 3.
1047 3687 1143 3764 Fugite
1163 3685 1328 3761 superbiam,
1352 3689 1451 3747 tratres
1464 3684 1537 3759 mei;
1563 3700 1666 3762 maso,
1686 3689 1756 3746 mul-

106 3781 272 3846 reomense,
280 3782 309 3836 et
319 3778 504 3838 tueantur
513 3780 673 3850 (loommin,
682 3779 800 3850 titios
810 3779 901 3853 igitar,
959 3783 1016 3834 tum
1040 3776 1135 3850 iugite.
1160 3777 1269 3835 Initium
1290 3778 1378 3836 omnis
1391 3778 1498 3852 peceati
1521 3778 1673 3851 superbia:
1694 3795 1755 3853 quas

107 3867 221 3938 badas,
231 3866 331 3941 quibns
348 3873 479 3940 tanquam
497 3868 621 3940 parvulis
634 3868 738 3924 revelat
755 3869 830 3927 noas
843 3885 904 3940 qua
958 3869 1014 3921 tam
1023 3864 1154 3923 velociter
1167 3867 1256 3938 ipsum
1266 3883 1375 3941 quoque
1388 3867 1524 3924 sideribus
1535 3867 1643 3924 eunetis
1656 3867 1754 3925 elarius

106 3954 267 4015 matilia
283 3960 380 4012 saut-s
396 3952 564 4026 simonibus
577 3963 606 4011 et
624 3955 904 4028 muneremunere
958 3954 1102 4011 micantem
1125 3964 1229 4012 aterna
1240 3956 1358 4030 ealigine
1372 3955 1561 4015 obtenebravit
1575 3957 1729 4014 Lueiternm
1747 3976 1753 4013 z

106 4052 139 4102 ea
156 4056 217 4119 qne
234 4054 301 4103 vere
314 4038 443 4101 nuans
464 4044 538 4116 sdnt,
559 4040 654 4098 sedule
666 4042 829 4117 eogitdtiorie
842 4061 904 4103 ver·
959 4054 1020 4116 quas
1038 4057 1094 4100 nou
1109 4044 1190 4102 modo
1205 4045 1342 4118 angelum,
1357 4045 1407 4102 sed
1421 4043 1582 4117 angelorum
1596 4044 1712 4118 primum
1728 4046 1754 4101 in

105 4130 213 4203 asinini,
238 4141 268 4190 et
291 4122 437 4208 (limentes
463 4137 577 4204 pensate
604 4131 737 4189 rationem
764 4132 905 4191 Adventus
958 4129 1097 4189 diabolum
1119 4133 1304 4192 eommutavit.
1327 4132 1405 4191 Unde
1431 4141 1461 4190 et
1483 4133 1607 4207 protinus
1630 4134 1754 4192 invidens

106 4223 199 4294 baius,
213 4230 372 4296 quarentes
384 4219 513 4278 nimirum
527 4219 588 4294 qvis
601 4221 637 4276 sit
649 4220 805 4295 quiseniat,
818 4221 902 4287 ande,
958 4219 1072 4288 bomini,
1087 4237 1168 4294 quam
1182 4232 1348 4295 conseperat
1360 4224 1388 4279 in
1402 4223 1560 4295 semetipso,
1576 4223 1604 4279 in
1618 4239 1653 4282 eo
1665 4239 1753 4298 pepe·

105 4310 172 4387 qud,
187 4309 307 4386 siquid.
322 4308 443 4385 qnando,
459 4318 487 4367 et
502 4314 565 4384 qna.
582 4306 736 4366 inadibilis
746 4309 806 4369 sine
820 4310 903 4368 dubio
957 4307 992 4363 rit
1011 4308 1196 4383 iniquitatem:
1220 4311 1338 4369 suadens
1352 4319 1381 4368 ut
1395 4311 1497 4386 liguum
1512 4313 1626 4372 vetitum
1640 4318 1754 4385 gustans

104 4396 320 4463 senosanam
342 4405 386 4456 est
416 4407 444 4456 et
468 4398 603 4458 salubris:
628 4404 719 4473 neone
751 4398 825 4458 enini
848 4404 902 4457 tam
956 4397 1035 4456 fieret
1057 4399 1129 4457 sieut
1149 4401 1233 4471 Dens,
1259 4400 1348 4458 seiens
1372 4401 1474 4458 bouum
1501 4409 1529 4459 et
1547 4401 1656 4458 mnam.
1681 4400 1752 4471 Quid

103 4476 205 4550 devote
217 4486 338 4549 &alena
351 4487 479 4548 universa
497 4497 661 4561 presentem
680 4476 832 4548 celebraret
845 4489 902 4546 ild-
956 4486 1028 4545 enim
1043 4487 1190 4563 polliceris,
1212 4489 1276 4562 qnid
1301 4489 1447 4561 promittis,
1471 4488 1554 4547 miser
1570 4508 1577 4546 :
1593 4505 1655 4546 oum
1670 4484 1752 4546 Filius

103 4579 229 4654 mium,
249 4577 302 4635 nisi
320 4577 418 4635 lateret
437 4577 465 4634 in
485 4592 521 4636 eo
534 4591 665 4651 msgm
685 4577 795 4653 aliquod
809 4592 900 4636 mera·
955 4576 1086 4634 ditissimi
1115 4578 1237 4636 scientiae
1262 4576 1368 4636 elavem
1382 4581 1493 4648 habeat,
1515 4580 1570 4636 imo
1589 4589 1618 4636 et
1639 4579 1699 4652 ipse
1718 4580 1752 4637 sit

102 4668 235 4728 mutam.
687 4668 690 4675 '
957 4667 1045 4724 etovts
1053 4667 1751 4745 beaw,puirtnudit,etnemonpevit(dpoe.imi).

138 4762 168 4835 2,
187 4756 277 4817 Primo
301 4756 386 4832 igitur
403 4754 464 4813 loen
486 4766 549 4815 enm
569 4755 700 4830 Apostolo
724 4762 852 4830 stupente
874 4766 902 4816 et
955 4752 985 4812 ln
1001 4770 1034 4813 eo
1048 4764 1111 4812 sant
1124 4770 1220 4812 omnes
1231 4755 1349 4812 thesauri
1363 4757 1504 4832 sapientie
1514 4765 1542 4814 et
1550 4757 1673 4816 seientiae
1686 4756 1751 4814 abs—

103 4842 257 4919 pdmirante
280 4844 440 4905 intueamini
464 4851 493 4903 et
506 4859 567 4911 ros,
589 4851 710 4919 quantus
731 4845 767 4902 sit
786 4846 840 4904 iste
855 4849 901 4920 qui
955 4844 1183 4917 eonditiitoloss.
1198 4860 1228 4909 ιι,
1244 4844 1274 4917 3)
1293 4864 1300 4900 :
1318 4851 1451 4917 tuneeos,
1466 4854 1496 4903 ut
1509 4846 1612 4905 bomini
1625 4855 1750 4918 praestes.

102 4935 279 5010 hgraditur:
295 4936 354 5007 ipse
367 4933 441 4992 enim
454 4939 498 4993 est
508 4933 659 4991 secundant
672 4932 808 4991 Gabrielis
821 4936 899 4991 testi·
954 4932 1047 5005 inique
1061 4933 1218 4990 iuraberisi
1231 4933 1336 4992 Videtis
1347 4936 1411 5010 quia
1423 4937 1500 5008 Juxta
1514 4935 1623 4992 Domim
1638 4943 1750 4993 senten-

103 5025 237 5094 tentiam,
261 5018 389 5079 dltiseimi
411 5021 587 5094 iiliaslbue.
611 5037 632 5091 ι,
656 5024 713 5090 dd),
729 5037 760 5078 ae
784 5023 899 5096 preinde
954 5023 1019 5080 tiam
1032 5021 1158 5080 motae
1174 5023 1226 5079 iste
1239 5033 1291 5091 est,
1307 5030 1335 5084 et
1347 5024 1604 5101 potereJusitoou.
1620 5038 1680 5091 vni,
1693 5027 1748 5083 ttt.

106 5108 487 5185 uetustissimusque
511 5109 584 5170 enim
608 5109 649 5168 ias
672 5117 714 5168 est
737 5110 788 5170 bei
801 5108 899 5169 Filiam
953 5113 1023 5170 Nam
1036 5111 1194 5168 etmenden
1209 5110 1269 5183 init,
1287 5114 1397 5170 diesne:
1420 5112 1528 5170 Similis
1542 5129 1589 5171 ero
1604 5114 1748 5172 Attissimo

106 5196 273 5277 &genuam
282 5197 433 5272 suspirari:
448 5193 498 5257 sed
512 5198 624 5275 nqmlis
640 5196 846 5258 annaneane
857 5209 899 5259 est
954 5201 1032 5274 (lsai.
1046 5215 1107 5274 xiv,
1125 5201 1185 5276 lt);
1203 5209 1229 5259 et
1243 5200 1377 5259 mendacii
1390 5208 1479 5273 pater,
1496 5216 1559 5258 eum
1571 5199 1748 5259 inhominem

103 5288 267 5356 ιΙιῐιιιῶιιίι,
290 5294 319 5348 et
340 5284 466 5359 ejusdem
488 5288 598 5360 pameas
619 5287 769 5364 dignitate
787 5288 857 5347 Nam
870 5300 899 5348 et
953 5304 1064 5364 quoqne
1073 5299 1304 5349 venenunmmae
1320 5289 1443 5346 lusiam
1451 5288 1629 5347 seminarium
1640 5288 1746 5355 effudit,

100 5376 184 5457 fles
195 5373 511 5455 praelumidum
522 5381 551 5434 et
560 5376 734 5459 iiliosregam
742 5392 824 5453 reges
836 5390 898 5437 esse
956 5378 1053 5437 disens
1068 5399 1075 5438 :
1092 5382 1181 5440 Eritis
1193 5379 1317 5439 steutdti
1332 5380 1416 5452 (deut
1427 5388 1469 5451 ur,
1484 5378 1522 5451 tl).
1536 5379 1578 5436 'ln
1596 5392 1715 5453 quoqne,
1730 5393 1747 5434 o

101 5467 173 5551 'lonis
190 5466 319 5528 sumit
338 5462 531 5526 vennianus
552 5465 618 5539 quid
635 5466 688 5526 slbt
709 5464 767 5529 vait
789 5466 898 5545 quode
957 5467 1050 5539 homo,
1065 5470 1088 5528 sl
1101 5470 1179 5532 mdes
1194 5468 1294 5540 iurem,
1312 5468 1474 5531 minaeum
1489 5480 1533 5527 eo.
1547 5465 1680 5535 tadeus,
1695 5466 1746 5523 irn-
