3734 5948
48 234 106 297 ⁴69

519 230 554 293 lfl
573 225 675 293 FESTO
687 228 817 293 uhhluh
836 229 1034 295 smctouuh
1054 231 1164 297 SBRMO
1183 233 1230 298 111.

1650 239 1705 303 tlh

50 363 142 420 bitant
164 361 191 418 in
210 362 291 419 domo
313 368 382 424 tua,
403 357 528 418 Domine.
548 359 664 416 Laetatua
681 374 741 415 sum
769 358 851 430 plano
866 371 891 452 st
906 358 1031 417 dilatatur
1055 359 1175 433 penitus,
1190 370 1220 418 ut
1235 379 1286 420 nec
1300 363 1413 419 minima
1437 364 1547 438 quidem
1566 383 1635 441 ruga
1660 369 1704 424 in-

51 453 83 508 in
107 452 150 508 bis
175 466 236 523 quae
255 449 327 504 diota
354 455 417 503 sunt
439 448 514 516 mili,
542 447 652 513 fratres,
672 447 801 519 quoniam
824 447 851 502 iu
904 451 1027 506 veniatur
1048 451 1125 507 inea
1146 469 1154 508 ε
1177 459 1240 510 tunc
1263 454 1322 509 sine
1342 453 1435 519 dubio,
1454 455 1563 527 quando
1583 458 1641 528 jam
1662 474 1707 514 se-

38 543 168 598 -domum
182 537 292 595 Domini
309 537 418 594 ibimus.
435 536 513 606 Quod
534 537 556 594 si
574 536 707 609 queritis,
725 537 796 593 unde
824 535 852 591 id

45 639 111 687 ‘tam
125 628 284 685 fiducialiter
299 641 460 699 praesumam
476 644 484 681 :
501 627 564 683 inde
591 627 650 682 siue
664 625 758 694 dubio,
779 626 855 698 quod

51 722 112 792 jam
141 719 218 775 multi
241 733 274 773 err
293 716 373 772 nobis
394 717 422 770 in
450 716 524 770 atriis
558 723 640 782 stent,
664 720 856 785 exspectantes

56 811 147 866 donec
171 808 304 879 recipiant
321 821 436 877 corpora
456 822 517 871 sna,
538 805 625 861 donec
645 804 786 875 impleatur
801 821 854 860 nu-

56 914 150 955 merus
168 896 290 953 fratrum.
308 897 339 951 ln
363 895 436 950 illam
450 897 521 951 enim
537 894 720 950 beatissimam
742 894 856 950 domum

56 1004 110 1046 neo
125 988 184 1044 sine
201 985 281 1042 nohis
295 986 442 1049 intrabunt,
458 999 508 1040 nec
527 984 587 1040 sine
608 983 771 1053 corporibus
785 982 854 1051 suis,

53 1078 84 1134 id
103 1087 145 1132 est
159 1092 208 1132 nec
222 1076 309 1130 sancti
325 1075 383 1128 sine
399 1073 488 1145 plebe,
504 1087 557 1129 nec
571 1072 683 1144 spiritus
696 1072 853 1128 sineoarue.

55 1168 153 1238 Neque
168 1165 239 1221 enim
261 1165 383 1235 praestari
405 1161 482 1219 decet
498 1163 632 1238 integram
651 1162 853 1227 beatitudinem,

52 1255 142 1311 donec
157 1254 191 1309 sit
210 1254 291 1309 horno
314 1252 421 1323 integer
438 1250 481 1306 cui
507 1251 601 1316 detur;
624 1266 674 1306 nec
689 1250 855 1322 perfectione

52 1344 151 1401 donari
179 1343 328 1400 Ecclesiam
351 1340 546 1411 imperfectam.
567 1341 712 1412 Propterea
733 1356 796 1395 cum
811 1355 854 1396 re·

54 1432 258 1490 surrectionem
293 1439 450 1501 expeterent
475 1444 632 1500 corporum,
664 1430 735 1486 siout
765 1429 855 1500 priore

53 1537 180 1580 sermone
191 1523 248 1593 jam
266 1520 392 1585 diximus,
409 1528 571 1591 acceperunt
583 1519 707 1575 divinum
739 1534 854 1588 respon-

55 1629 127 1679 sum,
144 1612 260 1668 diceus:
281 1610 424 1668 Sustinete
451 1608 595 1666 modicum
623 1614 747 1682 tempus,
768 1609 855 1665 doceo

56 1704 234 1775 complentur
246 1716 385 1758 uumerus
395 1702 522 1770 fratrom
536 1702 694 1757 uestrorum
713 1697 807 1771 (Apoc.
815 1712 854 1767 vr,

59 1794 116 1864 ll).
133 1793 307 1862 deceperunt
335 1797 424 1846 tamen
453 1793 510 1861 jam
534 1788 656 1861 singulas
681 1787 780 1854 stolas;
809 1787 856 1842 scd

56 1881 273 1940 nonvestientur
284 1878 448 1949 duplicibus,
469 1880 555 1935 donec
576 1877 723 1934 vestiamur
738 1883 765 1932 et
779 1891 830 1933 nos
848 1890 854 1931 :

56 1971 196 2046 quomodo
208 1969 242 2024 de
256 1968 416 2039 patriarchis
436 1977 463 2024 et
481 1968 515 2023 de
532 1966 670 2039 prophetis
684 1965 721 2022 ait
736 1964 856 2037 Aposto-

58 2061 116 2116 lus:
125 2062 181 2117 Deo
191 2057 292 2114 melius
302 2056 410 2128 aliquid
419 2056 587 2128 providente
597 2070 647 2127 pro
657 2053 782 2124 nobique
793 2069 851 2110 uon

58 2147 213 2203 sacertodis
228 2148 497 2201 consummarentur
522 2142 611 2212 (Hebr.
642 2157 683 2211 xr,
701 2141 757 2212 lo).
784 2140 857 2198 Stola

59 2236 132 2290 enim
149 2235 237 2306 prima
260 2233 319 2306 ipsa
349 2241 399 2300 est,
428 2248 509 2304 quarn
536 2230 664 2301 diximus,
690 2230 809 2286 felicitas
828 2237 856 2286 et

57 2325 170 2397 requies
185 2322 333 2379 animarum
351 2337 357 2375 :
378 2321 496 2378 secunda
524 2336 589 2377 uero
613 2320 802 2375 immortalitas
830 2326 857 2374 et

57 2413 146 2489 gloria
159 2428 316 2485 corporum.
328 2412 405 2469 Unde
420 2418 447 2465 et
457 2410 549 2467 dicunt
564 2427 571 2465 ε
593 2410 719 2475 Vindice,
738 2410 857 2467 Domine

58 2496 854 2578 sonpuiuamaonotorumtuorumquiessuiuscstfrlpoc.

59 2609 98 2661 rr,
116 2593 175 2664 lo),
193 2607 247 2648 non
262 2601 388 2661 tauquam
404 2589 530 2645 vindictae
557 2587 658 2658 cupidi,
678 2601 729 2643 nec
748 2585 856 2656 depro-

60 2685 127 2756 priae
145 2679 255 2737 ultionis
276 2679 350 2745 zelo;
365 2678 411 2733 sed
433 2694 465 2733 ex
490 2676 624 2732 desiderio
648 2673 857 2731 resurrectionis

60 2781 89 2829 et
101 2770 304 2845 glorificationis
320 2783 465 2840 corporum
481 2781 608 2833 suorum,
630 2779 711 2837 quam
726 2763 854 2819 nimirum

60 2876 148 2934 usque
162 2860 190 2914 iu
203 2859 275 2915 diem
289 2857 383 2928 judicii
398 2855 645 2911 differendamesse
659 2853 854 2909 nonduhitant.

907 547 1025 610 quentur
1037 540 1142 611 rignum
1160 558 1321 616 quocunque
1337 544 1407 604 ierit.
1423 543 1493 600 Vere
1509 544 1581 601 enirn
1597 548 1709 605 extendi

910 634 936 682 et
950 628 1055 684 dilatari
1071 646 1178 686 necesse
1193 638 1235 686 est
1249 631 1362 698 animas,
1373 632 1471 705 quibus
1485 633 1576 706 utique
1593 651 1708 707 sequen·

909 714 960 770 dus
969 728 1008 773 est
1017 717 1182 791 dgnusouo
1193 720 1266 775 enim
1274 720 1364 776 vadit?
1374 721 1489 794 Attingit
1499 721 1619 791 profecto
1629 741 1645 779 a
1655 724 1708 781 fine

908 806 1045 877 usquead
1064 807 1144 863 finem
1160 809 1275 876 fortiter,
1292 820 1319 866 et
1334 811 1454 879 disponit
1473 813 1563 868 omnia
1577 814 1706 870 suaviter.

945 899 971 953 3.
988 896 1034 951 Vis
1047 897 1135 954 adhuc
1149 914 1229 954 nosse
1244 915 1297 970 quo
1312 909 1354 955 eat
1368 900 1474 974 Agnus,
1486 910 1513 957 et
1527 918 1582 975 quo
1595 919 1707 961 necesse

909 985 1026 1041 habeant
1048 989 1132 1041 heatae
1152 987 1249 1043 animae
1271 988 1347 1058 sequi
1362 991 1447 1046 eumf
1470 992 1502 1046 lu
1516 992 1645 1050 omnibus
1659 1010 1707 1050 re·

909 1077 1001 1146 quiem
1016 1077 1132 1147 quoesior'
1147 1075 1244 1148 (Ecoli.
1260 1093 1343 1148 xnrv,
1360 1079 1414 1149 ll).
1428 1082 1490 1136 Haec
1504 1092 1546 1135 est
1567 1082 1647 1151 plane
1662 1099 1707 1138 re·

908 1163 986 1234 quies
998 1164 1118 1231 Domini,
1130 1180 1185 1221 non
1195 1167 1328 1237 intercisa,
1339 1182 1393 1223 non
1407 1169 1477 1226 circa
1492 1169 1593 1242 aliquid
1603 1179 1708 1228 certum

909 1253 1045 1319 restricta;
1062 1255 1189 1327 quoniam
1210 1257 1237 1311 in
1256 1256 1383 1313 omnibus
1407 1259 1515 1332 gaudet,
1531 1261 1559 1315 in
1583 1262 1709 1317 omnibus

908 1343 1065 1411 delectatur,
1091 1346 1117 1400 iu
1146 1345 1271 1401 omnibus
1296 1347 1417 1418 requiem
1439 1349 1546 1420 quaerit,
1576 1361 1603 1407 ct
1630 1352 1708 1407 inve·

909 1432 958 1489 nit.
973 1433 1040 1488 Nam
1065 1444 1090 1489 et
1111 1435 1182 1490 bona
1199 1435 1225 1490 ei
1247 1435 1353 1507 placent
1371 1437 1399 1492 in
1420 1437 1528 1511 seipsis,
1545 1447 1572 1496 et
1594 1440 1708 1497 delecta·

909 1530 953 1578 tur
976 1523 1152 1579 nihilomiuus
1170 1525 1241 1580 hona
1263 1525 1434 1584 ordinatione
1452 1527 1598 1586 malornm.
1616 1529 1710 1604 Diligit

911 1611 1123 1668 misericordiam
1139 1622 1166 1667 et
1181 1613 1313 1683 judicium
1330 1631 1336 1672 :
1353 1631 1404 1672 uec
1428 1616 1508 1674 ruodo
1527 1617 1555 1672 in
1573 1619 1709 1675 bonorum

911 1699 997 1775 gloria
1016 1700 1068 1756 sibi
1092 1700 1253 1773 complacet,
1272 1702 1319 1757 sed
1342 1701 1369 1757 iu
1389 1703 1455 1775 ipsis
1474 1719 1594 1777 qnoque,
1614 1714 1709 1778 utpote

908 1788 999 1860 justis,
1015 1789 1157 1862 suppliciis
1170 1790 1327 1862 impiorum.
1339 1791 1410 1860 Quid
1425 1792 1512 1867 ergo?
1526 1803 1649 1865 putasne,
1665 1811 1710 1866 po-

910 1878 974 1934 terit
988 1880 1103 1935 humana
1116 1879 1206 1935 anima
1227 1880 1256 1935 in
1274 1881 1326 1937 hoc
1340 1881 1471 1953 gaudium
1488 1884 1595 1940 Domini
1614 1886 1667 1952 sni,
1684 1894 1711 1942 et

911 1967 939 2023 in
953 1968 1023 2024 hanc
1038 1969 1098 2039 ejus
1111 1969 1232 2041 requiem
1255 1968 1366 2036 intrare,
1383 1979 1412 2026 ut
1436 1980 1463 2026 ct
1477 1971 1536 2042 ipsa
1555 1987 1663 2045 quoque
1681 1973 1710 2029 in

911 2058 1036 2115 omuibus
1058 2058 1218 2127 delectetnr;
1239 2075 1289 2116 nec
1311 2058 1399 2131 aliqua
1420 2061 1476 2130 jam
1496 2061 1600 2132 privata
1621 2061 1710 2118 affec·

911 2147 984 2204 hone
998 2149 1173 2205 contrahatur
1188 2149 1215 2204 iu
1225 2164 1331 2222 rugam,
1344 2148 1391 2206 sed
1408 2157 1525 2205 trauseat
1537 2150 1565 2206 in
1582 2150 1709 2208 affectum

910 2236 1055 2311 quemdam
1080 2237 1233 2311 generalem
1252 2244 1332 2310 atque
1356 2237 1503 2294 divinum‘l
1525 2240 1628 2295 Poterit
1651 2241 1710 2297 sine

911 2328 1003 2390 dnbio,
1019 2326 1043 2382 si
1058 2325 1144 2382 fidelis
1169 2326 1325 2383 inveniatur
1344 2342 1425 2397 snper
1444 2343 1538 2401 pauca,
1556 2345 1617 2401 quae
1632 2345 1709 2387 acce-

912 2417 950 2487 pit
964 2415 1066 2471 militiae
1084 2431 1140 2470 suae
1162 2423 1294 2486 tempore,
1312 2416 1338 2470 id
1358 2425 1407 2483 est,
1423 2433 1508 2488 super
1530 2426 1615 2488 artus,
1629 2434 1711 2490 super

912 2521 1019 2575 sensus,
1034 2521 1116 2578 super
1131 2505 1269 2577 appetitus
1292 2520 1367 2577 suos,
1382 2521 1451 2578 quos
1473 2508 1592 2580 suscepit
1609 2524 1709 2581 regen-

911 2590 1047 2662 dos,utin
1063 2591 1105 2647 his
1119 2592 1260 2664 probetur,
1276 2608 1355 2664 quam
1370 2592 1460 2649 fidelis
1472 2593 1505 2648 sit
1520 2594 1636 2650 Domino
1648 2610 1709 2651 suo.

912 2680 983 2737 Sciat
1003 2679 1083 2753 igitur
1106 2697 1204 2738 servus
1226 2682 1326 2739 Christi
1347 2698 1396 2740 vas
1421 2697 1502 2738 suum
1521 2683 1660 2754 possidere
1682 2685 1711 2739 in

911 2769 1133 2841 sanctificatione,
1149 2768 1282 2841 glorificet
1302 2779 1328 2827 et
1347 2778 1437 2842 portet
1452 2771 1537 2827 Deum
1553 2773 1582 2826 in
1599 2788 1712 2843 corpore

911 2874 981 2916 suo:
998 2875 1049 2915 nco
1063 2859 1173 2915 dubium
1184 2860 1248 2931 quin
1260 2859 1366 2916 fidelem
1381 2861 1408 2916 in
1423 2859 1530 2917 modico
1545 2877 1654 2918 servum
1665 2879 1713 2919 sn·

96 2955 124 3007 2.
136 2949 188 3007 Sed
203 2948 276 3006 unde
289 2949 341 3003 hoc
365 2945 425 3012 tibi,
441 2959 457 3000 o
482 2945 582 3001 misera
600 2959 674 3013 caro,
699 2959 716 3000 o
735 2941 816 3011 freda,
840 2954 859 2998 ‘o
874 2936 896 3016 Β
912 2963 960 3021 pra
974 2947 1059 3003 multa
1072 2947 1220 3004 constituat
1234 2947 1365 3004 Dominus
1383 2948 1501 3004 liberalis
1518 2958 1546 3006 et
1564 2949 1648 3007 dives.
1664 2950 1712 3007 Su·

61 3040 155 3110 fetida,
170 3037 242 3094 unde
263 3036 310 3093 tibi
325 3037 395 3104 hoc;
412 3033 517 3090 Animae
536 3044 647 3102 sancta,
662 3048 729 3104 quas
749 3031 858 3103 propria
913 3053 961 3109 pra
980 3037 1063 3092 multa
1077 3036 1166 3109 plane,
1182 3036 1309 3110 quoniam
1328 3037 1473 3093 constituet
1488 3053 1549 3092 eum
1569 3038 1711 3093 dominnm

60 3133 134 3187 Dens
158 3127 299 3201 insignivit
323 3125 451 3197 imagine,
474 3132 502 3178 te
525 3121 699 3187 desiderauit
726 3136 794 3193 quai
814 3136 858 3175 le·
910 3127 1091 3193 domussuae,
1107 3133 1134 3180 et
1159 3125 1310 3196 principem
1325 3123 1415 3181 omnis
1438 3125 1617 3196 possessionis
1643 3144 1710 3183 suae.

59 3219 145 3278 demit
163 3217 274 3290 proprio
290 3213 430 3286 sanguine,
448 3225 473 3270 te
488 3219 668 3284 exspectant:
694 3219 721 3266 et
739 3210 859 3283 ipsarum
911 3216 1007 3286 Neque
1033 3213 1060 3268 id
1087 3214 1165 3270 vohis
1192 3213 1352 3269 incredibile
1380 3213 1505 3272 videatur
1528 3213 1634 3281 fratres,
1652 3223 1712 3271 tan-

61 3310 121 3366 sine
143 3318 170 3364 te
186 3305 305 3377 comperi
324 3301 437 3360 toan
458 3301 560 3367 laetitia,
576 3301 669 3370 perfici
683 3299 779 3372 gloria,
796 3313 859 3355 con·
911 3319 995 3377 quam
1017 3319 1033 3358 a
1057 3303 1160 3372 meipso
1184 3301 1212 3356 id
1234 3300 1329 3373 loquar
1348 3319 1354 3356 :
1375 3301 1504 3373 quoniam
1524 3301 1630 3357 Veritas
1653 3304 1712 3373 ipsa

59 3396 187 3455 summari
206 3396 345 3451 beatitudo
358 3408 413 3448 uon
427 3399 527 3464 potest.
548 3390 623 3447 Adeo
635 3389 770 3462 siquidem
785 3388 860 3461 viget
912 3391 1052 3448 manifeste
1065 3391 1092 3448 id
1115 3391 1268 3464 pollicetur,
1284 3391 1361 3461 cujus
1377 3393 1411 3447 de
1427 3390 1605 3463 promissione
1620 3392 1711 3449 omui·

60 3490 87 3544 in
109 3488 149 3544 eis
173 3484 339 3543 desiderium
362 3483 415 3538 hoc
438 3479 576 3549 naturale,
600 3488 631 3535 nt
653 3480 769 3535 necdum
804 3487 859 3534 tota
913 3497 948 3537 no
963 3481 1084 3537 dubitare
1098 3481 1240 3538 nonlicet.
1254 3483 1365 3544 Beatus,
1382 3480 1429 3546 ait,
1445 3497 1541 3538 seruos
1554 3482 1616 3552 tlte,
1632 3497 1713 3556 quem

59 3593 154 3633 earum
171 3573 277 3630 affectio
287 3573 373 3628 libere
384 3579 480 3643 pergat
494 3569 522 3624 in
532 3570 629 3635 Deum,
650 3569 699 3624 aed
717 3568 859 3624 contraha-
912 3588 977 3628 eum
991 3571 1101 3627 uenerat
1112 3571 1246 3627 Dominus
1256 3572 1327 3642 ejus,
1337 3572 1478 3627 seruauerat
1491 3571 1531 3626 sio
1545 3573 1712 3641 sociantem.

63 3677 104 3723 tur
120 3664 239 3740 quodam
253 3662 345 3728 modo,
361 3669 387 3716 et
397 3675 492 3734 rugam
509 3657 604 3738 faciat,
615 3658 681 3713 dnm
695 3656 860 3712 inclinantur
912 3663 1001 3718 Amen
1023 3660 1086 3716 dico
1105 3659 1340 3731 achimoeniam
1358 3674 1442 3730 super
1460 3660 1557 3715 omnio
1575 3659 1714 3717 bonosus
1769 3726 1770 3734 χ

60 3753 197 3813 desiderio
215 3752 268 3808 tni.
294 3751 373 3807 llude
399 3756 427 3805 et
448 3748 544 3804 heatus
563 3746 692 3811 loannes,
709 3745 755 3817 qui
775 3744 859 3800 multa
912 3751 1068 3807 constituet
1083 3763 1148 3804 eum
1162 3747 1273 3816 (Marcu,
1288 3763 1362 3810 inu,
1378 3748 1424 3813 46,
1440 3748 1496 3817 47),
1511 3747 1585 3802 Tunc
1599 3748 1671 3803 enim
1684 3747 1714 3801 fi.

59 3846 139 3903 nobis
153 3843 187 3899 de
197 3857 230 3899 eo
249 3850 329 3906 statu,
345 3840 373 3895 iu
386 3855 440 3912 quo
456 3836 570 3893 feliciter
588 3838 672 3894 beatae
695 3834 790 3890 animae
813 3849 858 3890 re·
913 3834 981 3890 delis
996 3848 1090 3889 servus
1113 3829 1285 3888 constituitur
1306 3845 1388 3900 super
1409 3829 1499 3886 omnia
1518 3830 1591 3886 bona
1604 3831 1713 3888 Domini

58 3934 215 4009 quiescunt,
240 3947 291 4004 per
314 3930 444 4001 Spiritum
470 3927 625 3983 reseravit:
646 3926 712 3982 Siue
733 3923 858 3996 mocula,
913 3921 969 3994 sui,
985 3936 1046 3977 cum
1060 3918 1090 3975 in
1112 3918 1242 3992 gaudium
1264 3919 1325 3990 eius
1344 3928 1463 3974 meretur
1483 3919 1592 3986 intrare,
1608 3929 1714 3976 etcum

58 4024 159 4098 inquit,
175 4038 243 4079 rous
257 4025 325 4076 unte
340 4020 475 4075 thronum
489 4016 540 4073 Dei
553 4015 648 4088 (apoc.
665 4029 727 4081 xiv,
743 4013 781 4085 ὅ),
794 4011 858 4068 Sine
914 4029 947 4069 eo
961 4013 1088 4079 deinceps
1102 4008 1187 4064 laetari
1205 4008 1233 4063 in
1253 4006 1398 4074 universis,
1415 4007 1441 4063 iu
1462 4009 1566 4065 cunctis
1580 4008 1712 4080 pudere,

57 4113 175 4178 macula,
204 4111 324 4182 inquam,
355 4106 403 4164 sed
429 4105 544 4162 necdum
572 4104 631 4161 sine
658 4118 741 4178 ruga,
768 4102 855 4158 donec
912 4102 940 4158 iu
968 4100 1093 4158 omnibus
1120 4098 1257 4153 delectari.
1286 4098 1392 4153 Etenim
1419 4100 1470 4171 qut
1495 4098 1620 4155 uoueret
1647 4100 1712 4169 Deo,

58 4205 153 4260 veniat
167 4200 233 4267 dice,
249 4214 310 4255 cum
333 4196 386 4251 sihi
407 4193 554 4270 gloriosam
576 4192 698 4250 Christus
722 4190 858 4249 exlribebit
913 4191 1043 4264 Apostolo
1054 4197 1132 4257 teste,
1143 4184 1641 4260 unuscomcoepirituscsfioiturff
1649 4185 1712 4252 Cor,

57 4289 219 4355 Ecclesiam,
237 4304 292 4345 non
309 4287 453 4342 habentem
477 4283 621 4353 maculam,
641 4298 730 4354 neque
750 4297 856 4354 rugam,
890 4298 893 4302 ·
913 4298 953 4349 vr,
971 4281 1030 4354 tl),
1047 4287 1074 4336 ct
1097 4278 1221 4335 voluntas
1243 4277 1303 4348 ejus
1325 4277 1435 4333 omnino
1458 4274 1556 4330 divinae
1574 4272 1715 4328 adhaerens

58 4383 88 4438 ln
105 4379 149 4435 his
163 4393 278 4450 namque
292 4375 337 4447 qni
357 4373 445 4430 adbuc
460 4373 585 4441 militant,
602 4387 653 4427 nec
676 4371 735 4427 sine
755 4371 860 4427 macula
912 4370 1042 4430 voluntati
1058 4368 1087 4423 lit
1105 4385 1158 4424 una
1175 4384 1237 4424 curn
1259 4383 1301 4437 ea,
1317 4376 1347 4424 ut
1365 4365 1432 4421 nihil
1450 4368 1516 4434 jarn,
1532 4364 1605 4432 quod
1620 4372 1715 4421 contra

57 4470 173 4545 quidem
200 4466 323 4523 Ecclesia
351 4472 412 4530 est3
438 4462 567 4535 quoniam
595 4477 675 4517 nemo
699 4461 817 4516 mundus
843 4475 860 4515 a
913 4477 973 4516 eam
988 4461 1031 4528 sit,
1046 4458 1198 4514 inveniatur
1219 4456 1246 4511 iu
1268 4456 1395 4511 omnihus
1418 4454 1564 4522 creaturis;
1580 4454 1628 4512 sed
1647 4455 1713 4510 uni-

58 4559 141 4615 sorde
165 4572 216 4613 nec
241 4555 341 4621 infans,
368 4554 447 4624 cujus
471 4558 511 4607 est
530 4551 612 4608 unius
629 4549 684 4605 diei
701 4550 756 4606 vita
779 4564 861 4619 snper
912 4565 990 4607 uersa
1004 4548 1078 4614 fiant,
1091 4546 1133 4603 vel
1149 4544 1236 4616 magis
1254 4554 1379 4606 maneant
1394 4558 1442 4613 pro
1462 4545 1521 4612 ejus
1535 4542 1660 4600 arbitrio.

60 4657 163 4705 terram
180 4664 186 4699 ε
202 4661 283 4716 quam
307 4642 402 4716 ntique
427 4641 509 4698 vitam
538 4640 634 4695 beatus
662 4640 712 4695 lob
737 4638 861 4695 militiam
950 4639 976 4693 h.
992 4637 1056 4693 Haec
1068 4643 1109 4691 est
1124 4649 1189 4706 ergo
1203 4634 1282 4689 beata
1296 4647 1372 4704 spes,
1390 4648 1471 4705 quam
1487 4639 1644 4703 exspectant
1656 4631 1716 4686 ani-

59 4752 123 4794 csse
152 4742 266 4792 testatur
289 4733 358 4804 (lob.
380 4746 431 4800 vrr,
455 4731 492 4800 l).
520 4730 549 4784 ln
577 4729 621 4784 his
647 4742 713 4786 uero
736 4727 782 4800 qui
810 4727 861 4783 snb
916 4744 967 4783 mae
981 4734 1081 4784 sanctae
1098 4741 1105 4779 :
1121 4723 1222 4779 etlioet
1244 4722 1270 4778 in
1285 4722 1432 4795 gratiarum
1453 4719 1557 4778 actione
1573 4728 1717 4777 versentur

59 4826 145 4883 altare
159 4823 266 4881 Domini
282 4821 467 4895 requiescunt,
480 4819 539 4889 jarn
552 4817 662 4889 quidem
675 4817 735 4872 aine
754 4817 862 4873 macula
916 4833 964 4889 pro
978 4833 1008 4873 ea
1023 4812 1158 4879 felicitate,
1170 4813 1197 4867 in
1211 4828 1290 4884 quarn
1303 4812 1359 4882 jam
1375 4809 1659 4883 requiescnut3adhuc
1674 4818 1715 4864 ta·

60 4923 102 4974 est
115 4914 244 4981 Ecclesia,
262 4912 331 4968 siout
349 4912 436 4967 habes
457 4907 485 4965 in
501 4907 607 4979 psalmo
624 4925 631 4961 ε
647 4906 775 4974 Domine,
799 4906 862 4980 quis
914 4923 976 4965 meu
991 4912 1070 4962 orant
1089 4912 1116 4959 et
1137 4902 1251 4958 clamant
1270 4900 1304 4957 ad
1318 4900 1404 4956 Deum
1427 4915 1475 4972 pro
1494 4915 1527 4954 ea
1544 4913 1716 4955 consumma-

61 5004 201 5063 bobitahit
215 5004 247 5058 iu
258 5000 440 5059 tabernaculo
448 5004 495 5057 tuo
507 4997 520 5051 f
530 5001 584 5053 out
594 4996 658 5069 quis
664 4997 818 5071 requiescet
829 4997 861 5051 iro
914 4997 999 5063 tione,
1011 5010 1092 5067 quam
1107 4989 1304 5065 praestolantur.
1323 4989 1401 5046 Unde
1415 4986 1642 5061 quemadmodum
1656 4988 1717 5043 sine

59 5097 159 5154 moute
183 5097 281 5148 sarecto
307 5089 380 5148 tuo?
406 5089 460 5158 Qui
482 5085 654 5159 ingreditur,
678 5084 776 5156 inquit,
798 5083 859 5141 sine
915 5084 1020 5142 macula
1040 5081 1150 5155 quidem
1173 5078 1321 5143 vetustatis,
1338 5078 1383 5134 sed
1407 5093 1462 5132 non
1485 5077 1543 5132 sine
1564 5091 1631 5151 ruga
1650 5091 1717 5133 con·

27 5195 32 5203 '
59 5181 177 5241 mocula
197 5182 285 5250 (Pscl.
310 5195 368 5244 xrv,
388 5183 413 5243 l,
439 5181 474 5233 hl.
501 5176 550 5231 llic
575 5189 642 5247 ergo
662 5173 811 5245 requiescet
834 5171 863 5227 in
915 5170 1058 5229 fractionis
1072 5183 1118 5223 eas
1130 5165 1248 5221 diximus
1271 5180 1346 5235 esse3
1362 5164 1449 5219 sicud
1465 5162 1611 5235 gratiarum
1630 5162 1717 5216 actio-

61 5282 154 5329 moute
176 5269 296 5339 Domini,
324 5268 370 5340 qui
395 5266 547 5340 ingreditur
569 5265 629 5320 sine
657 5262 763 5318 macula
789 5261 863 5332 :qui
917 5258 1045 5329 nemjam
1060 5254 1214 5329 pervenisse
1232 5253 1367 5321 videntur,
1384 5251 1430 5306 sed
1445 5252 1560 5308 necdum
1575 5250 1610 5305 ad
1625 5264 1718 5307 vocem

61 5377 130 5420 vero
159 5359 242 5416 fuerit
260 5357 319 5414 sine
338 5372 417 5430 ruga,
442 5353 600 5411 exaltabitur
622 5368 705 5425 snpra
733 5358 862 5410 montem.
917 5337 1720 5420 laudis3quoniamperfoctum1⁰85perfecloslaudare

62 5451 116 5509 Sed
140 5450 164 5506 si
187 5449 230 5511 vis
251 5447 324 5505 scire
351 5446 461 5520 quando
490 5454 571 5502 erunt
594 5443 653 5500 sine
678 5457 747 5515 ruga
762 5439 862 5498 animae
918 5439 1003 5502 decet,
1016 5443 1045 5492 ut
1068 5434 1194 5492 laudetur
1215 5449 1277 5491 cum
1300 5431 1457 5491 hereditate
1471 5445 1529 5497 sua,
1544 5427 1720 5501 quandojarn

63 5547 175 5607 unctae,
191 5536 302 5612 quando
320 5534 500 5594 extendantur
514 5533 577 5592 coeli
600 5532 672 5592 nictu
690 5529 779 5605 pellis,
803 5543 864 5599 quae
917 5534 944 5586 et
961 5525 1014 5599 ipsi
1027 5522 1175 5582 laudabunt
1189 5538 1265 5592 eum,
1281 5530 1309 5584 et
1323 5521 1373 5581 erit
1387 5519 1537 5591 unicuique
1550 5518 1608 5576 lans
1622 5533 1638 5574 a
1651 5517 1722 5574 Deo·
