3734 5948
610 216 781 280 scultellas
800 218 844 279 llll
864 217 1025 278 niveusts.
1583 210 1637 271 7‘2‘3

83 353 172 396 cens:
189 341 219 395 fn
234 341 375 413 judiciam
399 360 446 414 epo
468 345 532 400 ueni
555 347 586 400 io
606 345 679 402 hune
698 363 785 404 mun·
801 360 824 437 Α
842 351 973 419 quantum
992 343 1026 397 ab
1050 342 1108 411 ipsa
1131 341 1231 395 virtute
1251 338 1376 410 edinvor,
1393 338 1545 395 ostendere.
1561 338 1638 395 Sient

85 432 119 484 uf
132 431 182 500 qui
191 444 248 485 cort
264 429 358 487 uideat
374 431 496 493 uideant.
509 437 595 505 etqui
608 435 705 490 videret
718 452 786 493 creet
844 443 931 490 eutem
956 430 1080 502 superius
1102 429 1156 485 dixi
1178 428 1285 501 gemina
1308 443 1369 483 esse
1392 427 1511 482 veritatis
1522 427 1634 495 judicia,

87 517 179 584 (foca.
205 532 244 584 tx,
269 519 326 588 39).
351 520 497 590 Utrumque
524 532 612 576 autem
648 523 787 592 dicernit,
843 519 1025 594 quiaseilieet
1048 517 1228 574 determinant
1250 516 1315 587 quid
1341 516 1428 582 liceat,
1444 515 1566 587 velquid
1581 531 1636 571 uon

83 603 143 659 item
178 605 275 660 dicit:
308 609 341 661 ut
379 608 461 662 leont
498 608 528 663 ta·
554 611 586 664 iu
613 612 788 683 supplicium
843 613 934 678 lieent3
950 608 1041 664 itidem
1056 604 1196 678 sapientiae
1218 605 1282 671 duo,
1298 603 1352 659 hoe
1365 613 1406 661 est
1419 601 1484 675 quid
1498 603 1634 674 expediat.

83 708 154 758 um;
183 695 260 763 ¹fruti
303 699 418 758 (autern,
458 697 488 751 in
526 699 613 753 uitam
649 704 788 757 eternam
842 700 881 757 vel
894 699 959 771 quid
983 713 1037 754 non
1061 695 1186 768 expediat
1210 713 1216 748 :
1241 697 1276 749 ite
1299 702 1327 750 et
1350 693 1393 749 hie
1412 707 1590 767 agnoscamus
1603 697 1636 751 de

83 783 103 838 l·
118 797 188 835 m·
206 784 261 850 lssl·
841 790 915 845 fonte
942 786 1049 842 virtutis
1084 783 1248 839 hauriendas
1284 781 1406 852 duplices
1443 782 1630 851 praesidiorum

83 870 97 923 li
122 869 237 923 vidruius
259 875 396 942 quomodo
418 874 450 928 de
474 874 548 929 fonte
572 876 691 930 veritatis
715 878 785 934 lrau-
840 892 933 949 aquas,
954 891 1016 947 quae
1028 873 1070 930 vel
1090 873 1202 927 abluant
1224 871 1325 928 clectos
1349 885 1364 924 a
1387 870 1483 940 culpis,
1498 870 1541 926 vel
1557 871 1635 926 refri-

82 972 95 1012 r
115 955 226 1025 judicia.
250 959 387 1014 videamus
415 965 552 1031 quomodo
580 964 614 1017 de
642 964 714 1022 fonte
740 983 785 1020 sa·
839 964 975 1038 gerentin
1000 962 1151 1018 tormentis.
1179 963 1219 1015 De
1234 959 1357 1030 utrisque
1380 973 1520 1014 sumamus
1538 974 1633 1014 exem-

83 1046 298 1118 epropiueutur
321 1050 443 1104 consilia.
459 1050 526 1120 Quis
545 1053 650 1110 dubitet
672 1066 783 1127 aposto·
841 1053 924 1123 plum.
954 1051 1047 1107 Refert
1085 1049 1170 1104 lucas
1205 1046 1380 1118 evengelista,
1409 1046 1482 1116 quod
1507 1047 1633 1118 quaedem

83 1136 183 1191 ’aulum
205 1153 265 1191 essa
288 1140 449 1209 sapientem,
469 1156 528 1196 eum
553 1153 580 1195 et
607 1145 700 1199 Petrus
725 1147 785 1216 ejus
839 1140 943 1207 mulier,
959 1155 1020 1210 quae
1043 1137 1144 1193 fluxum
1172 1135 1313 1206 sanguinis
1338 1134 1498 1205 patiebatur,
1524 1145 1634 1207 erogata

83 1223 161 1278 ruilus
188 1224 348 1294 sapientiam
376 1227 399 1281 ei
427 1228 517 1282 datam
540 1246 600 1286 esse
621 1240 724 1287 astruat
748 1235 785 1302 (ff
838 1229 865 1283 iu
893 1226 1015 1284 medicos
1038 1235 1107 1283 tota,
1130 1224 1280 1280 substantia
1320 1240 1383 1279 eum
1410 1224 1520 1278 rninime
1546 1225 1632 1280 curari

86 1324 129 1376 tu,
147 1312 201 1379 te),
219 1321 245 1367 et
270 1313 390 1380 ejusdem
416 1317 528 1386 apostoli
558 1328 611 1375 tote
637 1321 782 1377 verborum
839 1316 978 1387 potuisset,
1002 1312 1144 1370 accesserit
1186 1321 1269 1382 retro,
1297 1318 1324 1365 et
1351 1311 1469 1384 tetigerit
1496 1310 1631 1366 fimbriam

88 1397 308 1471 nilaliudquam
324 1405 481 1472 sapientiam
504 1407 648 1463 redoleat?
664 1410 783 1466 Proferat
838 1403 990 1461 vestimenti
1028 1400 1148 1469 Domini,
1175 1408 1202 1455 et
1230 1399 1369 1458 confestim
1410 1399 1513 1457 steterit
1545 1399 1631 1455 fluxus

84 1486 205 1553 consilia,
223 1498 249 1543 et
274 1507 320 1561 per
346 1492 405 1560 ipsa
428 1508 477 1549 uos
496 1493 601 1567 doceat,
617 1497 681 1569 quid
700 1514 781 1569 pere-
837 1490 978 1565 sanguinis
1001 1509 1008 1545 ι
1029 1490 1120 1545 lesum
1144 1503 1207 1544 vero
1230 1487 1355 1543 dixisse:
1374 1489 1439 1556 Quis
1460 1502 1505 1542 me
1518 1488 1632 1560 tatuit?

84 1574 156 1632 tibus
178 1586 206 1631 et
228 1577 261 1630 ad
285 1579 419 1634 eoelestem
453 1586 566 1653 patriam
595 1585 782 1644 festinantibus
837 1576 1094 1651 Cumquediseipuli
1117 1575 1333 1648 responderent:
1355 1574 1451 1632 Turboe
1466 1580 1492 1631 te
1507 1591 1632 1647 eompre-

83 1664 174 1721 icelle
188 1667 352 1736 cirpiaidus,
366 1668 462 1739 inquit,
481 1679 656 1743 preceptum
667 1677 781 1732 Domini
835 1672 920 1724 munt
928 1671 957 1723 et
965 1666 1111 1738 afflictent,
1122 1670 1150 1721 et
1159 1665 1249 1720 dicis:
1264 1665 1330 1732 Ques
1343 1679 1389 1719 me
1400 1661 1513 1735 decipit?
1524 1678 1631 1718 rursum

83 1752 152 1822 abeo,
162 1756 420 1814 cormeiuaaaatem
429 1758 473 1827 ao,
482 1763 618 1832 tanquam
628 1765 783 1822 misericor·
836 1755 999 1826 recedisse:
1021 1755 1118 1826 felicit
1147 1769 1191 1809 me
1214 1754 1332 1825 aliquia
1352 1769 1421 1808 eam
1445 1757 1473 1807 ee
1496 1768 1543 1824 eoo
1567 1769 1631 1808 novt

83 1847 267 1900 moccense
281 1845 409 1911 Domino,
420 1852 453 1902 ut
463 1848 518 1902 sim
526 1849 629 1918 fidelis.
642 1853 781 1910 Existimo
835 1847 973 1903 virtutem
984 1843 1018 1900 de
1028 1859 1073 1901 me
1087 1845 1180 1899 exisse
1194 1840 1272 1912 (Lae.
1287 1855 1346 1907 vm,
1361 1842 1465 1910 felc).
1481 1840 1551 1896 Eece
1565 1856 1633 1912 ques

83 1931 780 2007 ncboteuvnessepropferlastantevnaeeesst'falem,
835 1947 918 2006 l(luas
939 1931 1055 2004 Pmssidll
1083 1929 1203 1986 halwil
1229 1929 1326 1985 munes
1351 1927 1385 1983 (¹⁰
1413 1927 1486 1983 f⁰¹¹l⁰
1514 1928 1629 1996 lifffllisv

83 2031 119 2072 tm
133 2016 237 2074 bonurn
251 2024 294 2075 est
309 2021 417 2078 inanimi
426 2025 466 2080 sie
479 2041 548 2094 esse,
564 2026 613 2082 hoe
626 2034 666 2082 est
680 2027 708 2083 in
724 2028 779 2086 vir-
835 2022 934 2094 quibus
948 2021 1037 2077 abluta
1057 2027 1097 2076 est
1117 2036 1133 2074 a
1156 2017 1289 2089 profluvio
1314 2015 1464 2088 sanguinis,
1481 2031 1540 2087 quae
1555 2015 1632 2071 nulla

84 2118 100 2160 e
122 2120 240 2159 manere.
267 2106 296 2161 Si
320 2107 354 2162 de
377 2110 528 2181 virginibus
545 2123 711 2184 praeceptum
730 2117 780 2171 ha·
835 2110 1001 2167 medicorum
1016 2115 1074 2165 arte
1094 2114 1199 2180 poterat
1222 2104 1324 2161 sanari.
1339 2103 1419 2173 Quod
1442 2104 1465 2159 si
1486 2102 1548 2175 quis
1562 2103 1631 2172 abji-

92 2189 128 2247 nil
152 2192 234 2260 aliud,
253 2211 332 2267 quam
359 2197 432 2267 quod
457 2199 659 2271 preciperetur,
674 2202 779 2260 liceret.
835 2198 896 2264 ciat,
911 2196 1045 2269 prolatum
1068 2193 1249 2252 testimonium
1273 2191 1339 2249 nihil
1363 2190 1396 2246 ad
1410 2207 1465 2246 rem
1489 2189 1630 2262 praesentis

85 2295 149 2335 vero
172 2295 232 2337 eum
262 2292 406 2357 utrumqne
428 2286 516 2352 liceat,
540 2287 583 2344 vel
605 2289 717 2357 nubere,
738 2291 780 2347 vel
835 2284 926 2357 operis
951 2283 1098 2357 pertinere,
1114 2299 1147 2338 eo
1177 2282 1250 2353 quod
1274 2281 1320 2337 illa
1343 2279 1437 2336 mulier
1460 2294 1630 2351 nequaquam

83 2366 172 2433 ubere,
188 2370 251 2439 quid
273 2373 490 2442 compendiosius
509 2374 562 2429 diei
584 2377 681 2446 potuit,
700 2394 780 2449 quam
835 2373 1000 2429 ablutaesse
1023 2371 1174 2428 videatnra
1196 2369 1294 2441 culpis,
1310 2369 1359 2425 aed
1379 2376 1481 2424 tentum
1505 2368 1539 2424 ab
1553 2368 1633 2440 aegri-
1726 2384 1728 2389 ·

83 2460 147 2512 vest
166 2459 275 2515 leomini
291 2461 332 2515 sie
352 2461 429 2516 esse?
443 2464 593 2532 praesertim
616 2478 675 2520 eum
689 2476 716 2521 et
730 2481 782 2522 ne·
836 2461 928 2518 tudine
950 2461 1049 2527 earnis,
1066 2462 1170 2517 noverit
1197 2459 1281 2514 moris
1309 2473 1369 2515 esse
1396 2456 1494 2512 divinae
1522 2456 1631 2513 virtutis

84 2544 118 2598 tis
148 2546 271 2600 instantia
304 2546 458 2618 frequenter
484 2552 616 2623 obrepere
642 2554 737 2623 soleat,
755 2566 781 2613 et
836 2550 1001 2623 priuseordi
1020 2549 1131 2616 mederi,
1148 2564 1228 2620 quam
1247 2546 1365 2619 corpori.
1382 2545 1460 2602 Unde
1473 2555 1499 2601 et
1518 2541 1632 2601 1990

83 2634 130 2686 tori
155 2634 214 2721 ipsa
238 2635 366 2703 temporis
390 2638 505 2696 brevitas
526 2649 631 2714 urgeat,
647 2643 781 2716 totiusque
835 2639 906 2706 alibi,
924 2654 983 2695 eum
1007 2637 1116 2710 qnidam
1139 2637 1164 2693 ei
1188 2636 1351 2708 paralyticus
1379 2633 1634 2691 offerretureuran-

102 2717 188 2793 figura
209 2731 359 2789 praetereat.
376 2725 431 2780 lten
449 2742 511 2782 eum
533 2729 568 2783 de
586 2730 669 2786 vidua
682 2732 780 2803 loque·
836 2728 896 2795 dus,
915 2737 1038 2799 unquam
1053 2727 1140 2782 bonus
1154 2734 1181 2781 et
1202 2725 1263 2797 pius
1277 2723 1410 2790 medicus,
1426 2723 1521 2779 volens
1535 2737 1630 2778 sanare

99 2810 220 2879 dectior,
238 2810 332 2883 inquit,
349 2815 404 2869 erit
427 2819 451 2870 si
469 2818 529 2883 -sie,
545 2817 571 2872 id
597 2829 637 2873 est
660 2819 781 2890 innupta,
837 2819 913 2888 virius
926 2816 999 2889 eund
1011 2823 1068 2873 erat
1078 2815 1177 2888 potius,
1190 2813 1217 2868 id
1227 2821 1269 2870 est
1279 2821 1405 2879 montem,
1417 2828 1498 2885 qnam
1513 2827 1629 2876 manem,

85 2898 176 2955 metit
189 2900 346 2957 secandum
365 2906 519 2960 eonsilium
537 2922 632 2962 meato
651 2911 689 2965 de
703 2924 736 2965 ne
750 2911 783 2966 de
799 2904 821 2982 c
836 2907 873 2962 ait
886 2905 973 2963 eidem
985 2904 1132 2976 paralytico
1145 2922 1151 2970 ;
1169 2902 1290 2974 Confido,
1305 2903 1359 2972 fili,
1372 2903 1564 2957 remittuntur
1578 2900 1631 2956 tibi

83 2986 209 3053 neorde,
225 2995 252 3043 et
279 3004 332 3044 non
358 2990 446 3062 potius
472 2992 507 3048 do
535 2993 608 3048 fonte
636 2994 779 3065 Sapientiae
833 2993 1232 3067 peraestuafuquesanan
1250 2988 1634 3058 conscientie,eousequcnter

83 3077 124 3130 tur
144 3074 195 3131 hoe
219 3075 307 3147 ipsum
328 3079 469 3134 eonsilium
489 3081 699 3153 deprompsisse,
716 3083 780 3139 sub-
833 3090 943 3139 muster
962 3096 1068 3151 corpus,
1083 3094 1145 3136 eum
1169 3077 1267 3134 dieitur
1292 3096 1299 3131 ε
1323 3077 1422 3148 Surpe,
1439 3077 1505 3132 tolle
1525 3076 1631 3132 lectum

83 3162 173 3218 icens:
188 3165 257 3219 Puto
273 3167 345 3236 quod
358 3171 386 3222 et
400 3184 447 3237 eqo
456 3169 591 3239 spiritum
603 3171 652 3226 Dei
662 3169 779 3226 habeam
835 3178 926 3242 tuam,
937 3176 967 3229 et
980 3170 1049 3225 vade
1062 3171 1094 3224 in
1103 3169 1217 3224 domum
1228 3170 1308 3222 tuom
1318 3163 1432 3236 (flattu.
1443 3179 1484 3232 rx,
1497 3167 1525 3229 2,
1535 3164 1574 3236 6).
1586 3165 1631 3220 Sic

83 3289 87 3304 .
102 3253 199 3320 v11,‘25,
217 3254 262 3317 26,
279 3253 334 3320 40).
350 3254 402 3308 Sed
414 3270 461 3310 eur
475 3269 527 3327 ego
541 3256 634 3328 paucis
650 3257 779 3315 immoror
834 3275 900 3330 ergo
924 3267 952 3313 et
975 3257 1054 3327 hujus
1081 3269 1129 3311 eor
1151 3253 1270 3310 mulieris
1294 3252 1368 3324 prius
1391 3251 1476 3308 abluit
1495 3253 1565 3308 intus
1579 3269 1629 3324 per

83 3335 126 3406 lis,
143 3354 203 3398 cum
227 3339 254 3393 iu
282 3341 340 3410 ejus
361 3341 451 3396 verbis
472 3343 560 3399 omnis
584 3361 677 3412 sexus,
693 3345 780 3403 omnis
832 3344 1016 3413 donumlidei,
1028 3343 1237 3413 sientseriptum
1251 3351 1302 3400 eet.
1314 3341 1380 3399 Fide
1390 3341 1532 3398 mandares
1547 3342 1630 3399 eorde

83 3442 101 3482 o
128 3428 269 3483 eonsilimu
298 3431 427 3494 inveniat,
452 3431 475 3486 si
499 3432 644 3505 diligenter
666 3445 778 3508 quaeat,
835 3439 952 3494 illorum
972 3435 1044 3506 (det.
1070 3449 1115 3500 av,
1139 3433 1242 3504 9),per
1274 3446 1356 3504 quarn
1385 3430 1483 3487 meruit
1510 3429 1630 3487 exterius

86 3515 102 3572 f
128 3516 207 3586 Quod
235 3518 256 3570 si
283 3519 344 3588 quis
366 3518 501 3576 curiosius
527 3522 590 3578 velit
618 3525 778 3596 perspicere,
834 3524 976 3596 impetrare
997 3523 1109 3580 salntem
1131 3520 1262 3593 eorporis.
1279 3519 1336 3575 lloe
1364 3517 1438 3576 euim
1460 3519 1548 3574 innuit
1576 3518 1632 3590 ipso

100 3622 194 3663 vemm
221 3607 255 3661 sit
282 3607 354 3677 quod
382 3607 479 3663 dietum
507 3619 558 3674 est,
589 3611 623 3667 de
650 3612 781 3683 sapientie
834 3613 1058 3680 nominassem
1085 3610 1149 3666 dicit
1171 3629 1176 3666 z
1198 3611 1279 3672 filie,
1297 3607 1365 3677 fides
1395 3612 1445 3662 teo
1468 3612 1495 3664 te
1519 3607 1625 3662 solvam

83 3708 102 3748 a
120 3708 241 3759 manare,
259 3693 331 3766 legat
354 3694 436 3750 libros
463 3695 507 3768 qui
532 3695 713 3756 inscribuntur
730 3700 778 3756 Sa·
834 3705 914 3775 feeit,
929 3702 998 3758 node
1025 3704 1056 3756 in
1071 3714 1139 3773 paee
1153 3699 1231 3770 (Luc.
1247 3711 1307 3763 vm,
1323 3696 1377 3766 lu).
1389 3694 1469 3763 Quod
1492 3706 1581 3750 autem
1596 3695 1630 3749 de

83 3797 103 3852 e,
118 3781 165 3837 ubi
189 3789 262 3838 totus
285 3780 414 3838 orationis
435 3791 575 3839 contextus
602 3787 716 3843 consilia
735 3805 782 3860 pa-
835 3793 887 3846 hoe
909 3789 971 3860 ipso
991 3788 1066 3845 fonte
1092 3787 1198 3842 virtutis
1225 3785 1381 3841 hauriantur
1405 3798 1481 3854 equae
1509 3782 1628 3853 praesidii

82 3871 179 3927 idatur.
196 3869 223 3928 Si
250 3887 314 3928 vero
347 3872 497 3929 consultius
525 3880 550 3929 et
577 3874 669 3932 utilius
692 3877 782 3935 studet
835 3880 862 3935 in
874 3876 1027 3942 tormentis,
1043 3874 1190 3931 ostendunt
1203 3881 1230 3929 et
1253 3872 1290 3927 illi
1307 3879 1361 3927 tres
1382 3871 1458 3942 pueri
1475 3871 1501 3927 in
1515 3869 1632 3927 fornacis

83 3959 143 4016 inde
157 3959 268 4034 eligere,
285 3961 375 4019 audiet
399 3963 487 4034 ipsam
508 3963 653 4021 salubriter
667 3965 781 4024 invitan—
835 3965 960 4024 incendio
986 3963 1123 4021 aestuantis
1147 3961 1239 4035 positi,
1253 3961 1352 4032 quibus
1376 3960 1434 4031 ipsa
1457 3959 1567 4015 flamma
1589 3978 1631 4017 re-

83 4049 225 4121 npientiam
242 4069 249 4109 :
266 4052 297 4108 Si
320 4054 371 4124 oia,
389 4051 485 4123 inquit,
500 4052 536 4108 ud
560 4055 650 4111 vitum
674 4058 780 4124 venire,
835 4055 927 4130 friguit
941 4054 1024 4127 (Dea.
1041 4052 1098 4126 ur),
1114 4059 1141 4108 et
1164 4051 1301 4122 praeeipue
1323 4048 1439 4120 inclytus
1462 4046 1508 4104 ille
1532 4058 1632 4123 martyr

88 4138 225 4195 mandate
247 4139 358 4209 (lintea.
385 4157 447 4212 xix,
474 4144 528 4212 Π).
554 4142 658 4211 Quaeris
680 4146 781 4215 eujus?
797 4179 820 4256 n
836 4144 991 4203 Vincentius
1024 4143 1080 4215 qui,
1109 4157 1170 4199 eum
1213 4139 1330 4216 graviter
1367 4145 1549 4210 torqueretur,
1578 4154 1633 4194 non

83 4224 193 4294 ‚inquis
207 4229 285 4295 time,
296 4235 322 4285 et
337 4232 475 4287 mundata
488 4234 550 4303 ejus
559 4235 671 4291 observo
680 4233 780 4306 (decli.
835 4235 925 4292 solum
939 4234 1077 4298 tolerasse,
1090 4232 1138 4290 sed
1153 4230 1236 4287 ctiam
1247 4236 1376 4286 tortorem
1385 4243 1463 4283 suum
1479 4235 1633 4283 constanter

83 4312 212 4383 t).dudiat
235 4331 295 4370 eam
322 4317 410 4389 ipsam
433 4330 562 4377 materno
578 4320 675 4378 affeetu
697 4323 780 4381 inela·
834 4337 995 4396 provocasse
1018 4322 1104 4376 fertur
1128 4318 1170 4375 his
1192 4318 1306 4377 verbis:
1325 4336 1338 4368 e
1363 4315 1486 4389 resurge,
1502 4335 1515 4366 a
1534 4314 1632 4388 iuquit,

83 4420 103 4458 u
119 4422 125 4461 ε
142 4406 185 4459 Du
205 4406 276 4461 milei
299 4412 445 4466 cortuum
468 4410 560 4482 (Prae.
577 4427 660 4484 xxvrv,
676 4414 733 4486 26).
757 4412 780 4471 0
837 4434 849 4464 ι
874 4420 901 4469 et
923 4418 979 4468 toto
1002 4407 1177 4480 malignitatis
1205 4405 1301 4480 spiritu
1329 4404 1509 4474 debacchare,
1530 4404 1633 4462 videbis

83 4508 114 4546 im
137 4492 241 4556 vellem.
266 4505 293 4550 et
314 4511 365 4570 ego
385 4512 537 4555 cormeum
551 4499 579 4554 in
594 4502 655 4571 ejus
668 4503 780 4561 verbum
834 4518 878 4558 me
887 4501 937 4558 Dei
949 4499 1047 4557 virtute
1061 4494 1288 4570 pluspossedum
1298 4501 1437 4565 torqueor,
1449 4509 1530 4567 quam
1542 4497 1633 4566 possis

83 4580 163 4648 idere,
183 4583 217 4637 de
240 4583 319 4651 cujus
342 4598 389 4640 oce
408 4587 519 4645 mirilico
541 4596 595 4644 tam
617 4589 780 4648 duleiavitae
835 4592 894 4661 ipse
920 4588 968 4663 qui
990 4595 1107 4657 torques.
1136 4605 1147 4635 a
1174 4586 1288 4639 Possent
1316 4584 1397 4657 plura
1424 4584 1457 4640 de
1484 4585 1537 4640 hoe
1556 4583 1629 4641 fonte

82 4686 97 4726 a
124 4670 205 4728 audio
239 4673 401 4740 pvorsouare!
432 4675 537 4731 Utinam
565 4686 656 4733 autem
679 4689 705 4734 et
729 4681 780 4735 lin·
835 4677 943 4737 virtutis
962 4673 1100 4746 copiosius
1118 4671 1183 4741 diei,
1203 4673 1324 4729 sedeam
1341 4673 1628 4744 suec'netepraetereo,

83 4775 133 4816 nean
147 4758 277 4816 calamum
300 4759 327 4816 in
346 4761 406 4830 ejus
425 4762 499 4820 fonte
512 4779 621 4835 possem
635 4766 780 4843 intingere,
835 4768 898 4841 quia
909 4766 943 4822 de
956 4763 1032 4820 fonte
1040 4762 1147 4820 virtutis
1157 4761 1251 4835 [aliua
1260 4761 1378 4818 eltaritat
1421 4761 1515 4817 bibere
1530 4760 1629 4832 potius,

83 4847 177 4905 loneus
198 4864 286 4904 essem
306 4864 337 4904 ea
351 4865 458 4922 qnoque
472 4869 533 4923 quae
549 4862 650 4910 restant
663 4855 696 4911 de
708 4856 778 4912 duo·
837 4871 919 4929 quam
934 4853 1051 4912 seribere
1070 4850 1205 4908 desidero.

83 4937 184 5001 ntihus,
207 4938 233 4992 id
261 4946 303 4994 est
330 4938 436 4994 virtutis
458 4949 485 4996 et
517 4941 660 5009 eharitatis,
680 4943 782 5001 utiliter
871 4949 898 5002 5.
914 4944 957 5000 fld
975 4945 1046 5000 hune
1061 4940 1162 4998 fontem
1175 4940 1320 4996 invitamur
1343 4939 1533 5011 Redemptoris
1546 4941 1632 4997 nostri

83 5025 113 5084 el
837 5049 903 5093 voce
917 5032 1032 5091 dicentis
1046 5050 1054 5087 t
1068 5033 1098 5089 Si
1117 5032 1179 5104 qaia
1197 5031 1269 5095 sitit,
1286 5031 1393 5095 aeratae,
1410 5033 1438 5086 et
1458 5029 1542 5099 litat,
1558 5037 1585 5090 et
1599 5032 1632 5089 de

83 5114 102 5171 lt
120 5116 246 5186 quoniam
263 5125 379 5189 quatuor
394 5117 437 5172 isti
453 5117 541 5174 fontes
554 5119 588 5176 ita
603 5118 654 5176 sihi
668 5122 781 5180 invicem
836 5126 934 5182 vaenire
944 5125 1005 5196 ejas
1016 5124 1197 5194 fluentaque
1208 5124 1286 5178 viooe.
1298 5119 1330 5174 Et
1341 5121 1633 5195 secutuslivangelista

83 5220 109 5259 m
125 5205 325 5270 transfundunt.
343 5217 370 5264 ut
392 5207 438 5280 qni
462 5210 495 5263 de
517 5225 572 5265 uuo
589 5210 696 5279 benerit,
710 5229 780 5285 qua·
838 5212 964 5284 exposuit
984 5215 1018 5269 ad
1042 5227 1122 5285 quem
1146 5211 1249 5266 fontem
1272 5226 1322 5266 nos
1348 5209 1482 5278 invitaret,
1507 5210 1628 5267 diceus:

83 5291 206 5349 ineffabili
235 5294 385 5351 dilectionis
417 5298 561 5354 dulcedine
588 5299 715 5358 invitetur
746 5303 780 5358 ad
840 5307 997 5361 Hoeuutem
1013 5302 1137 5358 dieitde
1153 5303 1273 5372 Spiritu,
1289 5319 1370 5374 quem
1389 5305 1630 5374 accepturievun!

92 5381 158 5439 libet
175 5387 231 5454 Jam
251 5387 286 5440 de
306 5389 437 5458 sapientia
460 5391 491 5444 ed
516 5391 640 5447 virtutem
656 5391 779 5458 transire,
838 5393 980 5449 eredentes
1004 5408 1036 5448 aa
1054 5408 1120 5447 eitra
1143 5393 1233 5447 l.¹0(ttt.
1260 5406 1309 5456 vu,
1334 5393 1440 5462 37-39).
1460 5391 1556 5461 Qtrcm,
1581 5394 1629 5448 nisi

83 5473 157 5529 aliter
190 5475 261 5531 illiue
287 5477 443 5535 literariautur
470 5498 546 5552 aquen
579 5481 780 5553 prasidiorum,
837 5482 965 5553 Spiritum
995 5479 1142 5546 alteritatis,
1176 5497 1256 5551 utrem
1299 5481 1414 5537 arundus
1457 5497 1512 5537 uon
1546 5490 1632 5551 potest
