<?xml version="1.0" encoding="UTF-8"?>
<!DOCTYPE html PUBLIC "-//W3C//DTD XHTML 1.0 Transitional//EN"
    "http://www.w3.org/TR/xhtml1/DTD/xhtml1-transitional.dtd">
<html xmlns="http://www.w3.org/1999/xhtml" xml:lang="en" lang="en">
 <head>
  <title>
</title>
<meta http-equiv="Content-Type" content="text/html;charset=utf-8" />
  <meta name='ocr-system' content='tesseract 3.04.00' />
  <meta name='ocr-capabilities' content='ocr_page ocr_carea ocr_par ocr_line ocrx_word'/>
</head>
<body>
  <div class='ocr_page' id='page_1' title='image "./patrologiaecurs56unkngoog/patrologiaecurs56unkngoog_0168.png"; bbox 0 0 3734 5948; ppageno 0'>
   <div class='ocr_carea' id='block_1_1' title="bbox 30 186 103 251">
    <p class='ocr_par' dir='ltr' id='par_1_1' title="bbox 30 186 103 251">
     <span class='ocr_line' id='line_1_1' title="bbox 30 186 103 251; baseline -0.014 -12"><span class='ocrx_word' id='word_1_1' title='bbox 30 244 35 251; x_wconf 59' lang='grc'><strong>,</strong></span> <span class='ocrx_word' id='word_1_2' title='bbox 49 186 103 239; x_wconf 76' lang='lat'><strong>325</strong></span> 
     </span>
    </p>
   </div>
   <div class='ocr_carea' id='block_1_2' title="bbox 569 186 1186 260">
    <p class='ocr_par' dir='ltr' id='par_1_2' title="bbox 569 186 1186 260">
     <span class='ocr_line' id='line_1_2' title="bbox 569 186 1186 260; baseline 0.01 -19"><span class='ocrx_word' id='word_1_3' title='bbox 569 186 729 244; x_wconf 84' lang='lat' dir='ltr'><strong>1urusro</strong></span> <span class='ocrx_word' id='word_1_4' title='bbox 744 187 996 260; x_wconf 79' lang='lat' dir='ltr'><strong>ruumcosrus,</strong></span> <span class='ocrx_word' id='word_1_5' title='bbox 1018 188 1140 246; x_wconf 82' lang='lat' dir='ltr'><strong>sunno</strong></span> <span class='ocrx_word' id='word_1_6' title='bbox 1154 190 1186 248; x_wconf 92' lang='lat' dir='ltr'><strong>u.</strong></span> 
     </span>
    </p>
   </div>
   <div class='ocr_carea' id='block_1_3' title="bbox 1651 197 1704 250">
    <p class='ocr_par' dir='ltr' id='par_1_3' title="bbox 1651 197 1704 250">
     <span class='ocr_line' id='line_1_3' title="bbox 1651 197 1704 250; baseline 0 -1"><span class='ocrx_word' id='word_1_7' title='bbox 1651 197 1704 250; x_wconf 72' lang='lat'><strong>326</strong></span> 
     </span>
    </p>
   </div>
   <div class='ocr_carea' id='block_1_4' title="bbox 46 306 1705 406">
    <p class='ocr_par' dir='ltr' id='par_1_4' title="bbox 46 306 1705 406">
     <span class='ocr_line' id='line_1_4' title="bbox 46 306 1705 406; baseline 0.004 -45"><span class='ocrx_word' id='word_1_8' title='bbox 46 306 159 377; x_wconf 88' lang='lat' dir='ltr'><strong>quidem</strong></span> <span class='ocrx_word' id='word_1_9' title='bbox 175 308 204 361; x_wconf 90' lang='lat' dir='ltr'><strong>in</strong></span> <span class='ocrx_word' id='word_1_10' title='bbox 218 307 301 363; x_wconf 90' lang='lat' dir='ltr'><strong>eorde</strong></span> <span class='ocrx_word' id='word_1_11' title='bbox 311 317 415 364; x_wconf 89' lang='lat' dir='ltr'><strong>nostro.</strong></span> <span class='ocrx_word' id='word_1_12' title='bbox 432 309 500 377; x_wconf 85' lang='lat' dir='ltr'>Quid</span> <span class='ocrx_word' id='word_1_13' title='bbox 514 321 604 365; x_wconf 86' lang='lat' dir='ltr'><strong>autem</strong></span> <span class='ocrx_word' id='word_1_14' title='bbox 617 328 643 365; x_wconf 94' lang='lat' dir='ltr'><strong>m</strong></span> <span class='ocrx_word' id='word_1_15' title='bbox 653 319 735 367; x_wconf 85' lang='lat' dir='ltr'><strong>eorde</strong></span> <span class='ocrx_word' id='word_1_16' title='bbox 747 313 850 366; x_wconf 74' lang='lat' dir='ltr'><strong>Patris?</strong></span> <span class='ocrx_word' id='word_1_17' title='bbox 868 329 891 406; x_wconf 62' lang='lat' dir='ltr'><strong>g</strong></span> <span class='ocrx_word' id='word_1_18' title='bbox 907 313 1041 381; x_wconf 72' lang='lat' dir='ltr'><strong>ctionem,</strong></span> <span class='ocrx_word' id='word_1_19' title='bbox 1067 312 1130 367; x_wconf 90' lang='lat' dir='ltr'><strong>illud</strong></span> <span class='ocrx_word' id='word_1_20' title='bbox 1145 312 1172 366; x_wconf 92' lang='lat' dir='ltr'><strong>in</strong></span> <span class='ocrx_word' id='word_1_21' title='bbox 1188 311 1396 382; x_wconf 85' lang='lat' dir='ltr'><strong>compunctione</strong></span> <span class='ocrx_word' id='word_1_22' title='bbox 1425 312 1514 368; x_wconf 89' lang='lat' dir='ltr'><strong>cordis</strong></span> <span class='ocrx_word' id='word_1_23' title='bbox 1538 322 1566 368; x_wconf 91' lang='lat' dir='ltr'><strong>et</strong></span> <span class='ocrx_word' id='word_1_24' title='bbox 1580 313 1705 369; x_wconf 89' lang='lat' dir='ltr'><strong>lamentis</strong></span> 
     </span>
    </p>
   </div>
   <div class='ocr_carea' id='block_1_5' title="bbox 45 396 861 1623">
    <p class='ocr_par' dir='ltr' id='par_1_5' title="bbox 45 396 860 1429">
     <span class='ocr_line' id='line_1_5' title="bbox 45 396 851 469; baseline 0.004 -16"><span class='ocrx_word' id='word_1_25' title='bbox 45 396 166 453; x_wconf 87' lang='lat' dir='ltr'><strong>Sicutiu</strong></span> <span class='ocrx_word' id='word_1_26' title='bbox 190 398 268 452; x_wconf 89' lang='lat' dir='ltr'><strong>uobis</strong></span> <span class='ocrx_word' id='word_1_27' title='bbox 296 399 451 468; x_wconf 85' lang='lat' dir='ltr'><strong>interpellat</strong></span> <span class='ocrx_word' id='word_1_28' title='bbox 476 416 523 469; x_wconf 86' lang='lat' dir='ltr'><strong>pru</strong></span> <span class='ocrx_word' id='word_1_29' title='bbox 554 400 649 462; x_wconf 83' lang='lat' dir='ltr'><strong>uobis;</strong></span> <span class='ocrx_word' id='word_1_30' title='bbox 679 400 851 456; x_wconf 85' lang='lat' dir='ltr'><strong>itainPntrc</strong></span> 
     </span>
     <span class='ocr_line' id='line_1_6' title="bbox 47 486 852 559; baseline 0 -18"><span class='ocrx_word' id='word_1_31' title='bbox 47 486 150 541; x_wconf 83' lang='lat' dir='ltr'><strong>delicta</strong></span> <span class='ocrx_word' id='word_1_32' title='bbox 178 487 260 541; x_wconf 88' lang='lat' dir='ltr'><strong>donat</strong></span> <span class='ocrx_word' id='word_1_33' title='bbox 275 504 336 542; x_wconf 89' lang='lat' dir='ltr'><strong>cum</strong></span> <span class='ocrx_word' id='word_1_34' title='bbox 360 488 419 559; x_wconf 90' lang='lat' dir='ltr'><strong>ipso</strong></span> <span class='ocrx_word' id='word_1_35' title='bbox 444 490 531 554; x_wconf 83' lang='lat' dir='ltr'><strong>l‘atre,</strong></span> <span class='ocrx_word' id='word_1_36' title='bbox 553 490 697 544; x_wconf 83' lang='lat' dir='ltr'><strong>mluocutus</strong></span> <span class='ocrx_word' id='word_1_37' title='bbox 713 500 804 546; x_wconf 89' lang='lat' dir='ltr'><strong>noster</strong></span> <span class='ocrx_word' id='word_1_38' title='bbox 818 490 852 543; x_wconf 88' lang='lat' dir='ltr'><strong>ad</strong></span> 
     </span>
     <span class='ocr_line' id='line_1_7' title="bbox 50 576 852 642; baseline 0.006 -13"><span class='ocrx_word' id='word_1_39' title='bbox 50 576 161 631; x_wconf 88' lang='lat' dir='ltr'><strong>Patrem</strong></span> <span class='ocrx_word' id='word_1_40' title='bbox 173 577 200 631; x_wconf 91' lang='lat' dir='ltr'><strong>in</strong></span> <span class='ocrx_word' id='word_1_41' title='bbox 215 576 344 632; x_wconf 78' lang='lat' dir='ltr'><strong>cordibus</strong></span> <span class='ocrx_word' id='word_1_42' title='bbox 359 579 467 642; x_wconf 90' lang='lat' dir='ltr'><strong>uostris,</strong></span> <span class='ocrx_word' id='word_1_43' title='bbox 489 580 619 634; x_wconf 82' lang='lat' dir='ltr'>Dominus</span> <span class='ocrx_word' id='word_1_44' title='bbox 635 588 729 634; x_wconf 89' lang='lat' dir='ltr'><strong>noster</strong></span> <span class='ocrx_word' id='word_1_45' title='bbox 748 582 774 634; x_wconf 92' lang='lat' dir='ltr'><strong>iu</strong></span> <span class='ocrx_word' id='word_1_46' title='bbox 789 597 852 637; x_wconf 91' lang='lat' dir='ltr'><strong>cor-</strong></span> 
     </span>
     <span class='ocr_line' id='line_1_8' title="bbox 51 665 852 740; baseline 0.005 -20"><span class='ocrx_word' id='word_1_47' title='bbox 51 665 87 720; x_wconf 89' lang='lat' dir='ltr'><strong>de</strong></span> <span class='ocrx_word' id='word_1_48' title='bbox 98 666 196 720; x_wconf 68' lang='lat' dir='ltr'><strong>Patris.</strong></span> <span class='ocrx_word' id='word_1_49' title='bbox 216 667 309 737; x_wconf 90' lang='lat' dir='ltr'><strong>ltaque</strong></span> <span class='ocrx_word' id='word_1_50' title='bbox 324 667 399 739; x_wconf 92' lang='lat' dir='ltr'><strong>quod</strong></span> <span class='ocrx_word' id='word_1_51' title='bbox 409 670 585 738; x_wconf 76' lang='lat' dir='ltr'><strong>postulamus,</strong></span> <span class='ocrx_word' id='word_1_52' title='bbox 602 670 672 724; x_wconf 90' lang='lat' dir='ltr'><strong>idem</strong></span> <span class='ocrx_word' id='word_1_53' title='bbox 687 669 748 740; x_wconf 92' lang='lat' dir='ltr'><strong>ipse</strong></span> <span class='ocrx_word' id='word_1_54' title='bbox 758 669 852 739; x_wconf 88' lang='lat' dir='ltr'><strong>donat,</strong></span> 
     </span>
     <span class='ocr_line' id='line_1_9' title="bbox 51 753 853 831; baseline 0 -23"><span class='ocrx_word' id='word_1_55' title='bbox 51 755 99 825; x_wconf 90' lang='lat' dir='ltr'><strong>qui</strong></span> <span class='ocrx_word' id='word_1_56' title='bbox 110 753 196 809; x_wconf 90' lang='lat' dir='ltr'><strong>donat</strong></span> <span class='ocrx_word' id='word_1_57' title='bbox 204 763 233 809; x_wconf 94' lang='lat' dir='ltr'><strong>ut</strong></span> <span class='ocrx_word' id='word_1_58' title='bbox 250 755 417 825; x_wconf 75' lang='lat' dir='ltr'><strong>postulemus</strong></span> <span class='ocrx_word' id='word_1_59' title='bbox 432 773 438 808; x_wconf 94' lang='lat'><strong>:</strong></span> <span class='ocrx_word' id='word_1_60' title='bbox 458 765 485 810; x_wconf 95' lang='lat' dir='ltr'><strong>et</strong></span> <span class='ocrx_word' id='word_1_61' title='bbox 499 757 568 812; x_wconf 90' lang='lat' dir='ltr'><strong>sicut</strong></span> <span class='ocrx_word' id='word_1_62' title='bbox 579 773 627 813; x_wconf 88' lang='lat' dir='ltr'><strong>nos</strong></span> <span class='ocrx_word' id='word_1_63' title='bbox 638 757 718 831; x_wconf 88' lang='lat' dir='ltr'><strong>erigit</strong></span> <span class='ocrx_word' id='word_1_64' title='bbox 728 757 771 827; x_wconf 86' lang='lat' dir='ltr'><strong>pia</strong></span> <span class='ocrx_word' id='word_1_65' title='bbox 782 771 853 826; x_wconf 90' lang='lat' dir='ltr'><strong>qua·</strong></span> 
     </span>
     <span class='ocr_line' id='line_1_10' title="bbox 53 840 856 916; baseline 0 -21"><span class='ocrx_word' id='word_1_66' title='bbox 53 842 117 897; x_wconf 84' lang='lat' dir='ltr'><strong>dam</strong></span> <span class='ocrx_word' id='word_1_67' title='bbox 134 840 242 909; x_wconf 83' lang='lat' dir='ltr'><strong>fiducia,</strong></span> <span class='ocrx_word' id='word_1_68' title='bbox 260 843 296 896; x_wconf 85' lang='lat' dir='ltr'><strong>ita</strong></span> <span class='ocrx_word' id='word_1_69' title='bbox 313 845 397 897; x_wconf 81' lang='lat' dir='ltr'><strong>licum</strong></span> <span class='ocrx_word' id='word_1_70' title='bbox 408 843 517 898; x_wconf 88' lang='lat' dir='ltr'><strong>inclinat</strong></span> <span class='ocrx_word' id='word_1_71' title='bbox 533 844 567 898; x_wconf 76' lang='lat' dir='ltr'><strong>ad</strong></span> <span class='ocrx_word' id='word_1_72' title='bbox 582 861 632 900; x_wconf 91' lang='lat' dir='ltr'><strong>nos</strong></span> <span class='ocrx_word' id='word_1_73' title='bbox 646 845 733 915; x_wconf 81' lang='lat' dir='ltr'><strong>magis</strong></span> <span class='ocrx_word' id='word_1_74' title='bbox 747 845 790 916; x_wconf 86' lang='lat' dir='ltr'><strong>pia</strong></span> <span class='ocrx_word' id='word_1_75' title='bbox 807 843 856 896; x_wconf 91' lang='lat' dir='ltr'><strong>mi-</strong></span> 
     </span>
     <span class='ocr_line' id='line_1_11' title="bbox 53 931 856 1004; baseline -0.002 -18"><span class='ocrx_word' id='word_1_76' title='bbox 53 931 207 986; x_wconf 80' lang='lat' dir='ltr'><strong>sericordia</strong></span> <span class='ocrx_word' id='word_1_77' title='bbox 234 946 292 988; x_wconf 65' lang='lat' dir='ltr'><strong>sua,</strong></span> <span class='ocrx_word' id='word_1_78' title='bbox 310 933 403 1003; x_wconf 88' lang='lat' dir='ltr'><strong>ltaque</strong></span> <span class='ocrx_word' id='word_1_79' title='bbox 419 940 448 985; x_wconf 92' lang='lat' dir='ltr'><strong>ut</strong></span> <span class='ocrx_word' id='word_1_80' title='bbox 465 931 574 989; x_wconf 90' lang='lat' dir='ltr'><strong>omnino</strong></span> <span class='ocrx_word' id='word_1_81' title='bbox 590 932 660 988; x_wconf 91' lang='lat' dir='ltr'><strong>scias</strong></span> <span class='ocrx_word' id='word_1_82' title='bbox 675 935 738 1004; x_wconf 88' lang='lat' dir='ltr'><strong>quir</strong></span> <span class='ocrx_word' id='word_1_83' title='bbox 757 932 856 986; x_wconf 90' lang='lat' dir='ltr'><strong>remis-</strong></span> 
     </span>
     <span class='ocr_line' id='line_1_12' title="bbox 54 1018 857 1092; baseline -0.004 -18"><span class='ocrx_word' id='word_1_84' title='bbox 54 1020 161 1074; x_wconf 87' lang='lat' dir='ltr'><strong>sionem</strong></span> <span class='ocrx_word' id='word_1_85' title='bbox 187 1027 359 1089; x_wconf 78' lang='lat' dir='ltr'><strong>peccatorum</strong></span> <span class='ocrx_word' id='word_1_86' title='bbox 385 1019 499 1090; x_wconf 78' lang='lat' dir='ltr'><strong>Spiritus</strong></span> <span class='ocrx_word' id='word_1_87' title='bbox 513 1031 622 1077; x_wconf 86' lang='lat' dir='ltr'><strong>sauctus</strong></span> <span class='ocrx_word' id='word_1_88' title='bbox 637 1030 774 1092; x_wconf 83' lang='lat' dir='ltr'><strong>operatur,</strong></span> <span class='ocrx_word' id='word_1_89' title='bbox 795 1018 857 1074; x_wconf 70' lang='lat' dir='ltr'><strong>uuili</strong></span> 
     </span>
     <span class='ocr_line' id='line_1_13' title="bbox 56 1108 858 1182; baseline -0.001 -19"><span class='ocrx_word' id='word_1_90' title='bbox 56 1108 131 1179; x_wconf 90' lang='lat' dir='ltr'><strong>quod</strong></span> <span class='ocrx_word' id='word_1_91' title='bbox 151 1109 297 1180; x_wconf 86' lang='lat' dir='ltr'><strong>aliquando</strong></span> <span class='ocrx_word' id='word_1_92' title='bbox 312 1108 456 1164; x_wconf 90' lang='lat' dir='ltr'><strong>audierunt</strong></span> <span class='ocrx_word' id='word_1_93' title='bbox 480 1111 611 1180; x_wconf 88' lang='lat' dir='ltr'><strong>apostoli:</strong></span> <span class='ocrx_word' id='word_1_94' title='bbox 628 1113 750 1182; x_wconf 70' lang='lat' dir='ltr'><strong>Accipite</strong></span> <span class='ocrx_word' id='word_1_95' title='bbox 765 1111 858 1181; x_wconf 80' lang='lat' dir='ltr'><strong>Spiri-</strong></span> 
     </span>
     <span class='ocr_line' id='line_1_14' title="bbox 48 1200 860 1272; baseline 0 -20"><span class='ocrx_word' id='word_1_96' title='bbox 48 1203 400 1270; x_wconf 82' lang='lat' dir='ltr'><strong>&#39;tumsencturu,·quorum</strong></span> <span class='ocrx_word' id='word_1_97' title='bbox 413 1201 698 1272; x_wconf 76' lang='lat' dir='ltr'><strong>restitueritispeerutn</strong></span> <span class='ocrx_word' id='word_1_98' title='bbox 709 1200 860 1257; x_wconf 85' lang='lat' dir='ltr'><strong>remittun-</strong></span> 
     </span>
     <span class='ocr_line' id='line_1_15' title="bbox 58 1286 860 1360; baseline -0.002 -19"><span class='ocrx_word' id='word_1_99' title='bbox 58 1292 109 1341; x_wconf 83' lang='lat' dir='ltr'><strong>tur</strong></span> <span class='ocrx_word' id='word_1_100' title='bbox 117 1289 160 1343; x_wconf 84' lang='lat' dir='ltr'><strong>cis</strong></span> <span class='ocrx_word' id='word_1_101' title='bbox 169 1288 262 1355; x_wconf 77' lang='lat' dir='ltr'><strong>(loun.</strong></span> <span class='ocrx_word' id='word_1_102' title='bbox 273 1303 325 1353; x_wconf 82' lang='lat' dir='ltr'><strong>xx,</strong></span> <span class='ocrx_word' id='word_1_103' title='bbox 336 1288 391 1359; x_wconf 77' lang='lat'><strong>22).</strong></span> <span class='ocrx_word' id='word_1_104' title='bbox 404 1288 439 1342; x_wconf 79' lang='lat' dir='ltr'><strong>lit</strong></span> <span class='ocrx_word' id='word_1_105' title='bbox 450 1287 483 1342; x_wconf 90' lang='lat' dir='ltr'><strong>de</strong></span> <span class='ocrx_word' id='word_1_106' title='bbox 496 1287 567 1343; x_wconf 86' lang='lat' dir='ltr'><strong>malo</strong></span> <span class='ocrx_word' id='word_1_107' title='bbox 578 1287 687 1360; x_wconf 87' lang='lat' dir='ltr'><strong>quidem</strong></span> <span class='ocrx_word' id='word_1_108' title='bbox 698 1286 860 1347; x_wconf 76' lang='lat' dir='ltr'><strong>declinando</strong></span> 
     </span>
     <span class='ocr_line' id='line_1_16' title="bbox 56 1374 106 1429; baseline -0.02 0"><span class='ocrx_word' id='word_1_109' title='bbox 56 1374 106 1429; x_wconf 90' lang='lat' dir='ltr'><strong>sie.</strong></span> 
     </span>
    </p>

    <p class='ocr_par' dir='ltr' id='par_1_6' title="bbox 59 1462 861 1623">
     <span class='ocr_line' id='line_1_17' title="bbox 95 1462 859 1536; baseline 0.001 -17"><span class='ocrx_word' id='word_1_110' title='bbox 95 1467 122 1519; x_wconf 81' lang='lat'><strong>5.</strong></span> <span class='ocrx_word' id='word_1_111' title='bbox 138 1463 223 1518; x_wconf 94' lang='lat' dir='ltr'><strong>Porro</strong></span> <span class='ocrx_word' id='word_1_112' title='bbox 238 1462 272 1515; x_wconf 89' lang='lat' dir='ltr'><strong>ad</strong></span> <span class='ocrx_word' id='word_1_113' title='bbox 287 1463 438 1518; x_wconf 86' lang='lat' dir='ltr'><strong>laciendum</strong></span> <span class='ocrx_word' id='word_1_114' title='bbox 463 1464 563 1519; x_wconf 80' lang='lat' dir='ltr'><strong>lronum</strong></span> <span class='ocrx_word' id='word_1_115' title='bbox 581 1465 646 1536; x_wconf 91' lang='lat' dir='ltr'><strong>quid</strong></span> <span class='ocrx_word' id='word_1_116' title='bbox 662 1465 688 1519; x_wconf 93' lang='lat' dir='ltr'><strong>in</strong></span> <span class='ocrx_word' id='word_1_117' title='bbox 704 1465 781 1521; x_wconf 92' lang='lat' dir='ltr'><strong>nobis</strong></span> <span class='ocrx_word' id='word_1_118' title='bbox 797 1463 859 1535; x_wconf 92' lang='lat' dir='ltr'><strong>Spi-</strong></span> 
     </span>
     <span class='ocr_line' id='line_1_18' title="bbox 59 1552 861 1623; baseline 0.002 -17"><span class='ocrx_word' id='word_1_119' title='bbox 59 1552 132 1606; x_wconf 85' lang='lat' dir='ltr'><strong>ritus</strong></span> <span class='ocrx_word' id='word_1_120' title='bbox 144 1552 233 1606; x_wconf 91' lang='lat' dir='ltr'><strong>bonus</strong></span> <span class='ocrx_word' id='word_1_121' title='bbox 251 1553 398 1623; x_wconf 78' lang='lat' dir='ltr'><strong>operatur?</strong></span> <span class='ocrx_word' id='word_1_122' title='bbox 413 1552 539 1608; x_wconf 85' lang='lat' dir='ltr'><strong>Proiecto</strong></span> <span class='ocrx_word' id='word_1_123' title='bbox 554 1560 656 1619; x_wconf 91' lang='lat' dir='ltr'><strong>monet,</strong></span> <span class='ocrx_word' id='word_1_124' title='bbox 673 1563 701 1610; x_wconf 93' lang='lat' dir='ltr'><strong>et</strong></span> <span class='ocrx_word' id='word_1_125' title='bbox 716 1563 816 1621; x_wconf 89' lang='lat' dir='ltr'><strong>movet,</strong></span> <span class='ocrx_word' id='word_1_126' title='bbox 834 1562 861 1610; x_wconf 92' lang='lat' dir='ltr'><strong>et</strong></span> 
     </span>
    </p>
   </div>
   <div class='ocr_carea' id='block_1_6' title="bbox 908 401 1711 1629">
    <p class='ocr_par' dir='ltr' id='par_1_7' title="bbox 908 401 1711 1629">
     <span class='ocr_line' id='line_1_19' title="bbox 908 401 1704 474; baseline -0.001 -16"><span class='ocrx_word' id='word_1_127' title='bbox 908 403 1082 474; x_wconf 76' lang='lat' dir='ltr'><strong>poenitentia,</strong></span> <span class='ocrx_word' id='word_1_128' title='bbox 1108 403 1179 457; x_wconf 88' lang='lat' dir='ltr'><strong>istud</strong></span> <span class='ocrx_word' id='word_1_129' title='bbox 1202 401 1390 457; x_wconf 88' lang='lat' dir='ltr'><strong>indevotione</strong></span> <span class='ocrx_word' id='word_1_130' title='bbox 1417 402 1527 473; x_wconf 90' lang='lat' dir='ltr'><strong>spiritus</strong></span> <span class='ocrx_word' id='word_1_131' title='bbox 1548 412 1576 457; x_wconf 91' lang='lat' dir='ltr'><strong>et</strong></span> <span class='ocrx_word' id='word_1_132' title='bbox 1590 402 1704 460; x_wconf 77' lang='lat' dir='ltr'><strong>Alleluia</strong></span> 
     </span>
     <span class='ocr_line' id='line_1_20' title="bbox 908 490 1705 563; baseline 0.001 -17"><span class='ocrx_word' id='word_1_133' title='bbox 908 492 1031 548; x_wconf 83' lang='lat' dir='ltr'><strong>solemni.</strong></span> <span class='ocrx_word' id='word_1_134' title='bbox 1046 492 1120 546; x_wconf 85' lang='lat' dir='ltr'><strong>Prius</strong></span> <span class='ocrx_word' id='word_1_135' title='bbox 1130 492 1239 563; x_wconf 91' lang='lat' dir='ltr'><strong>quidem</strong></span> <span class='ocrx_word' id='word_1_136' title='bbox 1256 499 1362 558; x_wconf 89' lang='lat' dir='ltr'><strong>tempus</strong></span> <span class='ocrx_word' id='word_1_137' title='bbox 1377 491 1435 561; x_wconf 90' lang='lat' dir='ltr'><strong>ipsa</strong></span> <span class='ocrx_word' id='word_1_138' title='bbox 1449 498 1491 545; x_wconf 89' lang='lat' dir='ltr'><strong>est</strong></span> <span class='ocrx_word' id='word_1_139' title='bbox 1505 490 1558 547; x_wconf 87' lang='lat' dir='ltr'><strong>vita</strong></span> <span class='ocrx_word' id='word_1_140' title='bbox 1573 507 1705 563; x_wconf 74' lang='lat' dir='ltr'><strong>praesens,</strong></span> 
     </span>
     <span class='ocr_line' id='line_1_21' title="bbox 910 579 1707 653; baseline -0.001 -17"><span class='ocrx_word' id='word_1_141' title='bbox 910 582 1044 653; x_wconf 87' lang='lat' dir='ltr'><strong>posterius</strong></span> <span class='ocrx_word' id='word_1_142' title='bbox 1072 597 1136 636; x_wconf 86' lang='lat' dir='ltr'><strong>vero</strong></span> <span class='ocrx_word' id='word_1_143' title='bbox 1160 583 1280 653; x_wconf 89' lang='lat' dir='ltr'><strong>quietem</strong></span> <span class='ocrx_word' id='word_1_144' title='bbox 1304 589 1457 636; x_wconf 87' lang='lat' dir='ltr'><strong>sauctorum</strong></span> <span class='ocrx_word' id='word_1_145' title='bbox 1487 579 1630 652; x_wconf 81' lang='lat' dir='ltr'><strong>signifieat,</strong></span> <span class='ocrx_word' id='word_1_146' title='bbox 1645 597 1707 653; x_wconf 85' lang='lat' dir='ltr'><strong>quae</strong></span> 
     </span>
     <span class='ocr_line' id='line_1_22' title="bbox 909 668 1708 741; baseline -0.001 -16"><span class='ocrx_word' id='word_1_147' title='bbox 909 678 951 725; x_wconf 91' lang='lat' dir='ltr'><strong>est</strong></span> <span class='ocrx_word' id='word_1_148' title='bbox 978 677 1039 741; x_wconf 92' lang='lat' dir='ltr'><strong>post</strong></span> <span class='ocrx_word' id='word_1_149' title='bbox 1058 678 1184 725; x_wconf 90' lang='lat' dir='ltr'><strong>mortem.</strong></span> <span class='ocrx_word' id='word_1_150' title='bbox 1214 669 1280 726; x_wconf 86' lang='lat' dir='ltr'><strong>Cum</strong></span> <span class='ocrx_word' id='word_1_151' title='bbox 1309 675 1400 725; x_wconf 91' lang='lat' dir='ltr'><strong>autem</strong></span> <span class='ocrx_word' id='word_1_152' title='bbox 1415 669 1522 727; x_wconf 88' lang='lat' dir='ltr'><strong>venerit</strong></span> <span class='ocrx_word' id='word_1_153' title='bbox 1545 668 1708 740; x_wconf 86' lang='lat' dir='ltr'><strong>illiusquin·</strong></span> 
     </span>
     <span class='ocr_line' id='line_1_23' title="bbox 910 758 1703 831; baseline 0.003 -18"><span class='ocrx_word' id='word_1_154' title='bbox 910 759 1075 831; x_wconf 79' lang='lat' dir='ltr'><strong>quagesimae</strong></span> <span class='ocrx_word' id='word_1_155' title='bbox 1090 758 1160 826; x_wconf 87' lang='lat' dir='ltr'><strong>finis,</strong></span> <span class='ocrx_word' id='word_1_156' title='bbox 1173 759 1199 813; x_wconf 92' lang='lat' dir='ltr'><strong>in</strong></span> <span class='ocrx_word' id='word_1_157' title='bbox 1209 759 1310 829; x_wconf 88' lang='lat' dir='ltr'><strong>judicio</strong></span> <span class='ocrx_word' id='word_1_158' title='bbox 1320 759 1422 814; x_wconf 90' lang='lat' dir='ltr'><strong>seilicet</strong></span> <span class='ocrx_word' id='word_1_159' title='bbox 1441 766 1468 814; x_wconf 91' lang='lat' dir='ltr'><strong>et</strong></span> <span class='ocrx_word' id='word_1_160' title='bbox 1491 758 1703 828; x_wconf 91' lang='lat' dir='ltr'><strong>resurreetione,</strong></span> 
     </span>
     <span class='ocr_line' id='line_1_24' title="bbox 911 846 1707 919; baseline 0.001 -17"><span class='ocrx_word' id='word_1_161' title='bbox 911 847 1053 919; x_wconf 90' lang='lat' dir='ltr'><strong>eompletis</strong></span> <span class='ocrx_word' id='word_1_162' title='bbox 1095 848 1191 903; x_wconf 92' lang='lat' dir='ltr'><strong>diebus</strong></span> <span class='ocrx_word' id='word_1_163' title='bbox 1231 849 1415 915; x_wconf 88' lang='lat' dir='ltr'><strong>Pentecostes,</strong></span> <span class='ocrx_word' id='word_1_164' title='bbox 1453 846 1542 903; x_wconf 90' lang='lat' dir='ltr'><strong>aderit</strong></span> <span class='ocrx_word' id='word_1_165' title='bbox 1567 847 1707 919; x_wconf 87' lang='lat' dir='ltr'><strong>plenitudo</strong></span> 
     </span>
     <span class='ocr_line' id='line_1_25' title="bbox 911 934 1707 1007; baseline 0 -17"><span class='ocrx_word' id='word_1_166' title='bbox 911 936 1037 1007; x_wconf 85' lang='lat' dir='ltr'><strong>Spiritus,</strong></span> <span class='ocrx_word' id='word_1_167' title='bbox 1053 944 1179 992; x_wconf 90' lang='lat' dir='ltr'><strong>ettotam</strong></span> <span class='ocrx_word' id='word_1_168' title='bbox 1196 935 1312 1007; x_wconf 88' lang='lat' dir='ltr'><strong>replebit</strong></span> <span class='ocrx_word' id='word_1_169' title='bbox 1333 936 1454 991; x_wconf 92' lang='lat' dir='ltr'><strong>domum.</strong></span> <span class='ocrx_word' id='word_1_170' title='bbox 1477 934 1559 991; x_wconf 88' lang='lat' dir='ltr'><strong>Plena</strong></span> <span class='ocrx_word' id='word_1_171' title='bbox 1574 935 1707 1007; x_wconf 91' lang='lat' dir='ltr'><strong>siquidem</strong></span> 
     </span>
     <span class='ocr_line' id='line_1_26' title="bbox 913 1024 1709 1096; baseline -0.003 -15"><span class='ocrx_word' id='word_1_172' title='bbox 913 1026 964 1081; x_wconf 90' lang='lat' dir='ltr'><strong>erit</strong></span> <span class='ocrx_word' id='word_1_173' title='bbox 978 1026 1068 1081; x_wconf 91' lang='lat' dir='ltr'><strong>omnis</strong></span> <span class='ocrx_word' id='word_1_174' title='bbox 1084 1034 1156 1082; x_wconf 91' lang='lat' dir='ltr'><strong>terra</strong></span> <span class='ocrx_word' id='word_1_175' title='bbox 1179 1027 1321 1094; x_wconf 83' lang='lat' dir='ltr'><strong>majestate</strong></span> <span class='ocrx_word' id='word_1_176' title='bbox 1346 1026 1413 1093; x_wconf 88' lang='lat' dir='ltr'><strong>ejus,</strong></span> <span class='ocrx_word' id='word_1_177' title='bbox 1427 1024 1536 1096; x_wconf 89' lang='lat' dir='ltr'><strong>quaudo</strong></span> <span class='ocrx_word' id='word_1_178' title='bbox 1551 1039 1606 1080; x_wconf 90' lang='lat' dir='ltr'><strong>uon</strong></span> <span class='ocrx_word' id='word_1_179' title='bbox 1621 1025 1709 1081; x_wconf 89' lang='lat' dir='ltr'><strong>solum</strong></span> 
     </span>
     <span class='ocr_line' id='line_1_27' title="bbox 913 1111 1710 1184; baseline -0.001 -18"><span class='ocrx_word' id='word_1_180' title='bbox 913 1113 1012 1178; x_wconf 85' lang='lat' dir='ltr'><strong>anima,</strong></span> <span class='ocrx_word' id='word_1_181' title='bbox 1040 1114 1089 1169; x_wconf 92' lang='lat' dir='ltr'><strong>sed</strong></span> <span class='ocrx_word' id='word_1_182' title='bbox 1104 1124 1132 1169; x_wconf 94' lang='lat' dir='ltr'><strong>et</strong></span> <span class='ocrx_word' id='word_1_183' title='bbox 1146 1114 1234 1184; x_wconf 88' lang='lat' dir='ltr'><strong>ipsum</strong></span> <span class='ocrx_word' id='word_1_184' title='bbox 1249 1128 1348 1183; x_wconf 90' lang='lat' dir='ltr'><strong>corpus</strong></span> <span class='ocrx_word' id='word_1_185' title='bbox 1369 1112 1508 1183; x_wconf 80' lang='lat' dir='ltr'><strong>spirituale</strong></span> <span class='ocrx_word' id='word_1_186' title='bbox 1535 1119 1669 1184; x_wconf 74' lang='lat' dir='ltr'><strong>resurget,</strong></span> <span class='ocrx_word' id='word_1_187' title='bbox 1686 1111 1710 1165; x_wconf 89' lang='lat' dir='ltr'><strong>si</strong></span> 
     </span>
     <span class='ocr_line' id='line_1_28' title="bbox 914 1201 1710 1273; baseline -0.005 -15"><span class='ocrx_word' id='word_1_188' title='bbox 914 1211 1016 1268; x_wconf 88' lang='lat' dir='ltr'><strong>tamon,</strong></span> <span class='ocrx_word' id='word_1_189' title='bbox 1044 1205 1120 1273; x_wconf 87' lang='lat' dir='ltr'><strong>juxta</strong></span> <span class='ocrx_word' id='word_1_190' title='bbox 1150 1201 1273 1273; x_wconf 76' lang='lat' dir='ltr'><strong>Apostoli</strong></span> <span class='ocrx_word' id='word_1_191' title='bbox 1302 1201 1443 1269; x_wconf 91' lang='lat' dir='ltr'><strong>monitum,</strong></span> <span class='ocrx_word' id='word_1_192' title='bbox 1473 1201 1537 1256; x_wconf 90' lang='lat' dir='ltr'><strong>dnm</strong></span> <span class='ocrx_word' id='word_1_193' title='bbox 1564 1201 1653 1257; x_wconf 78' lang='lat' dir='ltr'><strong>adhue</strong></span> <span class='ocrx_word' id='word_1_194' title='bbox 1667 1207 1710 1256; x_wconf 90' lang='lat' dir='ltr'><strong>est</strong></span> 
     </span>
     <span class='ocr_line' id='line_1_29' title="bbox 913 1290 1564 1361; baseline 0 -16"><span class='ocrx_word' id='word_1_195' title='bbox 913 1291 1040 1356; x_wconf 88' lang='lat' dir='ltr'><strong>animale,</strong></span> <span class='ocrx_word' id='word_1_196' title='bbox 1056 1291 1136 1346; x_wconf 90' lang='lat' dir='ltr'><strong>luerit</strong></span> <span class='ocrx_word' id='word_1_197' title='bbox 1148 1291 1306 1345; x_wconf 88' lang='lat' dir='ltr'><strong>seminatum</strong></span> <span class='ocrx_word' id='word_1_198' title='bbox 1327 1290 1352 1361; x_wconf 85' lang='lat' dir='ltr'><strong>(l</strong></span> <span class='ocrx_word' id='word_1_199' title='bbox 1367 1293 1427 1346; x_wconf 86' lang='lat' dir='ltr'><strong>Cor.</strong></span> <span class='ocrx_word' id='word_1_200' title='bbox 1444 1306 1493 1357; x_wconf 89' lang='lat' dir='ltr'><strong>xv,</strong></span> <span class='ocrx_word' id='word_1_201' title='bbox 1508 1291 1564 1360; x_wconf 87' lang='lat' dir='ltr'><strong>tt).</strong></span> 
     </span>
     <span class='ocr_line' id='line_1_30' title="bbox 1225 1379 1395 1434; baseline -0.012 0"><span class='ocrx_word' id='word_1_202' title='bbox 1225 1379 1341 1434; x_wconf 70' lang='lat' dir='ltr'><strong>Sliltlltt</strong></span> <span class='ocrx_word' id='word_1_203' title='bbox 1365 1379 1395 1432; x_wconf 91' lang='lat' dir='ltr'><strong>tl.</strong></span> 
     </span>
     <span class='ocr_line' id='line_1_31' title="bbox 916 1467 1711 1542; baseline -0.006 -14"><span class='ocrx_word' id='word_1_204' title='bbox 916 1475 953 1528; x_wconf 83' lang='lat' dir='ltr'><strong>lic</strong></span> <span class='ocrx_word' id='word_1_205' title='bbox 962 1469 1090 1542; x_wconf 77' lang='lat' dir='ltr'><strong>operatus</strong></span> <span class='ocrx_word' id='word_1_206' title='bbox 1105 1470 1253 1525; x_wconf 74' lang='lat' dir='ltr'><strong>Trinitatis</strong></span> <span class='ocrx_word' id='word_1_207' title='bbox 1262 1483 1347 1541; x_wconf 83' lang='lat' dir='ltr'><strong>super</strong></span> <span class='ocrx_word' id='word_1_208' title='bbox 1357 1470 1453 1531; x_wconf 71' lang='lat' dir='ltr'><strong>renuet</strong></span> <span class='ocrx_word' id='word_1_209' title='bbox 1463 1467 1607 1538; x_wconf 86' lang='lat' dir='ltr'><strong>detripltci</strong></span> <span class='ocrx_word' id='word_1_210' title='bbox 1616 1467 1711 1538; x_wconf 75' lang='lat' dir='ltr'><strong>gratia</strong></span> 
     </span>
     <span class='ocr_line' id='line_1_32' title="bbox 1190 1556 1434 1629; baseline -0.02 -15"><span class='ocrx_word' id='word_1_211' title='bbox 1190 1558 1316 1629; x_wconf 81' lang='lat' dir='ltr'><strong>Spiritus</strong></span> <span class='ocrx_word' id='word_1_212' title='bbox 1330 1556 1434 1612; x_wconf 79' lang='lat' dir='ltr'><strong>sancti</strong></span> 
     </span>
    </p>
   </div>
   <div class='ocr_carea' id='block_1_7' title="bbox 61 1641 1713 1719">
    <p class='ocr_par' dir='ltr' id='par_1_8' title="bbox 61 1641 1713 1719">
     <span class='ocr_line' id='line_1_33' title="bbox 61 1641 1713 1719; baseline 0.003 -24"><span class='ocrx_word' id='word_1_213' title='bbox 61 1642 152 1696; x_wconf 91' lang='lat' dir='ltr'><strong>docet.</strong></span> <span class='ocrx_word' id='word_1_214' title='bbox 173 1643 266 1697; x_wconf 86' lang='lat' dir='ltr'><strong>hlouet</strong></span> <span class='ocrx_word' id='word_1_215' title='bbox 292 1643 461 1709; x_wconf 88' lang='lat' dir='ltr'><strong>memoriam,</strong></span> <span class='ocrx_word' id='word_1_216' title='bbox 493 1643 625 1698; x_wconf 86' lang='lat' dir='ltr'><strong>rationem</strong></span> <span class='ocrx_word' id='word_1_217' title='bbox 653 1645 743 1712; x_wconf 90' lang='lat' dir='ltr'><strong>docet,</strong></span> <span class='ocrx_word' id='word_1_218' title='bbox 768 1644 900 1719; x_wconf 74' lang='lat' dir='ltr'><strong>movetB</strong></span> <span class='ocrx_word' id='word_1_219' title='bbox 953 1653 978 1704; x_wconf 89' lang='lat' dir='ltr'><strong>l.</strong></span> <span class='ocrx_word' id='word_1_220' title='bbox 994 1646 1091 1713; x_wconf 89' lang='lat' dir='ltr'><strong>Hodie,</strong></span> <span class='ocrx_word' id='word_1_221' title='bbox 1118 1645 1295 1715; x_wconf 89' lang='lat' dir='ltr'><strong>dilectissimi,</strong></span> <span class='ocrx_word' id='word_1_222' title='bbox 1321 1643 1381 1700; x_wconf 87' lang='lat' dir='ltr'><strong>eoeli</strong></span> <span class='ocrx_word' id='word_1_223' title='bbox 1404 1641 1713 1700; x_wconf 80' lang='lat' dir='ltr'><strong>distillaveruntalaeie</strong></span> 
     </span>
    </p>
   </div>
   <div class='ocr_carea' id='block_1_8' title="bbox 59 1731 870 2960">
    <p class='ocr_par' dir='ltr' id='par_1_9' title="bbox 59 1731 870 2960">
     <span class='ocr_line' id='line_1_34' title="bbox 59 1731 862 1789; baseline 0 -2"><span class='ocrx_word' id='word_1_224' title='bbox 59 1731 241 1787; x_wconf 82' lang='lat' dir='ltr'><strong>uoluntatem.</strong></span> <span class='ocrx_word' id='word_1_225' title='bbox 257 1731 288 1785; x_wconf 90' lang='lat' dir='ltr'><strong>lu</strong></span> <span class='ocrx_word' id='word_1_226' title='bbox 304 1732 345 1785; x_wconf 92' lang='lat' dir='ltr'><strong>his</strong></span> <span class='ocrx_word' id='word_1_227' title='bbox 361 1732 433 1787; x_wconf 90' lang='lat' dir='ltr'><strong>euim</strong></span> <span class='ocrx_word' id='word_1_228' title='bbox 459 1731 545 1786; x_wconf 90' lang='lat' dir='ltr'><strong>tribus</strong></span> <span class='ocrx_word' id='word_1_229' title='bbox 564 1738 620 1788; x_wconf 86' lang='lat' dir='ltr'><strong>tota</strong></span> <span class='ocrx_word' id='word_1_230' title='bbox 635 1733 758 1789; x_wconf 87' lang='lat' dir='ltr'><strong>consistit</strong></span> <span class='ocrx_word' id='word_1_231' title='bbox 773 1733 862 1788; x_wconf 86' lang='lat' dir='ltr'><strong>anima</strong></span> 
     </span>
     <span class='ocr_line' id='line_1_35' title="bbox 62 1819 863 1895; baseline 0.004 -22"><span class='ocrx_word' id='word_1_232' title='bbox 62 1829 169 1876; x_wconf 89' lang='lat' dir='ltr'><strong>nostra.</strong></span> <span class='ocrx_word' id='word_1_233' title='bbox 196 1819 334 1875; x_wconf 76' lang='lat' dir='ltr'><strong>Memoria</strong></span> <span class='ocrx_word' id='word_1_234' title='bbox 362 1821 484 1895; x_wconf 81' lang='lat' dir='ltr'><strong>suggerit</strong></span> <span class='ocrx_word' id='word_1_235' title='bbox 509 1821 580 1877; x_wconf 75' lang='lat' dir='ltr'><strong>bena</strong></span> <span class='ocrx_word' id='word_1_236' title='bbox 606 1821 632 1875; x_wconf 94' lang='lat' dir='ltr'><strong>in</strong></span> <span class='ocrx_word' id='word_1_237' title='bbox 657 1822 863 1894; x_wconf 86' lang='lat' dir='ltr'><strong>cogitationibus</strong></span> 
     </span>
     <span class='ocr_line' id='line_1_36' title="bbox 63 1910 864 1985; baseline 0.001 -21"><span class='ocrx_word' id='word_1_238' title='bbox 63 1911 176 1978; x_wconf 89' lang='lat' dir='ltr'><strong>sanetis,</strong></span> <span class='ocrx_word' id='word_1_239' title='bbox 204 1918 287 1982; x_wconf 86' lang='lat' dir='ltr'><strong>atque</strong></span> <span class='ocrx_word' id='word_1_240' title='bbox 312 1910 348 1964; x_wconf 90' lang='lat' dir='ltr'><strong>ita</strong></span> <span class='ocrx_word' id='word_1_241' title='bbox 362 1910 496 1982; x_wconf 88' lang='lat' dir='ltr'><strong>ignaviam</strong></span> <span class='ocrx_word' id='word_1_242' title='bbox 525 1919 644 1965; x_wconf 88' lang='lat' dir='ltr'><strong>nostram</strong></span> <span class='ocrx_word' id='word_1_243' title='bbox 673 1920 864 1985; x_wconf 74' lang='lat' dir='ltr'><strong>torporemque</strong></span> 
     </span>
     <span class='ocr_line' id='line_1_37' title="bbox 63 1997 865 2075; baseline 0.001 -23"><span class='ocrx_word' id='word_1_244' title='bbox 63 1999 181 2070; x_wconf 87' lang='lat' dir='ltr'><strong>repellit.</strong></span> <span class='ocrx_word' id='word_1_245' title='bbox 198 1998 347 2069; x_wconf 83' lang='lat' dir='ltr'><strong>Propterea</strong></span> <span class='ocrx_word' id='word_1_246' title='bbox 371 1997 480 2070; x_wconf 92' lang='lat' dir='ltr'><strong>quoties</strong></span> <span class='ocrx_word' id='word_1_247' title='bbox 494 1998 647 2068; x_wconf 75' lang='lat' dir='ltr'><strong>huiusmodi</strong></span> <span class='ocrx_word' id='word_1_248' title='bbox 662 2000 865 2075; x_wconf 85' lang='lat' dir='ltr'><strong>suggestionem</strong></span> 
     </span>
     <span class='ocr_line' id='line_1_38' title="bbox 63 2086 865 2161; baseline 0 -18"><span class='ocrx_word' id='word_1_249' title='bbox 63 2087 131 2143; x_wconf 90' lang='lat' dir='ltr'><strong>boni</strong></span> <span class='ocrx_word' id='word_1_250' title='bbox 145 2087 266 2143; x_wconf 88' lang='lat' dir='ltr'><strong>senseris</strong></span> <span class='ocrx_word' id='word_1_251' title='bbox 278 2087 305 2141; x_wconf 91' lang='lat' dir='ltr'><strong>iu</strong></span> <span class='ocrx_word' id='word_1_252' title='bbox 321 2086 403 2143; x_wconf 92' lang='lat' dir='ltr'><strong>corde</strong></span> <span class='ocrx_word' id='word_1_253' title='bbox 419 2095 474 2150; x_wconf 92' lang='lat' dir='ltr'><strong>tuo,</strong></span> <span class='ocrx_word' id='word_1_254' title='bbox 492 2088 526 2141; x_wconf 92' lang='lat' dir='ltr'><strong>da</strong></span> <span class='ocrx_word' id='word_1_255' title='bbox 540 2088 673 2144; x_wconf 90' lang='lat' dir='ltr'><strong>honorem</strong></span> <span class='ocrx_word' id='word_1_256' title='bbox 691 2090 757 2152; x_wconf 84' lang='lat' dir='ltr'><strong>Deo,</strong></span> <span class='ocrx_word' id='word_1_257' title='bbox 772 2098 800 2145; x_wconf 93' lang='lat' dir='ltr'><strong>et</strong></span> <span class='ocrx_word' id='word_1_258' title='bbox 815 2105 865 2161; x_wconf 87' lang='lat' dir='ltr'><strong>age</strong></span> 
     </span>
     <span class='ocr_line' id='line_1_39' title="bbox 64 2176 866 2248; baseline 0.004 -18"><span class='ocrx_word' id='word_1_259' title='bbox 64 2177 248 2233; x_wconf 89' lang='lat' dir='ltr'><strong>reverentiam</strong></span> <span class='ocrx_word' id='word_1_260' title='bbox 271 2176 380 2248; x_wconf 89' lang='lat' dir='ltr'><strong>Spiritui</strong></span> <span class='ocrx_word' id='word_1_261' title='bbox 399 2185 504 2242; x_wconf 85' lang='lat' dir='ltr'><strong>saneto,</strong></span> <span class='ocrx_word' id='word_1_262' title='bbox 520 2178 597 2247; x_wconf 85' lang='lat' dir='ltr'><strong>cujus</strong></span> <span class='ocrx_word' id='word_1_263' title='bbox 611 2192 663 2233; x_wconf 88' lang='lat' dir='ltr'><strong>vox</strong></span> <span class='ocrx_word' id='word_1_264' title='bbox 678 2186 757 2235; x_wconf 78' lang='lat' dir='ltr'><strong>senat</strong></span> <span class='ocrx_word' id='word_1_265' title='bbox 771 2178 798 2233; x_wconf 89' lang='lat' dir='ltr'><strong>iu</strong></span> <span class='ocrx_word' id='word_1_266' title='bbox 819 2195 866 2233; x_wconf 91' lang='lat' dir='ltr'><strong>au·</strong></span> 
     </span>
     <span class='ocr_line' id='line_1_40' title="bbox 65 2266 865 2339; baseline 0.003 -20"><span class='ocrx_word' id='word_1_267' title='bbox 65 2266 144 2321; x_wconf 91' lang='lat' dir='ltr'><strong>ribus</strong></span> <span class='ocrx_word' id='word_1_268' title='bbox 173 2266 236 2321; x_wconf 90' lang='lat' dir='ltr'><strong>tuis.</strong></span> <span class='ocrx_word' id='word_1_269' title='bbox 252 2266 313 2336; x_wconf 91' lang='lat' dir='ltr'><strong>lpse</strong></span> <span class='ocrx_word' id='word_1_270' title='bbox 329 2281 448 2337; x_wconf 89' lang='lat' dir='ltr'><strong>namque</strong></span> <span class='ocrx_word' id='word_1_271' title='bbox 462 2275 504 2322; x_wconf 90' lang='lat' dir='ltr'><strong>est</strong></span> <span class='ocrx_word' id='word_1_272' title='bbox 528 2266 574 2337; x_wconf 85' lang='lat' dir='ltr'><strong>qni</strong></span> <span class='ocrx_word' id='word_1_273' title='bbox 588 2267 707 2339; x_wconf 91' lang='lat' dir='ltr'><strong>loquitur</strong></span> <span class='ocrx_word' id='word_1_274' title='bbox 725 2267 865 2337; x_wconf 86' lang='lat' dir='ltr'><strong>justitiam.</strong></span> 
     </span>
     <span class='ocr_line' id='line_1_41' title="bbox 66 2354 866 2429; baseline 0.003 -20"><span class='ocrx_word' id='word_1_275' title='bbox 66 2355 102 2409; x_wconf 83' lang='lat' dir='ltr'><strong>Et</strong></span> <span class='ocrx_word' id='word_1_276' title='bbox 113 2354 141 2409; x_wconf 92' lang='lat' dir='ltr'><strong>in</strong></span> <span class='ocrx_word' id='word_1_277' title='bbox 156 2354 304 2429; x_wconf 85' lang='lat' dir='ltr'><strong>Evangelio</strong></span> <span class='ocrx_word' id='word_1_278' title='bbox 320 2354 405 2409; x_wconf 87' lang='lat' dir='ltr'><strong>trabes</strong></span> <span class='ocrx_word' id='word_1_279' title='bbox 419 2355 480 2425; x_wconf 85' lang='lat' dir='ltr'><strong>quia</strong></span> <span class='ocrx_word' id='word_1_280' title='bbox 490 2354 534 2409; x_wconf 91' lang='lat' dir='ltr'><strong>illo</strong></span> <span class='ocrx_word' id='word_1_281' title='bbox 543 2362 668 2428; x_wconf 81' lang='lat' dir='ltr'><strong>suggeret</strong></span> <span class='ocrx_word' id='word_1_282' title='bbox 676 2355 751 2412; x_wconf 75' lang='lat' dir='ltr'><strong>nobas</strong></span> <span class='ocrx_word' id='word_1_283' title='bbox 761 2358 866 2425; x_wconf 82' lang='lat' dir='ltr'><strong>omnic,</strong></span> 
     </span>
     <span class='ocr_line' id='line_1_42' title="bbox 63 2443 867 2518; baseline 0.002 -19"><span class='ocrx_word' id='word_1_284' title='bbox 63 2447 243 2518; x_wconf 70' lang='lat' dir='ltr'><strong>&#39;pcoecunquc</strong></span> <span class='ocrx_word' id='word_1_285' title='bbox 253 2444 352 2500; x_wconf 74' lang='lat' dir='ltr'><strong>dicero</strong></span> <span class='ocrx_word' id='word_1_286' title='bbox 366 2445 449 2499; x_wconf 84' lang='lat' dir='ltr'><strong>uobis.</strong></span> <span class='ocrx_word' id='word_1_287' title='bbox 469 2443 503 2498; x_wconf 88' lang='lat' dir='ltr'><strong>Et</strong></span> <span class='ocrx_word' id='word_1_288' title='bbox 516 2444 627 2499; x_wconf 87' lang='lat' dir='ltr'><strong>adverte</strong></span> <span class='ocrx_word' id='word_1_289' title='bbox 647 2445 710 2515; x_wconf 89' lang='lat' dir='ltr'><strong>quid</strong></span> <span class='ocrx_word' id='word_1_290' title='bbox 726 2444 867 2515; x_wconf 81' lang='lat' dir='ltr'><strong>praemise-</strong></span> 
     </span>
     <span class='ocr_line' id='line_1_43' title="bbox 67 2530 868 2604; baseline 0.001 -19"><span class='ocrx_word' id='word_1_291' title='bbox 67 2531 101 2585; x_wconf 89' lang='lat' dir='ltr'><strong>rit</strong></span> <span class='ocrx_word' id='word_1_292' title='bbox 119 2550 126 2586; x_wconf 78' lang='grc' dir='ltr'>ε</span> <span class='ocrx_word' id='word_1_293' title='bbox 145 2532 195 2587; x_wconf 86' lang='lat' dir='ltr'><strong>lite</strong></span> <span class='ocrx_word' id='word_1_294' title='bbox 208 2549 254 2589; x_wconf 85' lang='lat' dir='ltr'><strong>vos</strong></span> <span class='ocrx_word' id='word_1_295' title='bbox 265 2530 373 2589; x_wconf 85' lang='lat' dir='ltr'><strong>docebit</strong></span> <span class='ocrx_word' id='word_1_296' title='bbox 388 2536 484 2587; x_wconf 86' lang='lat' dir='ltr'><strong>ornnio</strong></span> <span class='ocrx_word' id='word_1_297' title='bbox 494 2533 586 2603; x_wconf 81' lang='lat' dir='ltr'><strong>(teari.</strong></span> <span class='ocrx_word' id='word_1_298' title='bbox 602 2548 661 2601; x_wconf 86' lang='lat' dir='ltr'><strong>xvv,</strong></span> <span class='ocrx_word' id='word_1_299' title='bbox 674 2536 731 2604; x_wconf 80' lang='lat'>26).</span> <span class='ocrx_word' id='word_1_300' title='bbox 743 2534 868 2588; x_wconf 85' lang='lat' dir='ltr'><strong>Dixeram</strong></span> 
     </span>
     <span class='ocr_line' id='line_1_44' title="bbox 65 2620 868 2691; baseline 0.001 -17"><span class='ocrx_word' id='word_1_301' title='bbox 65 2620 142 2674; x_wconf 91' lang='lat' dir='ltr'><strong>enim</strong></span> <span class='ocrx_word' id='word_1_302' title='bbox 154 2620 216 2690; x_wconf 91' lang='lat' dir='ltr'><strong>quia</strong></span> <span class='ocrx_word' id='word_1_303' title='bbox 231 2620 310 2675; x_wconf 92' lang='lat' dir='ltr'><strong>docet</strong></span> <span class='ocrx_word' id='word_1_304' title='bbox 321 2621 465 2676; x_wconf 90' lang='lat' dir='ltr'><strong>rationem.</strong></span> <span class='ocrx_word' id='word_1_305' title='bbox 477 2621 552 2675; x_wconf 85' lang='lat' dir='ltr'><strong>ttulu</strong></span> <span class='ocrx_word' id='word_1_306' title='bbox 565 2620 697 2691; x_wconf 87' lang='lat' dir='ltr'><strong>siquidem</strong></span> <span class='ocrx_word' id='word_1_307' title='bbox 713 2630 868 2685; x_wconf 87' lang='lat' dir='ltr'><strong>monentur,</strong></span> 
     </span>
     <span class='ocr_line' id='line_1_45' title="bbox 67 2707 869 2782; baseline 0.001 -20"><span class='ocrx_word' id='word_1_308' title='bbox 67 2719 99 2764; x_wconf 88' lang='lat' dir='ltr'><strong>ut</strong></span> <span class='ocrx_word' id='word_1_309' title='bbox 115 2707 304 2774; x_wconf 78' lang='lat' dir='ltr'><strong>benesaeiaut3</strong></span> <span class='ocrx_word' id='word_1_310' title='bbox 322 2709 370 2764; x_wconf 89' lang='lat' dir='ltr'><strong>sed</strong></span> <span class='ocrx_word' id='word_1_311' title='bbox 398 2710 510 2766; x_wconf 89' lang='lat' dir='ltr'><strong>minime</strong></span> <span class='ocrx_word' id='word_1_312' title='bbox 539 2710 625 2764; x_wconf 91' lang='lat' dir='ltr'><strong>sciunt</strong></span> <span class='ocrx_word' id='word_1_313' title='bbox 648 2710 714 2781; x_wconf 94' lang='lat' dir='ltr'><strong>quid</strong></span> <span class='ocrx_word' id='word_1_314' title='bbox 733 2710 869 2782; x_wconf 83' lang='lat' dir='ltr'><strong>agendum</strong></span> 
     </span>
     <span class='ocr_line' id='line_1_46' title="bbox 67 2797 870 2871; baseline 0.002 -20"><span class='ocrx_word' id='word_1_315' title='bbox 67 2798 117 2864; x_wconf 89' lang='lat' dir='ltr'><strong>sit,</strong></span> <span class='ocrx_word' id='word_1_316' title='bbox 134 2797 188 2852; x_wconf 90' lang='lat' dir='ltr'><strong>nisi</strong></span> <span class='ocrx_word' id='word_1_317' title='bbox 202 2798 273 2852; x_wconf 89' lang='lat' dir='ltr'><strong>adsit</strong></span> <span class='ocrx_word' id='word_1_318' title='bbox 288 2797 379 2853; x_wconf 91' lang='lat' dir='ltr'><strong>denuo</strong></span> <span class='ocrx_word' id='word_1_319' title='bbox 393 2799 481 2870; x_wconf 88' lang='lat' dir='ltr'><strong>gratia</strong></span> <span class='ocrx_word' id='word_1_320' title='bbox 496 2799 612 2871; x_wconf 87' lang='lat' dir='ltr'><strong>Spiritus</strong></span> <span class='ocrx_word' id='word_1_321' title='bbox 630 2801 731 2867; x_wconf 81' lang='lat' dir='ltr'><strong>sancti3</strong></span> <span class='ocrx_word' id='word_1_322' title='bbox 749 2807 775 2855; x_wconf 90' lang='lat' dir='ltr'><strong>et</strong></span> <span class='ocrx_word' id='word_1_323' title='bbox 789 2814 870 2871; x_wconf 87' lang='lat' dir='ltr'><strong>quam</strong></span> 
     </span>
     <span class='ocr_line' id='line_1_47' title="bbox 69 2886 870 2960; baseline 0.001 -19"><span class='ocrx_word' id='word_1_324' title='bbox 69 2887 186 2957; x_wconf 88' lang='lat' dir='ltr'><strong>inspirat</strong></span> <span class='ocrx_word' id='word_1_325' title='bbox 205 2886 408 2956; x_wconf 86' lang='lat' dir='ltr'><strong>cogitationem,</strong></span> <span class='ocrx_word' id='word_1_326' title='bbox 437 2890 534 2944; x_wconf 87' lang='lat' dir='ltr'><strong>doceat</strong></span> <span class='ocrx_word' id='word_1_327' title='bbox 547 2889 574 2943; x_wconf 91' lang='lat' dir='ltr'><strong>in</strong></span> <span class='ocrx_word' id='word_1_328' title='bbox 590 2905 658 2960; x_wconf 90' lang='lat' dir='ltr'><strong>opus</strong></span> <span class='ocrx_word' id='word_1_329' title='bbox 682 2889 815 2960; x_wconf 88' lang='lat' dir='ltr'><strong>prolerre,</strong></span> <span class='ocrx_word' id='word_1_330' title='bbox 837 2903 870 2942; x_wconf 90' lang='lat' dir='ltr'><strong>ne</strong></span> 
     </span>
    </p>
   </div>
   <div class='ocr_carea' id='block_1_9' title="bbox 916 1731 1738 2432">
    <p class='ocr_par' dir='ltr' id='par_1_10' title="bbox 916 1731 1738 2432">
     <span class='ocr_line' id='line_1_48' title="bbox 916 1731 1714 1806; baseline -0.01 -12"><span class='ocrx_word' id='word_1_331' title='bbox 916 1737 965 1794; x_wconf 89' lang='lat' dir='ltr'><strong>Dei</strong></span> <span class='ocrx_word' id='word_1_332' title='bbox 989 1736 1074 1806; x_wconf 88' lang='lat' dir='ltr'><strong>Sinai,</strong></span> <span class='ocrx_word' id='word_1_333' title='bbox 1099 1734 1199 1792; x_wconf 88' lang='lat' dir='ltr'><strong>alacie</strong></span> <span class='ocrx_word' id='word_1_334' title='bbox 1225 1733 1274 1788; x_wconf 87' lang='lat' dir='ltr'><strong>Dei</strong></span> <span class='ocrx_word' id='word_1_335' title='bbox 1293 1733 1386 1800; x_wconf 91' lang='lat' dir='ltr'><strong>lsrael,</strong></span> <span class='ocrx_word' id='word_1_336' title='bbox 1402 1739 1431 1787; x_wconf 91' lang='lat' dir='ltr'><strong>et</strong></span> <span class='ocrx_word' id='word_1_337' title='bbox 1447 1731 1535 1804; x_wconf 89' lang='lat' dir='ltr'><strong>pluvia</strong></span> <span class='ocrx_word' id='word_1_338' title='bbox 1562 1731 1714 1788; x_wconf 85' lang='lat' dir='ltr'><strong>voluntaria</strong></span> 
     </span>
     <span class='ocr_line' id='line_1_49' title="bbox 918 1822 1714 1898; baseline -0.006 -17"><span class='ocrx_word' id='word_1_339' title='bbox 918 1835 1061 1898; x_wconf 87' lang='lat' dir='ltr'><strong>segregata</strong></span> <span class='ocrx_word' id='word_1_340' title='bbox 1075 1833 1115 1880; x_wconf 87' lang='lat' dir='ltr'><strong>est</strong></span> <span class='ocrx_word' id='word_1_341' title='bbox 1129 1823 1279 1882; x_wconf 77' lang='lat' dir='ltr'><strong>hereditati</strong></span> <span class='ocrx_word' id='word_1_342' title='bbox 1294 1822 1392 1878; x_wconf 87' lang='lat' dir='ltr'><strong>Christi</strong></span> <span class='ocrx_word' id='word_1_343' title='bbox 1407 1822 1492 1890; x_wconf 79' lang='lat' dir='ltr'><strong>(Psoi,</strong></span> <span class='ocrx_word' id='word_1_344' title='bbox 1509 1835 1597 1887; x_wconf 80' lang='lat' dir='ltr'><strong>uxvu,</strong></span> <span class='ocrx_word' id='word_1_345' title='bbox 1614 1824 1641 1889; x_wconf 81' lang='grc'><strong>9,</strong></span> <span class='ocrx_word' id='word_1_346' title='bbox 1657 1822 1714 1889; x_wconf 83' lang='lat' dir='ltr'><strong>lo).</strong></span> 
     </span>
     <span class='ocr_line' id='line_1_50' title="bbox 920 1908 1716 1986; baseline -0.009 -16"><span class='ocrx_word' id='word_1_347' title='bbox 920 1916 1033 1986; x_wconf 90' lang='lat' dir='ltr'><strong>Spiritus</strong></span> <span class='ocrx_word' id='word_1_348' title='bbox 1059 1915 1130 1970; x_wconf 92' lang='lat' dir='ltr'><strong>enim</strong></span> <span class='ocrx_word' id='word_1_349' title='bbox 1159 1925 1268 1970; x_wconf 87' lang='lat' dir='ltr'><strong>sanetus</strong></span> <span class='ocrx_word' id='word_1_350' title='bbox 1292 1910 1446 1984; x_wconf 91' lang='lat' dir='ltr'><strong>procedens</strong></span> <span class='ocrx_word' id='word_1_351' title='bbox 1460 1926 1476 1964; x_wconf 93' lang='lat' dir='ltr'><strong>a</strong></span> <span class='ocrx_word' id='word_1_352' title='bbox 1491 1912 1580 1975; x_wconf 87' lang='lat' dir='ltr'><strong>Patre,</strong></span> <span class='ocrx_word' id='word_1_353' title='bbox 1605 1908 1716 1983; x_wconf 85' lang='lat' dir='ltr'><strong>largiori</strong></span> 
     </span>
     <span class='ocr_line' id='line_1_51' title="bbox 919 1997 1716 2074; baseline -0.01 -14"><span class='ocrx_word' id='word_1_354' title='bbox 919 2021 1032 2060; x_wconf 88' lang='lat' dir='ltr'><strong>uruuere</strong></span> <span class='ocrx_word' id='word_1_355' title='bbox 1062 2021 1117 2060; x_wconf 87' lang='lat' dir='ltr'><strong>suae</strong></span> <span class='ocrx_word' id='word_1_356' title='bbox 1146 2002 1297 2074; x_wconf 89' lang='lat' dir='ltr'><strong>majestatis</strong></span> <span class='ocrx_word' id='word_1_357' title='bbox 1311 2002 1338 2055; x_wconf 95' lang='lat' dir='ltr'><strong>in</strong></span> <span class='ocrx_word' id='word_1_358' title='bbox 1354 1998 1477 2071; x_wconf 87' lang='lat' dir='ltr'><strong>apostolo</strong></span> <span class='ocrx_word' id='word_1_359' title='bbox 1496 1997 1663 2069; x_wconf 83' lang='lat' dir='ltr'><strong>superuenit,</strong></span> <span class='ocrx_word' id='word_1_360' title='bbox 1689 2006 1716 2053; x_wconf 89' lang='lat' dir='ltr'><strong>et</strong></span> 
     </span>
     <span class='ocr_line' id='line_1_52' title="bbox 922 2083 1716 2157; baseline -0.011 -9"><span class='ocrx_word' id='word_1_361' title='bbox 922 2095 1013 2150; x_wconf 88' lang='lat' dir='ltr'><strong>tribuit</strong></span> <span class='ocrx_word' id='word_1_362' title='bbox 1027 2095 1069 2150; x_wconf 89' lang='lat' dir='ltr'><strong>eis</strong></span> <span class='ocrx_word' id='word_1_363' title='bbox 1087 2093 1278 2149; x_wconf 87' lang='lat' dir='ltr'><strong>charismatum</strong></span> <span class='ocrx_word' id='word_1_364' title='bbox 1300 2089 1382 2146; x_wconf 87' lang='lat' dir='ltr'><strong>dona.</strong></span> <span class='ocrx_word' id='word_1_365' title='bbox 1398 2088 1462 2144; x_wconf 86' lang='lat' dir='ltr'><strong>Post</strong></span> <span class='ocrx_word' id='word_1_366' title='bbox 1486 2083 1716 2157; x_wconf 86' lang='lat' dir='ltr'><strong>magnificentiam</strong></span> 
     </span>
     <span class='ocr_line' id='line_1_53' title="bbox 921 2164 1738 2257; baseline -0.013 -18"><span class='ocrx_word' id='word_1_367' title='bbox 921 2184 993 2239; x_wconf 90' lang='lat' dir='ltr'><strong>onim</strong></span> <span class='ocrx_word' id='word_1_368' title='bbox 1022 2183 1201 2257; x_wconf 88' lang='lat' dir='ltr'><strong>resurgentis,</strong></span> <span class='ocrx_word' id='word_1_369' title='bbox 1225 2188 1287 2251; x_wconf 87' lang='lat' dir='ltr'><strong>post</strong></span> <span class='ocrx_word' id='word_1_370' title='bbox 1314 2178 1428 2254; x_wconf 88' lang='lat' dir='ltr'><strong>gloriam</strong></span> <span class='ocrx_word' id='word_1_371' title='bbox 1456 2174 1640 2240; x_wconf 88' lang='lat' dir='ltr'><strong>ascendentis,</strong></span> <span class='ocrx_word' id='word_1_372' title='bbox 1656 2164 1738 2245; x_wconf 83' lang='lat' dir='ltr'><strong>post&#39;</strong></span> 
     </span>
     <span class='ocr_line' id='line_1_54' title="bbox 922 2262 1717 2337; baseline -0.016 -9"><span class='ocrx_word' id='word_1_373' title='bbox 922 2272 1066 2329; x_wconf 74' lang='lat' dir='ltr'><strong>residentis</strong></span> <span class='ocrx_word' id='word_1_374' title='bbox 1080 2269 1284 2337; x_wconf 89' lang='lat' dir='ltr'><strong>sublimitatem,</strong></span> <span class='ocrx_word' id='word_1_375' title='bbox 1300 2282 1354 2323; x_wconf 91' lang='lat' dir='ltr'><strong>nou</strong></span> <span class='ocrx_word' id='word_1_376' title='bbox 1370 2266 1491 2322; x_wconf 87' lang='lat' dir='ltr'><strong>restabat</strong></span> <span class='ocrx_word' id='word_1_377' title='bbox 1505 2262 1559 2319; x_wconf 86' lang='lat' dir='ltr'><strong>nisi</strong></span> <span class='ocrx_word' id='word_1_378' title='bbox 1569 2270 1599 2318; x_wconf 94' lang='lat' dir='ltr'><strong>ut</strong></span> <span class='ocrx_word' id='word_1_379' title='bbox 1617 2278 1717 2335; x_wconf 82' lang='lat' dir='ltr'><strong>exspe-</strong></span> 
     </span>
     <span class='ocr_line' id='line_1_55' title="bbox 921 2351 1718 2432; baseline -0.013 -16"><span class='ocrx_word' id='word_1_380' title='bbox 921 2368 993 2417; x_wconf 86' lang='lat' dir='ltr'><strong>ctata</strong></span> <span class='ocrx_word' id='word_1_381' title='bbox 1003 2360 1097 2432; x_wconf 80' lang='lat' dir='ltr'><strong>letius,</strong></span> <span class='ocrx_word' id='word_1_382' title='bbox 1109 2356 1316 2429; x_wconf 78' lang='lat' dir='ltr'><strong>exspectationi]</strong></span> <span class='ocrx_word' id='word_1_383' title='bbox 1324 2357 1457 2425; x_wconf 86' lang='lat' dir='ltr'><strong>justornm</strong></span> <span class='ocrx_word' id='word_1_384' title='bbox 1467 2351 1558 2408; x_wconf 75' lang='lat' dir='ltr'><strong>laetitia</strong></span> <span class='ocrx_word' id='word_1_385' title='bbox 1567 2351 1718 2423; x_wconf 88' lang='lat' dir='ltr'><strong>adveniret,</strong></span> 
     </span>
    </p>
   </div>
   <div class='ocr_carea' id='block_1_10' title="bbox 922 2439 1819 2512">
    <p class='ocr_par' dir='ltr' id='par_1_11' title="bbox 922 2439 1819 2512">
     <span class='ocr_line' id='line_1_56' title="bbox 922 2439 1819 2512; baseline -0.013 -8"><span class='ocrx_word' id='word_1_386' title='bbox 922 2458 950 2504; x_wconf 90' lang='lat' dir='ltr'><strong>et</strong></span> <span class='ocrx_word' id='word_1_387' title='bbox 965 2448 1025 2505; x_wconf 74' lang='lat' dir='ltr'><strong>coeli</strong></span> <span class='ocrx_word' id='word_1_388' title='bbox 1048 2446 1205 2503; x_wconf 76' lang='lat' dir='ltr'><strong>muneribus</strong></span> <span class='ocrx_word' id='word_1_389' title='bbox 1232 2445 1357 2502; x_wconf 88' lang='lat' dir='ltr'><strong>eoelcstes</strong></span> <span class='ocrx_word' id='word_1_390' title='bbox 1383 2441 1507 2498; x_wconf 90' lang='lat' dir='ltr'><strong>homines</strong></span> <span class='ocrx_word' id='word_1_391' title='bbox 1530 2439 1718 2512; x_wconf 88' lang='lat' dir='ltr'><strong>implerentur.</strong></span> <span class='ocrx_word' id='word_1_392' title='bbox 1816 2503 1819 2511; x_wconf 27' lang='lat'>¹</span> 
     </span>
    </p>
   </div>
   <div class='ocr_carea' id='block_1_11' title="bbox 923 2529 1723 2964">
    <p class='ocr_par' dir='ltr' id='par_1_12' title="bbox 923 2529 1723 2964">
     <span class='ocr_line' id='line_1_57' title="bbox 923 2529 1721 2602; baseline -0.013 -10"><span class='ocrx_word' id='word_1_393' title='bbox 923 2539 991 2595; x_wconf 89' lang='lat' dir='ltr'><strong>Vide</strong></span> <span class='ocrx_word' id='word_1_394' title='bbox 1006 2545 1097 2593; x_wconf 86' lang='lat' dir='ltr'><strong>autem</strong></span> <span class='ocrx_word' id='word_1_395' title='bbox 1111 2536 1134 2591; x_wconf 89' lang='lat' dir='ltr'><strong>si</strong></span> <span class='ocrx_word' id='word_1_396' title='bbox 1150 2551 1203 2591; x_wconf 92' lang='lat' dir='ltr'><strong>uon</strong></span> <span class='ocrx_word' id='word_1_397' title='bbox 1220 2542 1247 2589; x_wconf 94' lang='lat' dir='ltr'><strong>et</strong></span> <span class='ocrx_word' id='word_1_398' title='bbox 1262 2532 1458 2589; x_wconf 90' lang='lat' dir='ltr'><strong>sententiarum</strong></span> <span class='ocrx_word' id='word_1_399' title='bbox 1470 2529 1602 2602; x_wconf 90' lang='lat' dir='ltr'><strong>pondere,</strong></span> <span class='ocrx_word' id='word_1_400' title='bbox 1617 2536 1645 2584; x_wconf 91' lang='lat' dir='ltr'><strong>et</strong></span> <span class='ocrx_word' id='word_1_401' title='bbox 1659 2543 1721 2584; x_wconf 88' lang='lat' dir='ltr'><strong>ver·</strong></span> 
     </span>
     <span class='ocr_line' id='line_1_58' title="bbox 923 2620 1721 2695; baseline -0.013 -12"><span class='ocrx_word' id='word_1_402' title='bbox 923 2630 1019 2684; x_wconf 92' lang='lat' dir='ltr'><strong>borum</strong></span> <span class='ocrx_word' id='word_1_403' title='bbox 1043 2625 1139 2682; x_wconf 89' lang='lat' dir='ltr'><strong>ordine</strong></span> <span class='ocrx_word' id='word_1_404' title='bbox 1167 2626 1224 2680; x_wconf 85' lang='lat' dir='ltr'><strong>haec</strong></span> <span class='ocrx_word' id='word_1_405' title='bbox 1250 2621 1341 2679; x_wconf 91' lang='lat' dir='ltr'><strong>omnia</strong></span> <span class='ocrx_word' id='word_1_406' title='bbox 1367 2620 1451 2676; x_wconf 87' lang='lat' dir='ltr'><strong>lsaias</strong></span> <span class='ocrx_word' id='word_1_407' title='bbox 1473 2620 1556 2695; x_wconf 90' lang='lat' dir='ltr'><strong>longe</strong></span> <span class='ocrx_word' id='word_1_408' title='bbox 1571 2625 1634 2674; x_wconf 89' lang='lat' dir='ltr'><strong>ante</strong></span> <span class='ocrx_word' id='word_1_409' title='bbox 1648 2632 1721 2688; x_wconf 78' lang='lat' dir='ltr'><strong>prm·</strong></span> 
     </span>
     <span class='ocr_line' id='line_1_59' title="bbox 924 2707 1721 2785; baseline -0.013 -15"><span class='ocrx_word' id='word_1_410' title='bbox 924 2717 1000 2772; x_wconf 85' lang='lat' dir='ltr'><strong>dixit.</strong></span> <span class='ocrx_word' id='word_1_411' title='bbox 1015 2719 1087 2780; x_wconf 79' lang='lat' dir='ltr'><strong>Erit,</strong></span> <span class='ocrx_word' id='word_1_412' title='bbox 1113 2713 1208 2785; x_wconf 91' lang='lat' dir='ltr'><strong>iuquit,</strong></span> <span class='ocrx_word' id='word_1_413' title='bbox 1225 2715 1257 2769; x_wconf 83' lang='lat' dir='ltr'><strong>in</strong></span> <span class='ocrx_word' id='word_1_414' title='bbox 1271 2713 1317 2768; x_wconf 86' lang='lat' dir='ltr'><strong>die</strong></span> <span class='ocrx_word' id='word_1_415' title='bbox 1338 2710 1391 2767; x_wconf 83' lang='lat' dir='ltr'><strong>illo</strong></span> <span class='ocrx_word' id='word_1_416' title='bbox 1416 2725 1530 2782; x_wconf 77' lang='lat' dir='ltr'><strong>germen</strong></span> <span class='ocrx_word' id='word_1_417' title='bbox 1559 2707 1672 2765; x_wconf 73' lang='lat' dir='ltr'><strong>limini</strong></span> <span class='ocrx_word' id='word_1_418' title='bbox 1690 2707 1721 2761; x_wconf 83' lang='lat' dir='ltr'><strong>in</strong></span> 
     </span>
     <span class='ocr_line' id='line_1_60' title="bbox 924 2795 1723 2877; baseline -0.011 -17"><span class='ocrx_word' id='word_1_419' title='bbox 924 2803 1140 2877; x_wconf 74' lang='lat' dir='ltr'><strong>rrragrrificentiu</strong></span> <span class='ocrx_word' id='word_1_420' title='bbox 1148 2808 1176 2858; x_wconf 85' lang='lat' dir='ltr'><strong>et</strong></span> <span class='ocrx_word' id='word_1_421' title='bbox 1185 2802 1286 2873; x_wconf 79' lang='lat' dir='ltr'><strong>gloria,</strong></span> <span class='ocrx_word' id='word_1_422' title='bbox 1297 2804 1325 2859; x_wconf 87' lang='lat' dir='ltr'><strong>et</strong></span> <span class='ocrx_word' id='word_1_423' title='bbox 1337 2802 1452 2871; x_wconf 71' lang='lat' dir='ltr'><strong>[ructas</strong></span> <span class='ocrx_word' id='word_1_424' title='bbox 1460 2795 1723 2858; x_wconf 64' lang='lat' dir='ltr'><strong>tcmoesubttmismt</strong></span> 
     </span>
     <span class='ocr_line' id='line_1_61' title="bbox 926 2884 1722 2964; baseline -0.019 -13"><span class='ocrx_word' id='word_1_425' title='bbox 926 2894 1084 2951; x_wconf 77' lang='lat' dir='ltr'><strong>exsultatio</strong></span> <span class='ocrx_word' id='word_1_426' title='bbox 1095 2892 1139 2947; x_wconf 79' lang='lat' dir='ltr'><strong>lats</strong></span> <span class='ocrx_word' id='word_1_427' title='bbox 1148 2889 1426 2964; x_wconf 77' lang='lat' dir='ltr'><strong>quisutuottsncri&#39;nt</strong></span> <span class='ocrx_word' id='word_1_428' title='bbox 1434 2887 1557 2944; x_wconf 80' lang='lat' dir='ltr'><strong>dclsraet</strong></span> <span class='ocrx_word' id='word_1_429' title='bbox 1565 2884 1722 2953; x_wconf 53' lang='lat' dir='ltr'><strong>(treuva).</strong></span> 
     </span>
    </p>
   </div>
   <div class='ocr_carea' id='block_1_12' title="bbox 69 2945 1723 3227">
    <p class='ocr_par' dir='ltr' id='par_1_13' title="bbox 69 2945 1723 3227">
     <span class='ocr_line' id='line_1_62' title="bbox 69 2945 1723 3050; baseline -0.004 -19"><span class='ocrx_word' id='word_1_430' title='bbox 69 2992 156 3031; x_wconf 88' lang='lat' dir='ltr'><strong>vacua</strong></span> <span class='ocrx_word' id='word_1_431' title='bbox 170 2975 198 3030; x_wconf 93' lang='lat' dir='ltr'><strong>in</strong></span> <span class='ocrx_word' id='word_1_432' title='bbox 214 2977 294 3031; x_wconf 90' lang='lat' dir='ltr'><strong>nobis</strong></span> <span class='ocrx_word' id='word_1_433' title='bbox 308 2976 343 3030; x_wconf 90' lang='lat' dir='ltr'><strong>sit</strong></span> <span class='ocrx_word' id='word_1_434' title='bbox 357 2977 444 3046; x_wconf 87' lang='lat' dir='ltr'><strong>gratia</strong></span> <span class='ocrx_word' id='word_1_435' title='bbox 457 2978 518 3032; x_wconf 85' lang='lat' dir='ltr'><strong>Dei.</strong></span> <span class='ocrx_word' id='word_1_436' title='bbox 535 2977 588 3033; x_wconf 92' lang='lat' dir='ltr'><strong>Sed</strong></span> <span class='ocrx_word' id='word_1_437' title='bbox 605 2978 690 3050; x_wconf 83' lang='lat' dir='ltr'><strong>quidl</strong></span> <span class='ocrx_word' id='word_1_438' title='bbox 710 2979 814 3036; x_wconf 86' lang='lat' dir='ltr'><strong>Scicnti</strong></span> <span class='ocrx_word' id='word_1_439' title='bbox 827 2978 872 3034; x_wconf 83' lang='lat' dir='ltr'><strong>bo·</strong></span> <span class='ocrx_word' id='word_1_440' title='bbox 888 2945 910 3024; x_wconf 66' lang='lat' dir='ltr'><strong>c</strong></span> <span class='ocrx_word' id='word_1_441' title='bbox 926 2983 1046 3038; x_wconf 90' lang='lat' dir='ltr'><strong>Gormeu</strong></span> <span class='ocrx_word' id='word_1_442' title='bbox 1060 2978 1168 3036; x_wconf 89' lang='lat' dir='ltr'><strong>Domini</strong></span> <span class='ocrx_word' id='word_1_443' title='bbox 1182 2979 1260 3032; x_wconf 88' lang='lat' dir='ltr'><strong>tosus</strong></span> <span class='ocrx_word' id='word_1_444' title='bbox 1286 2975 1407 3033; x_wconf 87' lang='lat' dir='ltr'><strong>Christus</strong></span> <span class='ocrx_word' id='word_1_445' title='bbox 1429 2974 1524 3046; x_wconf 79' lang='lat' dir='ltr'><strong>latias,</strong></span> <span class='ocrx_word' id='word_1_446' title='bbox 1540 2988 1593 3028; x_wconf 90' lang='lat' dir='ltr'><strong>nou</strong></span> <span class='ocrx_word' id='word_1_447' title='bbox 1608 2985 1723 3043; x_wconf 88' lang='lat' dir='ltr'><strong>germen</strong></span> 
     </span>
     <span class='ocr_line' id='line_1_63' title="bbox 71 3058 1722 3143; baseline -0.005 -23"><span class='ocrx_word' id='word_1_448' title='bbox 71 3082 157 3130; x_wconf 83' lang='lat' dir='ltr'><strong>nuru,</strong></span> <span class='ocrx_word' id='word_1_449' title='bbox 168 3069 194 3120; x_wconf 89' lang='lat' dir='ltr'><strong>et</strong></span> <span class='ocrx_word' id='word_1_450' title='bbox 205 3067 402 3135; x_wconf 75' lang='lat' dir='ltr'><strong>consumenti,</strong></span> <span class='ocrx_word' id='word_1_451' title='bbox 413 3072 562 3138; x_wconf 82' lang='lat' dir='ltr'><strong>peecatum</strong></span> <span class='ocrx_word' id='word_1_452' title='bbox 573 3074 616 3125; x_wconf 82' lang='lat' dir='ltr'><strong>cst</strong></span> <span class='ocrx_word' id='word_1_453' title='bbox 624 3069 670 3124; x_wconf 86' lang='lat' dir='ltr'><strong>itti</strong></span> <span class='ocrx_word' id='word_1_454' title='bbox 679 3067 756 3141; x_wconf 82' lang='lat' dir='ltr'><strong>[alias</strong></span> <span class='ocrx_word' id='word_1_455' title='bbox 765 3067 873 3122; x_wconf 92' lang='lat' dir='ltr'><strong>additur</strong></span> <span class='ocrx_word' id='word_1_456' title='bbox 927 3071 1015 3143; x_wconf 79' lang='lat' dir='ltr'><strong>hdael.</strong></span> <span class='ocrx_word' id='word_1_457' title='bbox 1031 3069 1105 3125; x_wconf 89' lang='lat' dir='ltr'><strong>solus</strong></span> <span class='ocrx_word' id='word_1_458' title='bbox 1118 3067 1153 3124; x_wconf 89' lang='lat' dir='ltr'><strong>de</strong></span> <span class='ocrx_word' id='word_1_459' title='bbox 1167 3064 1345 3121; x_wconf 90' lang='lat' dir='ltr'><strong>mundissimo</strong></span> <span class='ocrx_word' id='word_1_460' title='bbox 1357 3070 1505 3132; x_wconf 87' lang='lat' dir='ltr'><strong>conceptus</strong></span> <span class='ocrx_word' id='word_1_461' title='bbox 1514 3060 1619 3117; x_wconf 91' lang='lat' dir='ltr'><strong>semiue</strong></span> <span class='ocrx_word' id='word_1_462' title='bbox 1629 3076 1636 3126; x_wconf 81' lang='lat'>3</span> <span class='ocrx_word' id='word_1_463' title='bbox 1648 3058 1722 3129; x_wconf 88' lang='lat' dir='ltr'><strong>quia,</strong></span> 
     </span>
     <span class='ocr_line' id='line_1_64' title="bbox 71 3146 1722 3227; baseline -0.004 -19"><span class='ocrx_word' id='word_1_464' title='bbox 71 3152 178 3227; x_wconf 79' lang='lat' dir='ltr'><strong>pretio]</strong></span> <span class='ocrx_word' id='word_1_465' title='bbox 195 3153 267 3224; x_wconf 83' lang='lat' dir='ltr'><strong>(tac.</strong></span> <span class='ocrx_word' id='word_1_466' title='bbox 284 3169 324 3220; x_wconf 88' lang='lat' dir='ltr'><strong>rv,</strong></span> <span class='ocrx_word' id='word_1_467' title='bbox 341 3154 394 3225; x_wconf 73' lang='lat' dir='ltr'><strong>li).</strong></span> <span class='ocrx_word' id='word_1_468' title='bbox 423 3155 571 3225; x_wconf 91' lang='lat' dir='ltr'><strong>Propterea</strong></span> <span class='ocrx_word' id='word_1_469' title='bbox 597 3170 651 3210; x_wconf 92' lang='lat' dir='ltr'><strong>non</strong></span> <span class='ocrx_word' id='word_1_470' title='bbox 667 3155 753 3211; x_wconf 90' lang='lat' dir='ltr'><strong>solnm</strong></span> <span class='ocrx_word' id='word_1_471' title='bbox 770 3156 875 3211; x_wconf 89' lang='lat' dir='ltr'><strong>moneri</strong></span> <span class='ocrx_word' id='word_1_472' title='bbox 928 3160 980 3216; x_wconf 83' lang='lat' dir='ltr'><strong>etsi</strong></span> <span class='ocrx_word' id='word_1_473' title='bbox 1002 3159 1029 3213; x_wconf 91' lang='lat' dir='ltr'><strong>in</strong></span> <span class='ocrx_word' id='word_1_474' title='bbox 1055 3155 1229 3212; x_wconf 90' lang='lat' dir='ltr'><strong>similitudine</strong></span> <span class='ocrx_word' id='word_1_475' title='bbox 1258 3151 1347 3209; x_wconf 89' lang='lat' dir='ltr'><strong>caruis</strong></span> <span class='ocrx_word' id='word_1_476' title='bbox 1370 3149 1484 3222; x_wconf 83' lang='lat' dir='ltr'><strong>peccati,</strong></span> <span class='ocrx_word' id='word_1_477' title='bbox 1510 3163 1564 3204; x_wconf 90' lang='lat' dir='ltr'><strong>non</strong></span> <span class='ocrx_word' id='word_1_478' title='bbox 1589 3146 1722 3202; x_wconf 83' lang='lat' dir='ltr'><strong>tamenin</strong></span> 
     </span>
    </p>
   </div>
   <div class='ocr_carea' id='block_1_13' title="bbox 52 3243 885 5544">
    <p class='ocr_par' dir='ltr' id='par_1_14' title="bbox 52 3243 885 5544">
     <span class='ocr_line' id='line_1_65' title="bbox 72 3243 875 3307; baseline 0 -9"><span class='ocrx_word' id='word_1_479' title='bbox 72 3252 101 3298; x_wconf 91' lang='lat' dir='ltr'><strong>et</strong></span> <span class='ocrx_word' id='word_1_480' title='bbox 116 3243 218 3307; x_wconf 89' lang='lat' dir='ltr'><strong>doceri,</strong></span> <span class='ocrx_word' id='word_1_481' title='bbox 248 3258 343 3298; x_wconf 90' lang='lat' dir='ltr'><strong>verum</strong></span> <span class='ocrx_word' id='word_1_482' title='bbox 374 3243 455 3298; x_wconf 90' lang='lat' dir='ltr'><strong>etiam</strong></span> <span class='ocrx_word' id='word_1_483' title='bbox 483 3244 587 3300; x_wconf 90' lang='lat' dir='ltr'><strong>moveri</strong></span> <span class='ocrx_word' id='word_1_484' title='bbox 602 3251 630 3302; x_wconf 91' lang='lat' dir='ltr'><strong>et</strong></span> <span class='ocrx_word' id='word_1_485' title='bbox 640 3243 710 3299; x_wconf 87' lang='lat' dir='ltr'><strong>allici</strong></span> <span class='ocrx_word' id='word_1_486' title='bbox 725 3245 758 3299; x_wconf 92' lang='lat' dir='ltr'><strong>ad</strong></span> <span class='ocrx_word' id='word_1_487' title='bbox 773 3246 875 3301; x_wconf 91' lang='lat' dir='ltr'><strong>bonum</strong></span> 
     </span>
     <span class='ocr_line' id='line_1_66' title="bbox 73 3332 875 3405; baseline 0.001 -18"><span class='ocrx_word' id='word_1_488' title='bbox 73 3347 190 3388; x_wconf 90' lang='lat' dir='ltr'><strong>necesse</strong></span> <span class='ocrx_word' id='word_1_489' title='bbox 205 3338 246 3386; x_wconf 91' lang='lat' dir='ltr'><strong>est</strong></span> <span class='ocrx_word' id='word_1_490' title='bbox 260 3334 294 3386; x_wconf 88' lang='lat' dir='ltr'><strong>ab</strong></span> <span class='ocrx_word' id='word_1_491' title='bbox 310 3347 343 3387; x_wconf 93' lang='lat' dir='ltr'><strong>oo</strong></span> <span class='ocrx_word' id='word_1_492' title='bbox 359 3332 453 3403; x_wconf 92' lang='lat' dir='ltr'><strong>utique</strong></span> <span class='ocrx_word' id='word_1_493' title='bbox 470 3333 581 3403; x_wconf 91' lang='lat' dir='ltr'><strong>Spiritu,</strong></span> <span class='ocrx_word' id='word_1_494' title='bbox 597 3334 644 3405; x_wconf 89' lang='lat' dir='ltr'><strong>qui</strong></span> <span class='ocrx_word' id='word_1_495' title='bbox 664 3333 775 3403; x_wconf 86' lang='lat' dir='ltr'><strong>adjuvat</strong></span> <span class='ocrx_word' id='word_1_496' title='bbox 795 3332 875 3388; x_wconf 82' lang='lat' dir='ltr'><strong>infur-</strong></span> 
     </span>
     <span class='ocr_line' id='line_1_67' title="bbox 73 3411 876 3494; baseline 0.002 -18"><span class='ocrx_word' id='word_1_497' title='bbox 73 3424 195 3476; x_wconf 88' lang='lat' dir='ltr'><strong>mitatem</strong></span> <span class='ocrx_word' id='word_1_498' title='bbox 220 3428 352 3485; x_wconf 89' lang='lat' dir='ltr'><strong>nostram,</strong></span> <span class='ocrx_word' id='word_1_499' title='bbox 369 3431 396 3476; x_wconf 94' lang='lat' dir='ltr'><strong>et</strong></span> <span class='ocrx_word' id='word_1_500' title='bbox 410 3438 460 3492; x_wconf 90' lang='lat' dir='ltr'><strong>per</strong></span> <span class='ocrx_word' id='word_1_501' title='bbox 478 3439 561 3494; x_wconf 89' lang='lat' dir='ltr'><strong>quem</strong></span> <span class='ocrx_word' id='word_1_502' title='bbox 585 3422 612 3476; x_wconf 92' lang='lat' dir='ltr'><strong>in</strong></span> <span class='ocrx_word' id='word_1_503' title='bbox 628 3411 757 3478; x_wconf 78' lang='lat' dir='ltr'><strong>cordibus</strong></span> <span class='ocrx_word' id='word_1_504' title='bbox 775 3423 876 3478; x_wconf 89' lang='lat' dir='ltr'><strong>nostris</strong></span> 
     </span>
     <span class='ocr_line' id='line_1_68' title="bbox 73 3510 751 3583; baseline 0.001 -17"><span class='ocrx_word' id='word_1_505' title='bbox 73 3510 237 3566; x_wconf 82' lang='lat' dir='ltr'><strong>distenditur</strong></span> <span class='ocrx_word' id='word_1_506' title='bbox 251 3511 379 3577; x_wconf 85' lang='lat' dir='ltr'><strong>charitas,</strong></span> <span class='ocrx_word' id='word_1_507' title='bbox 395 3528 458 3583; x_wconf 79' lang='lat' dir='ltr'><strong>quae</strong></span> <span class='ocrx_word' id='word_1_508' title='bbox 474 3521 516 3567; x_wconf 87' lang='lat' dir='ltr'><strong>cst</strong></span> <span class='ocrx_word' id='word_1_509' title='bbox 529 3513 601 3568; x_wconf 92' lang='lat' dir='ltr'><strong>bona</strong></span> <span class='ocrx_word' id='word_1_510' title='bbox 615 3512 751 3570; x_wconf 91' lang='lat' dir='ltr'><strong>voluutas.</strong></span> 
     </span>
     <span class='ocr_line' id='line_1_69' title="bbox 112 3600 879 3673; baseline 0.001 -17"><span class='ocrx_word' id='word_1_511' title='bbox 112 3605 138 3656; x_wconf 83' lang='lat' dir='ltr'><strong>u.</strong></span> <span class='ocrx_word' id='word_1_512' title='bbox 157 3601 250 3673; x_wconf 89' lang='lat' dir='ltr'><strong>ltaque</strong></span> <span class='ocrx_word' id='word_1_513' title='bbox 265 3616 326 3656; x_wconf 92' lang='lat' dir='ltr'><strong>cum</strong></span> <span class='ocrx_word' id='word_1_514' title='bbox 340 3600 379 3656; x_wconf 92' lang='lat' dir='ltr'><strong>sic</strong></span> <span class='ocrx_word' id='word_1_515' title='bbox 395 3601 545 3657; x_wconf 89' lang='lat' dir='ltr'><strong>adveniens</strong></span> <span class='ocrx_word' id='word_1_516' title='bbox 560 3601 675 3672; x_wconf 88' lang='lat' dir='ltr'><strong>Spiritus</strong></span> <span class='ocrx_word' id='word_1_517' title='bbox 686 3606 770 3658; x_wconf 90' lang='lat' dir='ltr'><strong>totam</strong></span> <span class='ocrx_word' id='word_1_518' title='bbox 785 3616 879 3672; x_wconf 84' lang='lat' dir='ltr'><strong>posse·</strong></span> 
     </span>
     <span class='ocr_line' id='line_1_70' title="bbox 73 3688 876 3761; baseline 0.001 -17"><span class='ocrx_word' id='word_1_519' title='bbox 73 3689 148 3744; x_wconf 91' lang='lat' dir='ltr'><strong>derit</strong></span> <span class='ocrx_word' id='word_1_520' title='bbox 162 3688 290 3758; x_wconf 87' lang='lat' dir='ltr'><strong>auinrarn,</strong></span> <span class='ocrx_word' id='word_1_521' title='bbox 322 3689 512 3761; x_wconf 88' lang='lat' dir='ltr'><strong>suggerendo,</strong></span> <span class='ocrx_word' id='word_1_522' title='bbox 540 3689 709 3760; x_wconf 89' lang='lat' dir='ltr'><strong>instruendo,</strong></span> <span class='ocrx_word' id='word_1_523' title='bbox 725 3688 876 3756; x_wconf 81' lang='lat' dir='ltr'><strong>alliciendo,</strong></span> 
     </span>
     <span class='ocr_line' id='line_1_71' title="bbox 52 3778 873 3852; baseline 0.001 -20"><span class='ocrx_word' id='word_1_524' title='bbox 52 3780 56 3785; x_wconf 86' lang='lat'>&#39;</span> <span class='ocrx_word' id='word_1_525' title='bbox 78 3779 195 3851; x_wconf 90' lang='lat' dir='ltr'><strong>loquens</strong></span> <span class='ocrx_word' id='word_1_526' title='bbox 223 3794 333 3848; x_wconf 89' lang='lat' dir='ltr'><strong>semper</strong></span> <span class='ocrx_word' id='word_1_527' title='bbox 345 3779 372 3834; x_wconf 90' lang='lat' dir='ltr'><strong>iu</strong></span> <span class='ocrx_word' id='word_1_528' title='bbox 389 3778 600 3852; x_wconf 82' lang='lat' dir='ltr'><strong>cogitationibus</strong></span> <span class='ocrx_word' id='word_1_529' title='bbox 611 3779 720 3845; x_wconf 90' lang='lat' dir='ltr'><strong>nostris,</strong></span> <span class='ocrx_word' id='word_1_530' title='bbox 736 3787 766 3834; x_wconf 92' lang='lat' dir='ltr'><strong>ut</strong></span> <span class='ocrx_word' id='word_1_531' title='bbox 779 3778 873 3834; x_wconf 89' lang='lat' dir='ltr'><strong>audia-</strong></span> 
     </span>
     <span class='ocr_line' id='line_1_72' title="bbox 79 3867 878 3940; baseline 0 -17"><span class='ocrx_word' id='word_1_532' title='bbox 79 3885 142 3924; x_wconf 90' lang='lat' dir='ltr'><strong>mus</strong></span> <span class='ocrx_word' id='word_1_533' title='bbox 161 3876 188 3922; x_wconf 92' lang='lat' dir='ltr'><strong>et</strong></span> <span class='ocrx_word' id='word_1_534' title='bbox 203 3883 253 3922; x_wconf 91' lang='lat' dir='ltr'><strong>uos</strong></span> <span class='ocrx_word' id='word_1_535' title='bbox 267 3868 331 3938; x_wconf 92' lang='lat' dir='ltr'><strong>quid</strong></span> <span class='ocrx_word' id='word_1_536' title='bbox 353 3868 482 3940; x_wconf 89' lang='lat' dir='ltr'><strong>loquatur</strong></span> <span class='ocrx_word' id='word_1_537' title='bbox 495 3869 522 3922; x_wconf 92' lang='lat' dir='ltr'><strong>in</strong></span> <span class='ocrx_word' id='word_1_538' title='bbox 536 3868 615 3923; x_wconf 90' lang='lat' dir='ltr'><strong>nobis</strong></span> <span class='ocrx_word' id='word_1_539' title='bbox 639 3868 771 3923; x_wconf 91' lang='lat' dir='ltr'><strong>Dominus</strong></span> <span class='ocrx_word' id='word_1_540' title='bbox 794 3867 878 3938; x_wconf 88' lang='lat' dir='ltr'><strong>Deus,</strong></span> 
     </span>
     <span class='ocr_line' id='line_1_73' title="bbox 77 3957 877 4026; baseline 0 -14"><span class='ocrx_word' id='word_1_541' title='bbox 77 3958 215 4012; x_wconf 91' lang='lat' dir='ltr'><strong>rationem</strong></span> <span class='ocrx_word' id='word_1_542' title='bbox 244 3957 407 4026; x_wconf 87' lang='lat' dir='ltr'><strong>illuminaus,</strong></span> <span class='ocrx_word' id='word_1_543' title='bbox 436 3957 603 4013; x_wconf 88' lang='lat' dir='ltr'><strong>voluntatem</strong></span> <span class='ocrx_word' id='word_1_544' title='bbox 618 3957 806 4022; x_wconf 88' lang='lat' dir='ltr'><strong>inllammaus;</strong></span> <span class='ocrx_word' id='word_1_545' title='bbox 825 3972 877 4012; x_wconf 90' lang='lat' dir='ltr'><strong>uon</strong></span> 
     </span>
     <span class='ocr_line' id='line_1_74' title="bbox 78 4045 877 4117; baseline 0 -18"><span class='ocrx_word' id='word_1_546' title='bbox 78 4046 129 4100; x_wconf 92' lang='lat' dir='ltr'><strong>tibi</strong></span> <span class='ocrx_word' id='word_1_547' title='bbox 153 4046 259 4100; x_wconf 83' lang='lat' dir='ltr'><strong>videtur</strong></span> <span class='ocrx_word' id='word_1_548' title='bbox 278 4045 341 4117; x_wconf 89' lang='lat' dir='ltr'><strong>qnia</strong></span> <span class='ocrx_word' id='word_1_549' title='bbox 357 4053 441 4101; x_wconf 90' lang='lat' dir='ltr'><strong>totam</strong></span> <span class='ocrx_word' id='word_1_550' title='bbox 460 4047 568 4102; x_wconf 92' lang='lat' dir='ltr'><strong>domum</strong></span> <span class='ocrx_word' id='word_1_551' title='bbox 584 4046 756 4117; x_wconf 88' lang='lat' dir='ltr'><strong>impleverint</strong></span> <span class='ocrx_word' id='word_1_552' title='bbox 771 4046 877 4116; x_wconf 90' lang='lat' dir='ltr'><strong>disper·</strong></span> 
     </span>
     <span class='ocr_line' id='line_1_75' title="bbox 80 4135 881 4209; baseline 0.001 -20"><span class='ocrx_word' id='word_1_553' title='bbox 80 4135 139 4190; x_wconf 83' lang='lat' dir='ltr'><strong>titae</strong></span> <span class='ocrx_word' id='word_1_554' title='bbox 154 4135 255 4209; x_wconf 71' lang='lat' dir='ltr'><strong>liuguae</strong></span> <span class='ocrx_word' id='word_1_555' title='bbox 271 4141 399 4207; x_wconf 88' lang='lat' dir='ltr'><strong>tanquam</strong></span> <span class='ocrx_word' id='word_1_556' title='bbox 413 4135 506 4208; x_wconf 86' lang='lat' dir='ltr'><strong>ignis‘?</strong></span> <span class='ocrx_word' id='word_1_557' title='bbox 521 4138 590 4191; x_wconf 88' lang='lat' dir='ltr'><strong>Nam</strong></span> <span class='ocrx_word' id='word_1_558' title='bbox 604 4137 631 4192; x_wconf 93' lang='lat' dir='ltr'><strong>iu</strong></span> <span class='ocrx_word' id='word_1_559' title='bbox 646 4136 686 4190; x_wconf 85' lang='lat' dir='ltr'><strong>luis</strong></span> <span class='ocrx_word' id='word_1_560' title='bbox 702 4136 787 4189; x_wconf 91' lang='lat' dir='ltr'><strong>tribus</strong></span> <span class='ocrx_word' id='word_1_561' title='bbox 800 4149 881 4205; x_wconf 89' lang='lat' dir='ltr'><strong>supe-</strong></span> 
     </span>
     <span class='ocr_line' id='line_1_76' title="bbox 84 4223 881 4280; baseline 0 -3"><span class='ocrx_word' id='word_1_562' title='bbox 84 4225 142 4278; x_wconf 91' lang='lat' dir='ltr'><strong>rius</strong></span> <span class='ocrx_word' id='word_1_563' title='bbox 156 4224 258 4278; x_wconf 90' lang='lat' dir='ltr'><strong>dietum</strong></span> <span class='ocrx_word' id='word_1_564' title='bbox 273 4232 315 4278; x_wconf 85' lang='lat' dir='ltr'><strong>est</strong></span> <span class='ocrx_word' id='word_1_565' title='bbox 328 4224 444 4279; x_wconf 87' lang='lat' dir='ltr'><strong>animam</strong></span> <span class='ocrx_word' id='word_1_566' title='bbox 456 4224 606 4280; x_wconf 88' lang='lat' dir='ltr'><strong>consistere</strong></span> <span class='ocrx_word' id='word_1_567' title='bbox 617 4231 710 4279; x_wconf 87' lang='lat' dir='ltr'><strong>totam.</strong></span> <span class='ocrx_word' id='word_1_568' title='bbox 722 4223 780 4279; x_wconf 89' lang='lat' dir='ltr'><strong>Sint</strong></span> <span class='ocrx_word' id='word_1_569' title='bbox 790 4232 881 4278; x_wconf 85' lang='lat' dir='ltr'><strong>autem</strong></span> 
     </span>
     <span class='ocr_line' id='line_1_77' title="bbox 84 4313 880 4385; baseline 0 -17"><span class='ocrx_word' id='word_1_570' title='bbox 84 4313 237 4385; x_wconf 69' lang='lat' dir='ltr'><strong>dispertitae</strong></span> <span class='ocrx_word' id='word_1_571' title='bbox 264 4313 363 4384; x_wconf 84' lang='lat' dir='ltr'><strong>liuguae</strong></span> <span class='ocrx_word' id='word_1_572' title='bbox 378 4323 487 4384; x_wconf 91' lang='lat' dir='ltr'><strong>propter</strong></span> <span class='ocrx_word' id='word_1_573' title='bbox 510 4313 670 4385; x_wconf 88' lang='lat' dir='ltr'><strong>multiplices</strong></span> <span class='ocrx_word' id='word_1_574' title='bbox 684 4313 880 4384; x_wconf 82' lang='lat' dir='ltr'><strong>cogitationes3</strong></span> 
     </span>
     <span class='ocr_line' id='line_1_78' title="bbox 85 4402 883 4473; baseline 0 -15"><span class='ocrx_word' id='word_1_575' title='bbox 85 4404 137 4459; x_wconf 92' lang='lat' dir='ltr'><strong>sed</strong></span> <span class='ocrx_word' id='word_1_576' title='bbox 152 4420 245 4458; x_wconf 82' lang='lat' dir='ltr'><strong>eurum</strong></span> <span class='ocrx_word' id='word_1_577' title='bbox 266 4402 449 4473; x_wconf 87' lang='lat' dir='ltr'><strong>multiplicitas</strong></span> <span class='ocrx_word' id='word_1_578' title='bbox 464 4411 491 4458; x_wconf 92' lang='lat' dir='ltr'><strong>et</strong></span> <span class='ocrx_word' id='word_1_579' title='bbox 507 4418 562 4460; x_wconf 83' lang='lat' dir='ltr'><strong>aruo</strong></span> <span class='ocrx_word' id='word_1_580' title='bbox 580 4403 681 4458; x_wconf 90' lang='lat' dir='ltr'><strong>lumino</strong></span> <span class='ocrx_word' id='word_1_581' title='bbox 709 4403 839 4469; x_wconf 84' lang='lat' dir='ltr'><strong>veritalis,</strong></span> <span class='ocrx_word' id='word_1_582' title='bbox 855 4411 883 4458; x_wconf 94' lang='lat' dir='ltr'><strong>et</strong></span> 
     </span>
     <span class='ocr_line' id='line_1_79' title="bbox 82 4492 883 4564; baseline 0.001 -16"><span class='ocrx_word' id='word_1_583' title='bbox 82 4508 139 4548; x_wconf 90' lang='lat' dir='ltr'><strong>uno</strong></span> <span class='ocrx_word' id='word_1_584' title='bbox 157 4493 297 4547; x_wconf 87' lang='lat' dir='ltr'><strong>charitatis</strong></span> <span class='ocrx_word' id='word_1_585' title='bbox 325 4492 431 4548; x_wconf 83' lang='lat' dir='ltr'><strong>fervore</strong></span> <span class='ocrx_word' id='word_1_586' title='bbox 447 4493 468 4546; x_wconf 83' lang='lat' dir='ltr'><strong>si</strong></span> <span class='ocrx_word' id='word_1_587' title='bbox 483 4500 611 4562; x_wconf 90' lang='lat' dir='ltr'><strong>tanquam</strong></span> <span class='ocrx_word' id='word_1_588' title='bbox 637 4492 715 4564; x_wconf 89' lang='lat' dir='ltr'><strong>ignis.</strong></span> <span class='ocrx_word' id='word_1_589' title='bbox 738 4495 790 4547; x_wconf 85' lang='lat' dir='ltr'><strong>hut</strong></span> <span class='ocrx_word' id='word_1_590' title='bbox 809 4500 883 4549; x_wconf 86' lang='lat' dir='ltr'><strong>certe</strong></span> 
     </span>
     <span class='ocr_line' id='line_1_80' title="bbox 83 4580 883 4652; baseline 0 -15"><span class='ocrx_word' id='word_1_591' title='bbox 83 4582 183 4637; x_wconf 91' lang='lat' dir='ltr'><strong>domus</strong></span> <span class='ocrx_word' id='word_1_592' title='bbox 210 4580 367 4652; x_wconf 90' lang='lat' dir='ltr'><strong>adimpletio</strong></span> <span class='ocrx_word' id='word_1_593' title='bbox 391 4580 438 4634; x_wconf 85' lang='lat' dir='ltr'><strong>hui</strong></span> <span class='ocrx_word' id='word_1_594' title='bbox 467 4581 557 4652; x_wconf 92' lang='lat' dir='ltr'><strong>potius</strong></span> <span class='ocrx_word' id='word_1_595' title='bbox 580 4590 745 4646; x_wconf 88' lang='lat' dir='ltr'><strong>reservetur,</strong></span> <span class='ocrx_word' id='word_1_596' title='bbox 775 4581 883 4651; x_wconf 87' lang='lat' dir='ltr'><strong>quando</strong></span> 
     </span>
     <span class='ocr_line' id='line_1_81' title="bbox 83 4670 885 4743; baseline 0.002 -19"><span class='ocrx_word' id='word_1_597' title='bbox 83 4686 241 4725; x_wconf 90' lang='lat' dir='ltr'><strong>mensuram</strong></span> <span class='ocrx_word' id='word_1_598' title='bbox 270 4671 390 4735; x_wconf 71' lang='lat' dir='ltr'><strong>bonam,</strong></span> <span class='ocrx_word' id='word_1_599' title='bbox 401 4677 429 4725; x_wconf 93' lang='lat' dir='ltr'><strong>et</strong></span> <span class='ocrx_word' id='word_1_600' title='bbox 447 4671 608 4737; x_wconf 84' lang='lat' dir='ltr'><strong>consertum,</strong></span> <span class='ocrx_word' id='word_1_601' title='bbox 630 4678 659 4726; x_wconf 91' lang='lat' dir='ltr'><strong>et</strong></span> <span class='ocrx_word' id='word_1_602' title='bbox 672 4670 842 4743; x_wconf 84' lang='lat' dir='ltr'><strong>coagitatam,</strong></span> <span class='ocrx_word' id='word_1_603' title='bbox 857 4678 885 4726; x_wconf 91' lang='lat' dir='ltr'><strong>et</strong></span> 
     </span>
     <span class='ocr_line' id='line_1_82' title="bbox 82 4759 884 4831; baseline 0.002 -16"><span class='ocrx_word' id='word_1_604' title='bbox 82 4759 325 4830; x_wconf 83' lang='lat' dir='ltr'><strong>superel&#39;lluentem</strong></span> <span class='ocrx_word' id='word_1_605' title='bbox 336 4759 439 4815; x_wconf 87' lang='lat' dir='ltr'><strong>dabunt</strong></span> <span class='ocrx_word' id='word_1_606' title='bbox 452 4760 478 4814; x_wconf 93' lang='lat' dir='ltr'><strong>in</strong></span> <span class='ocrx_word' id='word_1_607' title='bbox 492 4760 567 4815; x_wconf 92' lang='lat' dir='ltr'><strong>sinus</strong></span> <span class='ocrx_word' id='word_1_608' title='bbox 582 4768 699 4816; x_wconf 89' lang='lat' dir='ltr'><strong>nostros.</strong></span> <span class='ocrx_word' id='word_1_609' title='bbox 711 4759 766 4815; x_wconf 91' lang='lat' dir='ltr'><strong>Sed</strong></span> <span class='ocrx_word' id='word_1_610' title='bbox 775 4759 884 4831; x_wconf 88' lang='lat' dir='ltr'><strong>quando</strong></span> 
     </span>
     <span class='ocr_line' id='line_1_83' title="bbox 82 4846 885 4919; baseline -0.001 -17"><span class='ocrx_word' id='word_1_611' title='bbox 82 4848 143 4903; x_wconf 90' lang='lat' dir='ltr'><strong>haec</strong></span> <span class='ocrx_word' id='word_1_612' title='bbox 157 4850 260 4902; x_wconf 78' lang='lat' dir='ltr'><strong>erunt?</strong></span> <span class='ocrx_word' id='word_1_613' title='bbox 276 4846 399 4903; x_wconf 88' lang='lat' dir='ltr'><strong>Proiecto</strong></span> <span class='ocrx_word' id='word_1_614' title='bbox 414 4864 474 4903; x_wconf 94' lang='lat' dir='ltr'><strong>eum</strong></span> <span class='ocrx_word' id='word_1_615' title='bbox 489 4849 615 4919; x_wconf 91' lang='lat' dir='ltr'><strong>completi</strong></span> <span class='ocrx_word' id='word_1_616' title='bbox 630 4848 731 4905; x_wconf 87' lang='lat' dir='ltr'><strong>luerint</strong></span> <span class='ocrx_word' id='word_1_617' title='bbox 745 4847 885 4903; x_wconf 91' lang='lat' dir='ltr'><strong>diesPen-</strong></span> 
     </span>
     <span class='ocr_line' id='line_1_84' title="bbox 82 4935 882 5009; baseline 0 -19"><span class='ocrx_word' id='word_1_618' title='bbox 82 4945 211 4993; x_wconf 90' lang='lat' dir='ltr'><strong>teeostes.</strong></span> <span class='ocrx_word' id='word_1_619' title='bbox 229 4937 331 4992; x_wconf 86' lang='lat' dir='ltr'><strong>Felices</strong></span> <span class='ocrx_word' id='word_1_620' title='bbox 344 4953 404 5005; x_wconf 90' lang='lat' dir='ltr'><strong>vos,</strong></span> <span class='ocrx_word' id='word_1_621' title='bbox 421 4937 468 5008; x_wconf 91' lang='lat' dir='ltr'><strong>qui</strong></span> <span class='ocrx_word' id='word_1_622' title='bbox 482 4939 535 5007; x_wconf 86' lang='lat' dir='ltr'><strong>jam</strong></span> <span class='ocrx_word' id='word_1_623' title='bbox 552 4937 671 4992; x_wconf 90' lang='lat' dir='ltr'><strong>intrastis</strong></span> <span class='ocrx_word' id='word_1_624' title='bbox 685 4935 882 5009; x_wconf 87' lang='lat' dir='ltr'><strong>quinquagesi-</strong></span> 
     </span>
     <span class='ocr_line' id='line_1_85' title="bbox 82 5025 884 5098; baseline 0.004 -19"><span class='ocrx_word' id='word_1_625' title='bbox 82 5042 157 5080; x_wconf 90' lang='lat' dir='ltr'><strong>mam</strong></span> <span class='ocrx_word' id='word_1_626' title='bbox 174 5026 286 5098; x_wconf 91' lang='lat' dir='ltr'><strong>requioi,</strong></span> <span class='ocrx_word' id='word_1_627' title='bbox 300 5035 329 5081; x_wconf 94' lang='lat' dir='ltr'><strong>ot</strong></span> <span class='ocrx_word' id='word_1_628' title='bbox 341 5025 481 5095; x_wconf 80' lang='lat' dir='ltr'><strong>jubilaeum</strong></span> <span class='ocrx_word' id='word_1_629' title='bbox 498 5042 609 5081; x_wconf 86' lang='lat' dir='ltr'><strong>aunum.</strong></span> <span class='ocrx_word' id='word_1_630' title='bbox 640 5026 749 5082; x_wconf 84' lang='lat' dir='ltr'><strong>Fratres</strong></span> <span class='ocrx_word' id='word_1_631' title='bbox 776 5035 884 5082; x_wconf 85' lang='lat' dir='ltr'><strong>nostros</strong></span> 
     </span>
     <span class='ocr_line' id='line_1_86' title="bbox 82 5114 885 5187; baseline 0.001 -18"><span class='ocrx_word' id='word_1_632' title='bbox 82 5116 192 5186; x_wconf 87' lang='lat' dir='ltr'><strong>loquor,</strong></span> <span class='ocrx_word' id='word_1_633' title='bbox 213 5115 310 5187; x_wconf 90' lang='lat' dir='ltr'><strong>quibus</strong></span> <span class='ocrx_word' id='word_1_634' title='bbox 335 5116 391 5185; x_wconf 84' lang='lat' dir='ltr'><strong>jam</strong></span> <span class='ocrx_word' id='word_1_635' title='bbox 416 5114 484 5170; x_wconf 80' lang='lat' dir='ltr'><strong>dixit</strong></span> <span class='ocrx_word' id='word_1_636' title='bbox 502 5115 617 5186; x_wconf 89' lang='lat' dir='ltr'><strong>Spiritus</strong></span> <span class='ocrx_word' id='word_1_637' title='bbox 631 5122 661 5171; x_wconf 91' lang='lat' dir='ltr'><strong>ut</strong></span> <span class='ocrx_word' id='word_1_638' title='bbox 679 5115 885 5187; x_wconf 74' lang='lat' dir='ltr'><strong>requiescente</strong></span> 
     </span>
     <span class='ocr_line' id='line_1_87' title="bbox 80 5202 884 5276; baseline 0.004 -18"><span class='ocrx_word' id='word_1_639' title='bbox 80 5204 223 5260; x_wconf 88' lang='lat' dir='ltr'><strong>laboribus</strong></span> <span class='ocrx_word' id='word_1_640' title='bbox 238 5205 303 5259; x_wconf 90' lang='lat' dir='ltr'><strong>suis.</strong></span> <span class='ocrx_word' id='word_1_641' title='bbox 318 5202 426 5259; x_wconf 85' lang='lat' dir='ltr'><strong>Etenim</strong></span> <span class='ocrx_word' id='word_1_642' title='bbox 442 5202 533 5261; x_wconf 70' lang='grc'><strong>930</strong></span> <span class='ocrx_word' id='word_1_643' title='bbox 550 5204 602 5259; x_wconf 90' lang='lat' dir='ltr'><strong>hoo</strong></span> <span class='ocrx_word' id='word_1_644' title='bbox 614 5218 722 5276; x_wconf 90' lang='lat' dir='ltr'><strong>quoque</strong></span> <span class='ocrx_word' id='word_1_645' title='bbox 736 5203 809 5258; x_wconf 91' lang='lat' dir='ltr'><strong>inter</strong></span> <span class='ocrx_word' id='word_1_646' title='bbox 823 5204 884 5274; x_wconf 87' lang='lat' dir='ltr'><strong>ejus</strong></span> 
     </span>
     <span class='ocr_line' id='line_1_88' title="bbox 80 5291 882 5366; baseline -0.001 -15"><span class='ocrx_word' id='word_1_647' title='bbox 80 5309 170 5366; x_wconf 89' lang='lat' dir='ltr'><strong>opera</strong></span> <span class='ocrx_word' id='word_1_648' title='bbox 184 5293 344 5363; x_wconf 89' lang='lat' dir='ltr'><strong>reperimus.</strong></span> <span class='ocrx_word' id='word_1_649' title='bbox 371 5293 430 5348; x_wconf 87' lang='lat' dir='ltr'><strong>Duo</strong></span> <span class='ocrx_word' id='word_1_650' title='bbox 438 5309 555 5364; x_wconf 88' lang='lat' dir='ltr'><strong>namque</strong></span> <span class='ocrx_word' id='word_1_651' title='bbox 569 5301 693 5366; x_wconf 87' lang='lat' dir='ltr'><strong>tempora</strong></span> <span class='ocrx_word' id='word_1_652' title='bbox 702 5291 882 5366; x_wconf 89' lang='lat' dir='ltr'><strong>celebramus,</strong></span> 
     </span>
     <span class='ocr_line' id='line_1_89' title="bbox 81 5379 882 5454; baseline 0.004 -17"><span class='ocrx_word' id='word_1_653' title='bbox 81 5381 203 5450; x_wconf 78' lang='lat' dir='ltr'><strong>tratres3</strong></span> <span class='ocrx_word' id='word_1_654' title='bbox 219 5381 442 5454; x_wconf 83' lang='lat' dir='ltr'><strong>Quadragesimae</strong></span> <span class='ocrx_word' id='word_1_655' title='bbox 464 5398 560 5448; x_wconf 91' lang='lat' dir='ltr'><strong>unum,</strong></span> <span class='ocrx_word' id='word_1_656' title='bbox 574 5381 689 5437; x_wconf 88' lang='lat' dir='ltr'><strong>altemm</strong></span> <span class='ocrx_word' id='word_1_657' title='bbox 703 5379 882 5454; x_wconf 88' lang='lat' dir='ltr'><strong>Quinquage-</strong></span> 
     </span>
     <span class='ocr_line' id='line_1_90' title="bbox 83 5470 881 5544; baseline 0.001 -15"><span class='ocrx_word' id='word_1_658' title='bbox 83 5471 163 5529; x_wconf 82' lang='lat' dir='ltr'><strong>simae</strong></span> <span class='ocrx_word' id='word_1_659' title='bbox 179 5490 185 5530; x_wconf 89' lang='lat'><strong>:</strong></span> <span class='ocrx_word' id='word_1_660' title='bbox 200 5470 266 5526; x_wconf 91' lang='lat' dir='ltr'><strong>illud</strong></span> <span class='ocrx_word' id='word_1_661' title='bbox 281 5479 344 5527; x_wconf 88' lang='lat' dir='ltr'><strong>ante</strong></span> <span class='ocrx_word' id='word_1_662' title='bbox 363 5471 532 5540; x_wconf 88' lang='lat' dir='ltr'><strong>Passionem,</strong></span> <span class='ocrx_word' id='word_1_663' title='bbox 560 5470 633 5528; x_wconf 92' lang='lat' dir='ltr'><strong>istud</strong></span> <span class='ocrx_word' id='word_1_664' title='bbox 659 5476 722 5544; x_wconf 87' lang='lat' dir='ltr'><strong>post</strong></span> <span class='ocrx_word' id='word_1_665' title='bbox 749 5471 881 5530; x_wconf 82' lang='lat' dir='ltr'><strong>Resurre-</strong></span> 
     </span>
    </p>
   </div>
   <div class='ocr_carea' id='block_1_14' title="bbox 930 3238 1758 5536">
    <p class='ocr_par' dir='ltr' id='par_1_15' title="bbox 930 3238 1758 5183">
     <span class='ocr_line' id='line_1_91' title="bbox 930 3238 1722 3317; baseline -0.019 -12"><span class='ocrx_word' id='word_1_666' title='bbox 930 3263 1012 3306; x_wconf 91' lang='lat' dir='ltr'><strong>carno</strong></span> <span class='ocrx_word' id='word_1_667' title='bbox 1045 3244 1145 3317; x_wconf 76' lang='lat' dir='ltr'><strong>pecati,</strong></span> <span class='ocrx_word' id='word_1_668' title='bbox 1175 3243 1234 3298; x_wconf 86' lang='lat' dir='ltr'><strong>Etsi</strong></span> <span class='ocrx_word' id='word_1_669' title='bbox 1254 3241 1325 3297; x_wconf 84' lang='lat' dir='ltr'><strong>filius</strong></span> <span class='ocrx_word' id='word_1_670' title='bbox 1342 3239 1431 3297; x_wconf 86' lang='lat' dir='ltr'><strong>earnis</strong></span> <span class='ocrx_word' id='word_1_671' title='bbox 1458 3238 1535 3305; x_wconf 82' lang='lat' dir='ltr'><strong>Adm,</strong></span> <span class='ocrx_word' id='word_1_672' title='bbox 1556 3242 1722 3293; x_wconf 91' lang='lat' dir='ltr'><strong>nontamen</strong></span> 
     </span>
     <span class='ocr_line' id='line_1_92' title="bbox 931 3325 1725 3407; baseline -0.018 -15"><span class='ocrx_word' id='word_1_673' title='bbox 931 3337 1001 3393; x_wconf 88' lang='lat' dir='ltr'><strong>lilius</strong></span> <span class='ocrx_word' id='word_1_674' title='bbox 1032 3331 1263 3407; x_wconf 72' lang='lat' dir='ltr'><strong>prevaricationis</strong></span> <span class='ocrx_word' id='word_1_675' title='bbox 1287 3330 1367 3398; x_wconf 78' lang='lat' dir='ltr'><strong>hdae3</strong></span> <span class='ocrx_word' id='word_1_676' title='bbox 1393 3328 1532 3400; x_wconf 83' lang='lat' dir='ltr'><strong>quianon</strong></span> <span class='ocrx_word' id='word_1_677' title='bbox 1556 3325 1725 3381; x_wconf 70' lang='lat' dir='ltr'><strong>initantum</strong></span> 
     </span>
     <span class='ocr_line' id='line_1_93' title="bbox 931 3409 1728 3494; baseline -0.016 -13"><span class='ocrx_word' id='word_1_678' title='bbox 931 3426 1003 3481; x_wconf 91' lang='lat' dir='ltr'><strong>lilius</strong></span> <span class='ocrx_word' id='word_1_679' title='bbox 1020 3425 1078 3492; x_wconf 76' lang='lat' dir='ltr'><strong>irae,</strong></span> <span class='ocrx_word' id='word_1_680' title='bbox 1104 3423 1177 3478; x_wconf 90' lang='lat' dir='ltr'><strong>sieut</strong></span> <span class='ocrx_word' id='word_1_681' title='bbox 1200 3419 1298 3494; x_wconf 91' lang='lat' dir='ltr'><strong>reliqui</strong></span> <span class='ocrx_word' id='word_1_682' title='bbox 1313 3434 1420 3483; x_wconf 88' lang='lat' dir='ltr'><strong>omnes,</strong></span> <span class='ocrx_word' id='word_1_683' title='bbox 1436 3415 1524 3488; x_wconf 90' lang='lat' dir='ltr'><strong>quiin</strong></span> <span class='ocrx_word' id='word_1_684' title='bbox 1539 3409 1728 3487; x_wconf 84' lang='lat' dir='ltr'><strong>iniquitatibus</strong></span> 
     </span>
     <span class='ocr_line' id='line_1_94' title="bbox 932 3500 1727 3584; baseline -0.023 -11"><span class='ocrx_word' id='word_1_685' title='bbox 932 3523 997 3573; x_wconf 90' lang='lat' dir='ltr'><strong>sunt</strong></span> <span class='ocrx_word' id='word_1_686' title='bbox 1022 3512 1158 3584; x_wconf 89' lang='lat' dir='ltr'><strong>concepti.</strong></span> <span class='ocrx_word' id='word_1_687' title='bbox 1185 3510 1258 3566; x_wconf 91' lang='lat' dir='ltr'><strong>lstud</strong></span> <span class='ocrx_word' id='word_1_688' title='bbox 1286 3523 1353 3580; x_wconf 88' lang='lat' dir='ltr'><strong>ergo</strong></span> <span class='ocrx_word' id='word_1_689' title='bbox 1372 3522 1498 3580; x_wconf 88' lang='lat' dir='ltr'><strong>germen,</strong></span> <span class='ocrx_word' id='word_1_690' title='bbox 1514 3503 1587 3576; x_wconf 91' lang='lat' dir='ltr'><strong>quod</strong></span> <span class='ocrx_word' id='word_1_691' title='bbox 1601 3503 1636 3560; x_wconf 92' lang='lat' dir='ltr'><strong>de</strong></span> <span class='ocrx_word' id='word_1_692' title='bbox 1649 3500 1727 3574; x_wconf 84' lang='lat' dir='ltr'><strong>virga</strong></span> 
     </span>
     <span class='ocr_line' id='line_1_95' title="bbox 932 3590 1728 3674; baseline -0.019 -15"><span class='ocrx_word' id='word_1_693' title='bbox 932 3606 1010 3661; x_wconf 79' lang='lat' dir='ltr'><strong>iesse</strong></span> <span class='ocrx_word' id='word_1_694' title='bbox 1036 3603 1127 3659; x_wconf 92' lang='lat' dir='ltr'><strong>virore</strong></span> <span class='ocrx_word' id='word_1_695' title='bbox 1159 3599 1283 3674; x_wconf 88' lang='lat' dir='ltr'><strong>virgineo</strong></span> <span class='ocrx_word' id='word_1_696' title='bbox 1312 3595 1461 3668; x_wconf 82' lang='lat' dir='ltr'><strong>pullulavit,</strong></span> <span class='ocrx_word' id='word_1_697' title='bbox 1485 3594 1513 3648; x_wconf 92' lang='lat' dir='ltr'><strong>in</strong></span> <span class='ocrx_word' id='word_1_698' title='bbox 1526 3590 1728 3664; x_wconf 86' lang='lat' dir='ltr'><strong>magnificentia</strong></span> 
     </span>
     <span class='ocr_line' id='line_1_96' title="bbox 933 3679 1726 3766; baseline -0.019 -16"><span class='ocrx_word' id='word_1_699' title='bbox 933 3694 992 3766; x_wconf 89' lang='lat' dir='ltr'><strong>luit,</strong></span> <span class='ocrx_word' id='word_1_700' title='bbox 1018 3709 1080 3749; x_wconf 93' lang='lat' dir='ltr'><strong>cum</strong></span> <span class='ocrx_word' id='word_1_701' title='bbox 1109 3687 1302 3746; x_wconf 83' lang='lat' dir='ltr'><strong>resurrexisset</strong></span> <span class='ocrx_word' id='word_1_702' title='bbox 1316 3702 1331 3742; x_wconf 91' lang='lat' dir='ltr'><strong>a</strong></span> <span class='ocrx_word' id='word_1_703' title='bbox 1346 3683 1479 3752; x_wconf 87' lang='lat' dir='ltr'><strong>mortuis;</strong></span> <span class='ocrx_word' id='word_1_704' title='bbox 1495 3682 1558 3753; x_wconf 90' lang='lat' dir='ltr'><strong>quia</strong></span> <span class='ocrx_word' id='word_1_705' title='bbox 1581 3687 1655 3747; x_wconf 92' lang='lat' dir='ltr'><strong>tuuc,</strong></span> <span class='ocrx_word' id='word_1_706' title='bbox 1670 3679 1726 3736; x_wconf 87' lang='lat' dir='ltr'><strong>Do·</strong></span> 
     </span>
     <span class='ocr_line' id='line_1_97' title="bbox 938 3772 1726 3851; baseline -0.024 -10"><span class='ocrx_word' id='word_1_707' title='bbox 938 3784 1012 3840; x_wconf 88' lang='lat' dir='ltr'><strong>miae</strong></span> <span class='ocrx_word' id='word_1_708' title='bbox 1026 3783 1099 3838; x_wconf 89' lang='lat' dir='ltr'><strong>Dens</strong></span> <span class='ocrx_word' id='word_1_709' title='bbox 1109 3795 1197 3845; x_wconf 91' lang='lat' dir='ltr'><strong>meus,</strong></span> <span class='ocrx_word' id='word_1_710' title='bbox 1214 3775 1403 3851; x_wconf 84' lang='lat' dir='ltr'><strong>magnificatus</strong></span> <span class='ocrx_word' id='word_1_711' title='bbox 1416 3789 1446 3829; x_wconf 91' lang='lat' dir='ltr'><strong>es</strong></span> <span class='ocrx_word' id='word_1_712' title='bbox 1459 3772 1647 3835; x_wconf 86' lang='lat' dir='ltr'><strong>vehementer,</strong></span> <span class='ocrx_word' id='word_1_713' title='bbox 1661 3782 1726 3825; x_wconf 92' lang='lat' dir='ltr'><strong>eon-</strong></span> 
     </span>
     <span class='ocr_line' id='line_1_98' title="bbox 936 3851 1728 3926; baseline -0.025 -1"><span class='ocrx_word' id='word_1_714' title='bbox 936 3868 1084 3925; x_wconf 85' lang='lat' dir='ltr'><strong>tessionem</strong></span> <span class='ocrx_word' id='word_1_715' title='bbox 1095 3874 1123 3920; x_wconf 92' lang='lat' dir='ltr'><strong>ct</strong></span> <span class='ocrx_word' id='word_1_716' title='bbox 1137 3864 1265 3919; x_wconf 91' lang='lat' dir='ltr'><strong>decorem</strong></span> <span class='ocrx_word' id='word_1_717' title='bbox 1275 3859 1402 3926; x_wconf 89' lang='lat' dir='ltr'><strong>induens,</strong></span> <span class='ocrx_word' id='word_1_718' title='bbox 1416 3856 1531 3913; x_wconf 87' lang='lat' dir='ltr'><strong>amictus</strong></span> <span class='ocrx_word' id='word_1_719' title='bbox 1544 3853 1646 3910; x_wconf 90' lang='lat' dir='ltr'><strong>lumine</strong></span> <span class='ocrx_word' id='word_1_720' title='bbox 1659 3851 1728 3908; x_wconf 87' lang='lat' dir='ltr'><strong>sicut</strong></span> 
     </span>
     <span class='ocr_line' id='line_1_99' title="bbox 935 3945 1727 4024; baseline -0.024 -9"><span class='ocrx_word' id='word_1_721' title='bbox 935 3956 1102 4014; x_wconf 88' lang='lat' dir='ltr'><strong>vestimento</strong></span> <span class='ocrx_word' id='word_1_722' title='bbox 1121 3953 1208 4024; x_wconf 84' lang='lat' dir='ltr'><strong>(Paul.</strong></span> <span class='ocrx_word' id='word_1_723' title='bbox 1224 3966 1282 4020; x_wconf 82' lang='lat' dir='ltr'><strong>otri,</strong></span> <span class='ocrx_word' id='word_1_724' title='bbox 1298 3953 1325 4013; x_wconf 87' lang='lat' dir='ltr'><strong>t,</strong></span> <span class='ocrx_word' id='word_1_725' title='bbox 1342 3949 1381 4018; x_wconf 78' lang='lat'><strong>2).</strong></span> <span class='ocrx_word' id='word_1_726' title='bbox 1405 3945 1511 4016; x_wconf 80' lang='lat' dir='ltr'><strong>Quanta</strong></span> <span class='ocrx_word' id='word_1_727' title='bbox 1524 3951 1616 4002; x_wconf 90' lang='lat' dir='ltr'><strong>autem</strong></span> <span class='ocrx_word' id='word_1_728' title='bbox 1629 3956 1727 3998; x_wconf 85' lang='lat' dir='ltr'><strong>ascen·</strong></span> 
     </span>
     <span class='ocr_line' id='line_1_100' title="bbox 937 4030 1729 4115; baseline -0.023 -15"><span class='ocrx_word' id='word_1_729' title='bbox 937 4045 1027 4102; x_wconf 89' lang='lat' dir='ltr'><strong>dentis</strong></span> <span class='ocrx_word' id='word_1_730' title='bbox 1042 4042 1138 4115; x_wconf 89' lang='lat' dir='ltr'><strong>gloria,</strong></span> <span class='ocrx_word' id='word_1_731' title='bbox 1164 4056 1227 4096; x_wconf 90' lang='lat' dir='ltr'><strong>curn</strong></span> <span class='ocrx_word' id='word_1_732' title='bbox 1245 4037 1353 4095; x_wconf 92' lang='lat' dir='ltr'><strong>medius</strong></span> <span class='ocrx_word' id='word_1_733' title='bbox 1367 4035 1526 4109; x_wconf 83' lang='lat' dir='ltr'><strong>angelorum</strong></span> <span class='ocrx_word' id='word_1_734' title='bbox 1536 4043 1564 4090; x_wconf 89' lang='lat' dir='ltr'><strong>et</strong></span> <span class='ocrx_word' id='word_1_735' title='bbox 1578 4030 1729 4087; x_wconf 84' lang='lat' dir='ltr'><strong>auimarrun</strong></span> 
     </span>
     <span class='ocr_line' id='line_1_101' title="bbox 936 4117 1729 4191; baseline -0.016 -4"><span class='ocrx_word' id='word_1_736' title='bbox 936 4141 1093 4190; x_wconf 87' lang='lat' dir='ltr'><strong>sanctarum</strong></span> <span class='ocrx_word' id='word_1_737' title='bbox 1116 4131 1150 4186; x_wconf 91' lang='lat' dir='ltr'><strong>ad</strong></span> <span class='ocrx_word' id='word_1_738' title='bbox 1176 4131 1282 4185; x_wconf 88' lang='lat' dir='ltr'><strong>Patrem</strong></span> <span class='ocrx_word' id='word_1_739' title='bbox 1310 4125 1464 4190; x_wconf 89' lang='lat' dir='ltr'><strong>deduceris,</strong></span> <span class='ocrx_word' id='word_1_740' title='bbox 1479 4131 1506 4181; x_wconf 93' lang='lat' dir='ltr'><strong>et</strong></span> <span class='ocrx_word' id='word_1_741' title='bbox 1524 4117 1729 4191; x_wconf 80' lang='lat' dir='ltr'><strong>triumphatrice</strong></span> 
     </span>
     <span class='ocr_line' id='line_1_102' title="bbox 937 4207 1728 4294; baseline -0.023 -15"><span class='ocrx_word' id='word_1_742' title='bbox 937 4221 1119 4294; x_wconf 87' lang='lat' dir='ltr'><strong>palmacoelis</strong></span> <span class='ocrx_word' id='word_1_743' title='bbox 1142 4220 1272 4282; x_wconf 88' lang='lat' dir='ltr'><strong>invectus,</strong></span> <span class='ocrx_word' id='word_1_744' title='bbox 1298 4222 1457 4286; x_wconf 88' lang='lat' dir='ltr'><strong>susceptum</strong></span> <span class='ocrx_word' id='word_1_745' title='bbox 1475 4211 1615 4269; x_wconf 91' lang='lat' dir='ltr'><strong>hominem</strong></span> <span class='ocrx_word' id='word_1_746' title='bbox 1627 4208 1655 4263; x_wconf 92' lang='lat' dir='ltr'><strong>in</strong></span> <span class='ocrx_word' id='word_1_747' title='bbox 1668 4207 1728 4278; x_wconf 85' lang='lat' dir='ltr'><strong>ipsa</strong></span> 
     </span>
     <span class='ocr_line' id='line_1_103' title="bbox 937 4296 1727 4382; baseline -0.022 -14"><span class='ocrx_word' id='word_1_748' title='bbox 937 4311 1084 4370; x_wconf 90' lang='lat' dir='ltr'><strong>divinitatis</strong></span> <span class='ocrx_word' id='word_1_749' title='bbox 1107 4308 1209 4367; x_wconf 90' lang='lat' dir='ltr'><strong>claudis</strong></span> <span class='ocrx_word' id='word_1_750' title='bbox 1230 4305 1394 4363; x_wconf 73' lang='lat' dir='ltr'><strong>identitate?</strong></span> <span class='ocrx_word' id='word_1_751' title='bbox 1411 4302 1477 4373; x_wconf 84' lang='lat' dir='ltr'><strong>Quis</strong></span> <span class='ocrx_word' id='word_1_752' title='bbox 1500 4299 1610 4373; x_wconf 85' lang='lat' dir='ltr'><strong>cogitet,</strong></span> <span class='ocrx_word' id='word_1_753' title='bbox 1625 4296 1727 4382; x_wconf 81' lang='lat' dir='ltr'><strong>nedum</strong></span> 
     </span>
     <span class='ocr_line' id='line_1_104' title="bbox 936 4388 1758 4475; baseline -0.019 -18"><span class='ocrx_word' id='word_1_754' title='bbox 936 4403 1072 4475; x_wconf 89' lang='lat' dir='ltr'><strong>loquatur,</strong></span> <span class='ocrx_word' id='word_1_755' title='bbox 1097 4416 1179 4474; x_wconf 91' lang='lat' dir='ltr'><strong>quam</strong></span> <span class='ocrx_word' id='word_1_756' title='bbox 1193 4397 1228 4453; x_wconf 92' lang='lat' dir='ltr'><strong>sit</strong></span> <span class='ocrx_word' id='word_1_757' title='bbox 1242 4396 1344 4453; x_wconf 85' lang='lat' dir='ltr'><strong>tructus</strong></span> <span class='ocrx_word' id='word_1_758' title='bbox 1369 4402 1449 4451; x_wconf 88' lang='lat' dir='ltr'><strong>terrae</strong></span> <span class='ocrx_word' id='word_1_759' title='bbox 1476 4389 1597 4448; x_wconf 89' lang='lat' dir='ltr'><strong>sublimis</strong></span> <span class='ocrx_word' id='word_1_760' title='bbox 1618 4388 1646 4444; x_wconf 90' lang='lat' dir='ltr'><strong>iu</strong></span> <span class='ocrx_word' id='word_1_761' title='bbox 1660 4403 1727 4444; x_wconf 91' lang='lat' dir='ltr'><strong>eon·</strong></span> <span class='ocrx_word' id='word_1_762' title='bbox 1752 4394 1758 4410; x_wconf 81' lang='grc'><strong>’-</strong></span> 
     </span>
     <span class='ocr_line' id='line_1_105' title="bbox 938 4476 1728 4556; baseline -0.02 -8"><span class='ocrx_word' id='word_1_763' title='bbox 938 4509 1014 4548; x_wconf 88' lang='lat' dir='ltr'><strong>sessu</strong></span> <span class='ocrx_word' id='word_1_764' title='bbox 1029 4490 1064 4545; x_wconf 89' lang='lat' dir='ltr'><strong>ad</strong></span> <span class='ocrx_word' id='word_1_765' title='bbox 1091 4489 1232 4545; x_wconf 88' lang='lat' dir='ltr'><strong>dexteram</strong></span> <span class='ocrx_word' id='word_1_766' title='bbox 1256 4484 1353 4555; x_wconf 90' lang='lat' dir='ltr'><strong>Patris,</strong></span> <span class='ocrx_word' id='word_1_767' title='bbox 1369 4483 1442 4556; x_wconf 91' lang='lat' dir='ltr'><strong>quod</strong></span> <span class='ocrx_word' id='word_1_768' title='bbox 1465 4479 1560 4554; x_wconf 91' lang='lat' dir='ltr'><strong>utique</strong></span> <span class='ocrx_word' id='word_1_769' title='bbox 1577 4476 1728 4536; x_wconf 89' lang='lat' dir='ltr'><strong>coelestium</strong></span> 
     </span>
     <span class='ocr_line' id='line_1_106' title="bbox 937 4561 1731 4641; baseline -0.02 -6"><span class='ocrx_word' id='word_1_770' title='bbox 937 4579 1029 4635; x_wconf 91' lang='lat' dir='ltr'><strong>oculos</strong></span> <span class='ocrx_word' id='word_1_771' title='bbox 1058 4574 1217 4632; x_wconf 87' lang='lat' dir='ltr'><strong>reverberat</strong></span> <span class='ocrx_word' id='word_1_772' title='bbox 1240 4577 1408 4634; x_wconf 88' lang='lat' dir='ltr'><strong>naturarum,</strong></span> <span class='ocrx_word' id='word_1_773' title='bbox 1437 4567 1510 4641; x_wconf 91' lang='lat' dir='ltr'><strong>quod</strong></span> <span class='ocrx_word' id='word_1_774' title='bbox 1538 4561 1731 4639; x_wconf 88' lang='lat' dir='ltr'><strong>angelicusiu·</strong></span> 
     </span>
     <span class='ocr_line' id='line_1_107' title="bbox 938 4650 1731 4732; baseline -0.016 -12"><span class='ocrx_word' id='word_1_775' title='bbox 938 4665 1020 4721; x_wconf 92' lang='lat' dir='ltr'><strong>tuitus</strong></span> <span class='ocrx_word' id='word_1_776' title='bbox 1039 4661 1192 4728; x_wconf 89' lang='lat' dir='ltr'><strong>contremit,</strong></span> <span class='ocrx_word' id='word_1_777' title='bbox 1210 4675 1265 4715; x_wconf 92' lang='lat' dir='ltr'><strong>non</strong></span> <span class='ocrx_word' id='word_1_778' title='bbox 1283 4656 1410 4732; x_wconf 80' lang='lat' dir='ltr'><strong>attingit?</strong></span> <span class='ocrx_word' id='word_1_779' title='bbox 1424 4655 1598 4731; x_wconf 77' lang='lat' dir='ltr'><strong>Veniatergo</strong></span> <span class='ocrx_word' id='word_1_780' title='bbox 1612 4650 1731 4709; x_wconf 84' lang='lat' dir='ltr'><strong>exsulta·</strong></span> 
     </span>
     <span class='ocr_line' id='line_1_108' title="bbox 939 4736 1731 4821; baseline -0.018 -12"><span class='ocrx_word' id='word_1_781' title='bbox 939 4753 986 4821; x_wconf 90' lang='lat' dir='ltr'><strong>tio,</strong></span> <span class='ocrx_word' id='word_1_782' title='bbox 1003 4751 1119 4809; x_wconf 86' lang='lat' dir='ltr'><strong>Domine</strong></span> <span class='ocrx_word' id='word_1_783' title='bbox 1142 4751 1217 4818; x_wconf 88' lang='lat' dir='ltr'><strong>lesu,</strong></span> <span class='ocrx_word' id='word_1_784' title='bbox 1241 4747 1284 4803; x_wconf 90' lang='lat' dir='ltr'><strong>bis</strong></span> <span class='ocrx_word' id='word_1_785' title='bbox 1309 4745 1355 4820; x_wconf 92' lang='lat' dir='ltr'><strong>qui</strong></span> <span class='ocrx_word' id='word_1_786' title='bbox 1373 4743 1469 4801; x_wconf 86' lang='lat' dir='ltr'><strong>salvati</strong></span> <span class='ocrx_word' id='word_1_787' title='bbox 1489 4750 1552 4800; x_wconf 88' lang='lat' dir='ltr'><strong>sunt</strong></span> <span class='ocrx_word' id='word_1_788' title='bbox 1577 4743 1612 4798; x_wconf 88' lang='lat' dir='ltr'><strong>de</strong></span> <span class='ocrx_word' id='word_1_789' title='bbox 1637 4736 1731 4806; x_wconf 89' lang='lat' dir='ltr'><strong>lsrael,</strong></span> 
     </span>
     <span class='ocr_line' id='line_1_109' title="bbox 937 4826 1734 4914; baseline -0.016 -19"><span class='ocrx_word' id='word_1_790' title='bbox 937 4841 1068 4914; x_wconf 89' lang='lat' dir='ltr'><strong>apostolis</strong></span> <span class='ocrx_word' id='word_1_791' title='bbox 1093 4839 1155 4908; x_wconf 91' lang='lat' dir='ltr'><strong>tuis,</strong></span> <span class='ocrx_word' id='word_1_792' title='bbox 1172 4853 1240 4910; x_wconf 90' lang='lat' dir='ltr'><strong>quos</strong></span> <span class='ocrx_word' id='word_1_793' title='bbox 1267 4834 1373 4909; x_wconf 89' lang='lat' dir='ltr'><strong>elegisti</strong></span> <span class='ocrx_word' id='word_1_794' title='bbox 1392 4840 1455 4889; x_wconf 92' lang='lat' dir='ltr'><strong>ante</strong></span> <span class='ocrx_word' id='word_1_795' title='bbox 1487 4830 1581 4887; x_wconf 92' lang='lat' dir='ltr'><strong>mundi</strong></span> <span class='ocrx_word' id='word_1_796' title='bbox 1603 4826 1734 4886; x_wconf 86' lang='lat' dir='ltr'><strong>constitu·</strong></span> 
     </span>
     <span class='ocr_line' id='line_1_110' title="bbox 940 4916 1732 4999; baseline -0.018 -13"><span class='ocrx_word' id='word_1_797' title='bbox 940 4931 1054 4990; x_wconf 89' lang='lat' dir='ltr'><strong>tionem.</strong></span> <span class='ocrx_word' id='word_1_798' title='bbox 1066 4929 1162 4986; x_wconf 87' lang='lat' dir='ltr'><strong>Veniat</strong></span> <span class='ocrx_word' id='word_1_799' title='bbox 1172 4926 1290 4999; x_wconf 89' lang='lat' dir='ltr'><strong>Spiritus</strong></span> <span class='ocrx_word' id='word_1_800' title='bbox 1301 4936 1361 4981; x_wconf 91' lang='lat' dir='ltr'><strong>tuus</strong></span> <span class='ocrx_word' id='word_1_801' title='bbox 1370 4923 1459 4980; x_wconf 89' lang='lat' dir='ltr'><strong>bonus</strong></span> <span class='ocrx_word' id='word_1_802' title='bbox 1468 4921 1515 4994; x_wconf 91' lang='lat' dir='ltr'><strong>qui</strong></span> <span class='ocrx_word' id='word_1_803' title='bbox 1524 4916 1732 4986; x_wconf 68' lang='lat' dir='ltr'><strong>sordes-abluat,</strong></span> 
     </span>
     <span class='ocr_line' id='line_1_111' title="bbox 938 5006 1734 5086; baseline -0.016 -8"><span class='ocrx_word' id='word_1_804' title='bbox 938 5028 966 5078; x_wconf 90' lang='lat' dir='ltr'><strong>et</strong></span> <span class='ocrx_word' id='word_1_805' title='bbox 981 5020 1105 5077; x_wconf 79' lang='lat' dir='ltr'><strong>infundat</strong></span> <span class='ocrx_word' id='word_1_806' title='bbox 1128 5019 1253 5084; x_wconf 87' lang='lat' dir='ltr'><strong>virtutes,</strong></span> <span class='ocrx_word' id='word_1_807' title='bbox 1279 5015 1307 5071; x_wconf 92' lang='lat' dir='ltr'><strong>in</strong></span> <span class='ocrx_word' id='word_1_808' title='bbox 1326 5013 1437 5086; x_wconf 88' lang='lat' dir='ltr'><strong>spiritus</strong></span> <span class='ocrx_word' id='word_1_809' title='bbox 1458 5009 1563 5082; x_wconf 72' lang='lat' dir='ltr'><strong>iudicii,</strong></span> <span class='ocrx_word' id='word_1_810' title='bbox 1586 5017 1613 5067; x_wconf 86' lang='lat' dir='ltr'><strong>et</strong></span> <span class='ocrx_word' id='word_1_811' title='bbox 1636 5006 1734 5082; x_wconf 89' lang='lat' dir='ltr'><strong>spiritu</strong></span> 
     </span>
     <span class='ocr_line' id='line_1_112' title="bbox 940 5102 1360 5183; baseline -0.014 -16"><span class='ocrx_word' id='word_1_812' title='bbox 940 5111 1044 5168; x_wconf 87' lang='lat' dir='ltr'><strong>ardoris</strong></span> <span class='ocrx_word' id='word_1_813' title='bbox 1058 5109 1142 5183; x_wconf 85' lang='lat' dir='ltr'><strong>[atius</strong></span> <span class='ocrx_word' id='word_1_814' title='bbox 1156 5106 1275 5164; x_wconf 85' lang='lat' dir='ltr'><strong>additur</strong></span> <span class='ocrx_word' id='word_1_815' title='bbox 1288 5102 1360 5177; x_wconf 78' lang='lat' dir='ltr'><strong>[teil.</strong></span> 
     </span>
    </p>

    <p class='ocr_par' dir='ltr' id='par_1_16' title="bbox 939 5185 1736 5536">
     <span class='ocr_line' id='line_1_113' title="bbox 975 5185 1733 5271; baseline -0.018 -15"><span class='ocrx_word' id='word_1_816' title='bbox 975 5204 1002 5255; x_wconf 77' lang='lat'><strong>2.</strong></span> <span class='ocrx_word' id='word_1_817' title='bbox 1020 5199 1067 5255; x_wconf 83' lang='lat' dir='ltr'><strong>Eia</strong></span> <span class='ocrx_word' id='word_1_818' title='bbox 1083 5197 1173 5271; x_wconf 88' lang='lat' dir='ltr'><strong>igitur,</strong></span> <span class='ocrx_word' id='word_1_819' title='bbox 1199 5195 1307 5265; x_wconf 87' lang='lat' dir='ltr'><strong>tratres,</strong></span> <span class='ocrx_word' id='word_1_820' title='bbox 1330 5191 1484 5268; x_wconf 87' lang='lat' dir='ltr'><strong>cogitemus</strong></span> <span class='ocrx_word' id='word_1_821' title='bbox 1498 5205 1581 5261; x_wconf 91' lang='lat' dir='ltr'><strong>super</strong></span> <span class='ocrx_word' id='word_1_822' title='bbox 1600 5203 1651 5245; x_wconf 86' lang='lat' dir='ltr'><strong>uos</strong></span> <span class='ocrx_word' id='word_1_823' title='bbox 1664 5194 1691 5243; x_wconf 92' lang='lat' dir='ltr'><strong>et</strong></span> <span class='ocrx_word' id='word_1_824' title='bbox 1705 5185 1733 5242; x_wconf 91' lang='lat' dir='ltr'><strong>in</strong></span> 
     </span>
     <span class='ocr_line' id='line_1_114' title="bbox 940 5275 1733 5361; baseline -0.019 -15"><span class='ocrx_word' id='word_1_825' title='bbox 940 5305 992 5348; x_wconf 90' lang='lat' dir='ltr'><strong>nos</strong></span> <span class='ocrx_word' id='word_1_826' title='bbox 1018 5304 1102 5361; x_wconf 86' lang='lat' dir='ltr'><strong>opera</strong></span> <span class='ocrx_word' id='word_1_827' title='bbox 1124 5283 1275 5342; x_wconf 49' lang='lat' dir='ltr'><strong>,Trinitatis</strong></span> <span class='ocrx_word' id='word_1_828' title='bbox 1302 5283 1336 5338; x_wconf 90' lang='lat' dir='ltr'><strong>ab</strong></span> <span class='ocrx_word' id='word_1_829' title='bbox 1363 5279 1441 5338; x_wconf 90' lang='lat' dir='ltr'><strong>initio</strong></span> <span class='ocrx_word' id='word_1_830' title='bbox 1467 5279 1563 5336; x_wconf 88' lang='lat' dir='ltr'><strong>mnndi</strong></span> <span class='ocrx_word' id='word_1_831' title='bbox 1588 5293 1675 5352; x_wconf 88' lang='lat' dir='ltr'><strong>nsque</strong></span> <span class='ocrx_word' id='word_1_832' title='bbox 1698 5275 1733 5332; x_wconf 92' lang='lat' dir='ltr'><strong>ad</strong></span> 
     </span>
     <span class='ocr_line' id='line_1_115' title="bbox 940 5367 1733 5448; baseline -0.013 -13"><span class='ocrx_word' id='word_1_833' title='bbox 940 5379 1033 5446; x_wconf 86' lang='lat' dir='ltr'><strong>finem,</strong></span> <span class='ocrx_word' id='word_1_834' title='bbox 1051 5385 1077 5434; x_wconf 88' lang='lat' dir='ltr'><strong>et</strong></span> <span class='ocrx_word' id='word_1_835' title='bbox 1091 5374 1232 5433; x_wconf 89' lang='lat' dir='ltr'><strong>videamus</strong></span> <span class='ocrx_word' id='word_1_836' title='bbox 1256 5388 1338 5448; x_wconf 90' lang='lat' dir='ltr'><strong>quarn</strong></span> <span class='ocrx_word' id='word_1_837' title='bbox 1353 5369 1467 5429; x_wconf 89' lang='lat' dir='ltr'><strong>sollicita</strong></span> <span class='ocrx_word' id='word_1_838' title='bbox 1481 5367 1562 5426; x_wconf 87' lang='lat' dir='ltr'><strong>inerit</strong></span> <span class='ocrx_word' id='word_1_839' title='bbox 1580 5367 1626 5425; x_wconf 86' lang='lat' dir='ltr'><strong>illa</strong></span> <span class='ocrx_word' id='word_1_840' title='bbox 1643 5367 1733 5439; x_wconf 83' lang='lat' dir='ltr'><strong>maje-</strong></span> 
     </span>
     <span class='ocr_line' id='line_1_116' title="bbox 939 5456 1736 5536; baseline -0.013 -8"><span class='ocrx_word' id='word_1_841' title='bbox 939 5476 1005 5536; x_wconf 89' lang='lat' dir='ltr'><strong>stas,</strong></span> <span class='ocrx_word' id='word_1_842' title='bbox 1022 5467 1066 5526; x_wconf 88' lang='lat' dir='ltr'><strong>cui</strong></span> <span class='ocrx_word' id='word_1_843' title='bbox 1081 5462 1278 5523; x_wconf 88' lang='lat' dir='ltr'><strong>administratio</strong></span> <span class='ocrx_word' id='word_1_844' title='bbox 1291 5461 1393 5536; x_wconf 88' lang='lat' dir='ltr'><strong>pariter</strong></span> <span class='ocrx_word' id='word_1_845' title='bbox 1406 5467 1435 5517; x_wconf 91' lang='lat' dir='ltr'><strong>et</strong></span> <span class='ocrx_word' id='word_1_846' title='bbox 1448 5457 1610 5535; x_wconf 86' lang='lat' dir='ltr'><strong>gubernatio</strong></span> <span class='ocrx_word' id='word_1_847' title='bbox 1622 5456 1736 5519; x_wconf 65' lang='lat' dir='ltr'><strong>mulu-</strong></span> 
     </span>
    </p>
   </div>
   <div class='ocr_carea' id='block_1_15' title="bbox 0 0 1908 5948">
    <p class='ocr_par' dir='ltr' id='par_1_17' title="bbox 0 0 1908 5948">
     <span class='ocr_line' id='line_1_117' title="bbox 0 0 1908 5948; baseline 0 0"><span class='ocrx_word' id='word_1_848' title='bbox 0 0 1908 5948; x_wconf 95' lang='lat' dir='ltr'><strong> </strong></span> 
     </span>
    </p>
   </div>
  </div>
 </body>
</html>
