3734 5948
173 180 225 239 323
636 169 664 224 S.
680 166 860 226 BERNARDI
874 166 1016 224 tuearis
1030 167 1361 225 mauu-vtuffltsts
1770 172 1825 229 324

173 298 308 364 oratione,
323 302 353 352 ut
367 311 415 351 sua
429 310 479 350 nos
495 292 658 361 visitatione,
674 308 723 347 sua
742 289 926 346 consolatione
940 298 967 346 et
983 307 1006 384 Α
1022 300 1049 349 et
1063 309 1147 348 unum
1171 299 1227 347 tres
1250 306 1311 346 esse
1335 290 1477 347 verissime
1496 305 1608 361 prorsus
1622 297 1650 345 et
1666 290 1826 349 fidelissime

173 385 378 442 confirmatione
401 384 530 455 dignetur
549 382 666 452 Spiritus
691 379 735 435 ille
750 379 894 450 benignus,
910 379 966 449 spi·
1022 381 1154 436 catholica
1168 379 1290 436 Ecclesia
1304 377 1430 446 fateatur,
1445 394 1461 432 a
1480 379 1558 435 Patre
1572 379 1711 451 adoptata,
1726 394 1741 432 a
1755 379 1825 434 Filio

174 475 242 531 ritus
254 473 349 539 duleis,
365 471 475 544 spiritns
491 469 578 537 fortis,
595 469 701 524 infirma
717 468 858 534 roborans,
872 483 968 538 aspera
1022 470 1196 541 desponsata,
1213 484 1229 522 a
1243 467 1344 539 Spiritu
1357 475 1452 523 sancto
1480 467 1652 537 confirmata,
1678 469 1777 541 quibus
1797 486 1827 537 ut

172 563 296 636 planans,
321 561 402 617 corda
427 559 590 632 purificans:
611 559 657 632 qui
682 574 744 613 cum
768 558 846 614 Patre
860 565 887 615 et
901 557 967 613 Filio
1022 572 1076 611 una
1105 556 1265 622 substantia,
1281 555 1320 610 sic
1334 562 1362 610 et
1376 554 1472 609 eadem
1493 554 1666 611 nibilominus
1694 555 1782 627 gloria
1796 557 1826 610 in

172 652 299 723 idipsum,
316 649 367 704 sed
392 664 446 704 non
461 649 484 703 is
498 650 556 721 ipse
574 656 616 703 est
632 666 638 701 :
654 645 743 703 928
759 654 788 701 ut
803 655 859 703 tres
872 662 967 715 unum,
1023 643 1121 700 meula
1135 645 1308 699 saeculorum.
1338 643 1435 698 Amen.

754 1005 791 1068 ΙΝ
812 1002 937 1067 vasto
958 1001 1237 1067 PENTECOSTES.

493 1165 610 1220 SERllO
626 1166 647 1219 Ι.
896 1179 898 1182 ·
1023 1163 1122 1233 linguae
1135 1162 1269 1234 gentium,
1281 1159 1333 1216 nisi
1344 1160 1377 1215 ad
1387 1159 1597 1216 conversionem
1606 1160 1749 1235 gentium?
1760 1162 1823 1218 Fuit

175 1255 312 1322 Ooorrrodo
338 1255 461 1327 Spiritus
485 1258 602 1311 serrat-ras
617 1255 675 1310 trio
690 1257 824 1326 operator
838 1252 966 1310 merobis.
1022 1251 1050 1305 in
1065 1249 1105 1305 eis
1118 1249 1169 1305 alia
1179 1248 1305 1321 quaedam
1319 1247 1503 1305 manifestatio
1517 1248 1605 1320 magis
1621 1248 1656 1304 ad
1671 1264 1719 1305 eos
1733 1251 1823 1320 perti·

209 1346 234 1397 l.
251 1342 440 1407 celebramus,
463 1341 640 1410 dilectissimi,
655 1341 737 1397 hodie
752 1339 868 1411 Spiritus
883 1339 967 1395 sancti
1021 1355 1090 1394 nens
1106 1358 1112 1397 :
1134 1347 1160 1394 ct
1173 1339 1231 1394 lraec
1246 1353 1333 1410 nsque
1351 1337 1433 1395 bodie
1451 1335 1482 1393 fit
1496 1337 1523 1392 in
1538 1337 1626 1393 nobis.
1644 1337 1821 1395 Manifestum

172 1429 383 1500 solemnitatem,
401 1436 457 1486 tota
480 1447 541 1486 cnm
565 1429 735 1500 jucunditate
762 1426 965 1495 celebrandam,
1023 1428 1096 1483 enim
1112 1427 1161 1482 fuit
1176 1428 1283 1484 indutos
1308 1442 1369 1483 esse
1388 1427 1488 1485 virtute
1502 1442 1536 1482 ex
1550 1426 1614 1494 alto,
1631 1426 1677 1499 qui
1696 1427 1731 1483 de
1747 1435 1824 1482 tanta

170 1519 283 1591 dignam
298 1518 372 1575 omni
385 1519 541 1575 devotione.
553 1517 746 1574 Dulcissimum
756 1517 829 1572 enim
838 1515 966 1588 quiddam
1021 1516 1242 1586 pusillanimitate
1256 1516 1368 1587 spiritus
1381 1516 1528 1573 adtentum
1540 1515 1679 1573 devenere
1693 1525 1824 1572 constan-

170 1607 198 1662 iu
212 1608 271 1663 Deo
284 1607 400 1679 Spiritus
415 1616 524 1663 sanctus
533 1614 586 1675 est,
603 1606 758 1679 benignitas
775 1605 835 1674 Dei,
852 1611 879 1660 et
892 1601 966 1659 idem
984 1582 1005 1657 Β
1022 1604 1096 1660 tiam.
1113 1605 1173 1660 Non
1189 1605 1299 1676 estiam
1315 1604 1421 1676 lugere,
1437 1613 1550 1663 nonest
1562 1603 1693 1661 abscondi
1706 1613 1823 1676 pmpter

170 1696 245 1768 ipsus
258 1694 341 1750 Dens.
349 1695 467 1752 Proinde
480 1694 503 1750 si
517 1695 689 1751 celebramus
702 1700 858 1749 sauctorum
870 1691 967 1748 solem·
1021 1702 1124 1749 metum
1152 1693 1323 1765 iudeorum,
1351 1691 1519 1749 constantius
1543 1692 1626 1750 modo
1654 1692 1816 1763 predicant,

169 1783 224 1851 nia,
250 1791 351 1855 quanto
374 1783 461 1854 magis
474 1785 545 1853 ejus,
562 1800 577 1838 a
596 1798 651 1854 quo
670 1783 823 1838 babnemnt
838 1788 867 1836 ut
880 1780 965 1837 sancti
1021 1798 1101 1854 quam
1117 1782 1310 1839 delitescerent
1323 1789 1387 1838 ante
1401 1780 1530 1837 timidius.
1546 1780 1671 1854 Denique
1685 1781 1818 1838 manuo-

171 1880 264 1927 csseut
279 1878 412 1944 quotquot
426 1871 504 1928 fuere
519 1871 625 1927 sanctii
637 1871 665 1927 Si
684 1887 848 1927 veneramur
861 1869 963 1925 sancti·
1019 1887 1083 1926 nem
1098 1871 1171 1927 illam
1189 1870 1310 1928 dexterae
1323 1870 1431 1927 Excelsi
1445 1869 1590 1926 manifeste
1604 1870 1725 1927 declarat
1739 1871 1819 1943 prin·

170 1961 275 2029 ficatos,
290 1968 392 2033 quanto
413 1961 501 2033 magis
514 1961 604 2035 ipsum
618 1961 845 2017 sanctificatorem
865 1973 966 2015 conve-
1019 1960 1086 2031 cipis
1110 1961 1296 2031 apostolomm
1310 1960 1385 2032 prius
1399 1960 1511 2033 quidem
1525 1959 1596 2015 inter
1609 1959 1712 2016 ancillae
1730 1960 1819 2017 verba

169 2049 209 2103 nit
227 2048 374 2105 honorarii
402 2047 488 2104 Hodie
516 2047 608 2120 itaque
636 2046 768 2105 festivitas
786 2055 829 2102 est
850 2045 965 2116 Spiritus
1019 2047 1145 2116 formido,
1161 2051 1334 2120 postmodum
1353 2050 1425 2106 inter
1448 2047 1737 2123 principumverbera
1760 2047 1821 2105 for-

169 2137 266 2207 sancti,
281 2153 334 2210 qua
348 2136 490 2195 visibiliter
515 2136 642 2209 appamit
665 2135 829 2194 invisibilis:
855 2135 924 2191 sicut
937 2144 965 2191 et
1019 2137 1114 2205 titudo,
1138 2137 1228 2207 liant,
1250 2139 1286 2194 ait
1300 2138 1448 2210 Scriptura,
1468 2138 1649 2210 goudeatcso
1662 2145 1818 2210 conspectu

170 2224 260 2292 Filius,
292 2242 354 2281 cum
381 2226 416 2280 sit
438 2225 613 2283 nibilominus
638 2224 780 2282 invisibilis
807 2225 834 2280 in
862 2224 962 2296 seipso,
1018 2226 1139 2292 concilii,
1155 2228 1289 2300 quoniam
1300 2226 1378 2297 diqrrr'
1389 2225 1478 2282 babiti
1487 2229 1557 2283 rarat
1565 2242 1616 2299 pro
1626 2226 1741 2283 nominc
1750 2227 1818 2284 forat

169 2311 353 2384 dignatusest
377 2313 508 2370 exhibere
520 2330 550 2370 se
565 2313 593 2369 in
612 2329 694 2370 earne
709 2312 851 2369 visibilem.
877 2312 964 2368 Hodie
1017 2317 1224 2373 contumeliam
1238 2318 1301 2389 poti
1314 2316 1388 2387 (Act.
1408 2331 1436 2383 v,
1452 2315 1499 2386 tt)
1515 2335 1521 2370 :
1546 2330 1628 2386 quem
1649 2329 1716 2370 saue
1729 2314 1807 2386 prius

169 2400 285 2471 Spiritus
313 2408 422 2457 sanctus
450 2400 554 2458 revelat
580 2402 660 2458 nobis
682 2399 784 2473 aliquid
804 2401 839 2457 de
862 2400 962 2473 seipso,
1017 2418 1079 2458 oum
1095 2403 1241 2460 duceretur
1253 2405 1287 2458 ad
1306 2403 1460 2474 concilium,
1480 2404 1569 2459 solum
1593 2401 1760 2474 reliquerant
1771 2403 1817 2459 iu·

169 2489 239 2545 sicut
267 2497 331 2545 ante
344 2488 379 2545 de
401 2489 483 2544 Patre
507 2497 535 2544 et
558 2489 625 2545 Filio
651 2488 752 2563 aliquid
781 2504 961 2545 noveramus:
1017 2491 1134 2564 gieutes.
1159 2489 1225 2559 Quis
1240 2492 1346 2550 dubitet
1369 2491 1511 2548 advenisse
1526 2490 1817 2563 spiritumvehemen·

169 2595 234 2634 nam
259 2578 381 2652 perfecta
403 2573 541 2634 Trinitatis
559 2579 689 2652 cognitio,
713 2579 768 2637 vita
788 2587 890 2635 aeterna
909 2587 961 2634 est.
1018 2587 1083 2649 tem,
1110 2580 1156 2652 qui
1171 2588 1278 2637 mentes
1292 2596 1388 2637 eorum
1412 2579 1540 2637 invisibili
1552 2579 1698 2636 illustraret
1716 2587 1815 2652 puteu-

168 2668 246 2724 Nunc
262 2675 352 2724 autem
365 2684 399 2724 ea
414 2675 492 2740 parte
520 2669 721 2740 cognoscimus,
750 2669 856 2740 reliqua
874 2667 963 2723 credi·
1018 2667 1072 2722 tiat
1086 2669 1200 2724 lnlrunc
1214 2669 1325 2726 mudum
1340 2671 1424 2726 etiam
1447 2670 1529 2726 modo
1543 2685 1604 2742 quae
1618 2668 1734 2741 Spiritus
1748 2683 1817 2741 ope·

169 2772 240 2826 mus,
255 2772 317 2828 quae
331 2757 442 2813 minime
456 2755 606 2813 sufficimus
620 2758 865 2831 comprehendere.
880 2757 914 2812 llt
928 2757 962 2813 de
1017 2764 1092 2811 ratur
1113 2757 1140 2811 in
1156 2758 1245 2826 uobis,
1261 2758 1447 2815 testimouium
1470 2758 1616 2829 perhibent
1634 2756 1718 2829 [otios
1731 2758 1815 2815 oddi-

169 2846 250 2901 Patre
265 2845 375 2917 quidem
391 2847 453 2915 novi
472 2846 648 2914 creationem,
664 2845 844 2902 clamantibus
856 2853 962 2902 creatu·
1018 2849 1077 2916 tor,
1105 2847 1132 2900 in
1143 2847 1233 2921 nobis]
1248 2847 1281 2904 de
1301 2863 1344 2906 eo.

169 2934 225 2991 ris:
242 2937 302 3009 lpse
315 2939 383 3008 fecit
396 2954 456 3003 cos,
472 2943 499 2995 et
513 2953 571 2994 nora
586 2938 641 3009 ipsi
654 2953 706 2995 nor
720 2936 807 3008 (Psoi.
827 2951 905 3006 scra,
922 2937 960 3005 3).
977 2889 999 2968 c
1054 2937 1080 2989 3.
1098 2935 1167 3005 Quia
1182 2935 1267 3007 igitur
1280 2937 1437 2991 mandatum
1452 2935 1616 3008 accepimus,
1632 2940 1662 2990 ut
1674 2934 1814 2991 deelinanss

168 3024 312 3084 forisiblio
326 3029 403 3084 enirn
414 3029 473 3092 Dei,
490 3031 657 3085 peracturo
666 3026 779 3093 mendi,
794 3042 845 3098 per
858 3039 891 3080 ea
902 3042 963 3099 qooe
1016 3030 1057 3080 tes
1071 3039 1086 3078 a
1099 3024 1182 3092 malo,
1195 3023 1325 3081 faciamus
1344 3025 1416 3097 quod
1430 3026 1533 3080 bonurn
1548 3030 1589 3079 est
1604 3024 1689 3091 (Psoi.
1705 3039 1813 3091 xxxin,

167 3116 247 3186 forto
262 3119 342 3182 sant,
370 3117 521 3174 intellecto
536 3117 753 3189 conspiciuntur
767 3113 857 3184 (Rom.
873 3130 892 3184 1,
903 3115 962 3184 20).
1018 3115 1082 3183 13),
1100 3113 1161 3169 vide
1176 3114 1408 3185 quemadmodum
1418 3110 1507 3169 929
1522 3111 1638 3183 Spiritus
1651 3112 1679 3166 in
1695 3119 1813 3184 utroque

152 3204 204 3259 'dt
217 3219 284 3260 vero
298 3204 480 3260 aeternitatem
491 3212 518 3261 et
531 3203 778 3259 immutabilitatem
793 3202 876 3274 ipsius
889 3218 964 3259 com·
1017 3200 1129 3271 adiuvat
1144 3201 1329 3258 infirmitatem
1343 3210 1481 3261 nostram:
1507 3217 1570 3256 narn
1585 3200 1732 3258 divisiones
1745 3216 1812 3271 gra-

169 3291 341 3364 prehendere
356 3291 470 3347 multum
485 3301 528 3348 est
548 3308 620 3347 ame
637 3311 642 3349 ι
659 3292 747 3348 lucem
766 3292 869 3347 habitat
886 3292 962 3348 inac-
1016 3290 1116 3346 tiarum
1140 3301 1212 3360 sunt,
1242 3291 1315 3347 idern
1341 3300 1433 3349 autern
1455 3293 1572 3365 Spiritus
1586 3296 1613 3364 (l
1625 3296 1686 3352 Cor.
1702 3309 1754 3362 xit,
1772 3296 1810 3362 l).

169 3378 334 3434 cessibilem.
362 3378 402 3434 Do
417 3378 484 3434 Filio
499 3386 591 3435 autern
616 3395 747 3454 magnum
775 3379 875 3452 aliquid
889 3379 962 3445 novi,
1017 3380 1165 3452 Propterea
1180 3380 1214 3435 ad
1233 3380 1424 3438 declinandum
1439 3382 1539 3438 amalo
1567 3382 1618 3438 tria
1641 3392 1771 3454 operatur
1784 3383 1813 3438 in

167 3467 230 3538 ejus
242 3467 340 3538 gratia,
356 3466 459 3523 seilicet
473 3467 703 3524 lucamatiouem.
723 3469 792 3523 Nam
807 3467 962 3543 generatio·
1016 3469 1110 3541 uobis,
1127 3471 1377 3541 compunctionem,
1407 3470 1642 3542 supplicationem,
1671 3471 1811 3527 remissio·

168 3571 233 3613 uem
244 3557 304 3627 ejus
329 3555 390 3629 quis
403 3555 542 3612 enarrabit
557 3555 650 3628 lflso.
675 3572 734 3626 nvn,
750 3557 789 3628 8.)
803 3555 869 3626 Quis
887 3573 962 3614 com·
1017 3574 1091 3615 nem.
1112 3559 1220 3614 Initium
1234 3559 1308 3616 enirn
1330 3559 1486 3616 revertendi
1500 3560 1534 3615 ad
1546 3561 1633 3616 Deum
1651 3560 1813 3632 poeniteutia

167 3646 322 3719 prehendat
349 3645 483 3720 aequalem
497 3646 621 3719 genitum
648 3647 788 3719 genitori?
809 3648 868 3703 iam
887 3648 963 3703 etde
1018 3654 1070 3718 est,
1089 3663 1170 3719 quam
1185 3648 1243 3705 sine
1258 3648 1340 3705 dubio
1361 3647 1471 3720 spiritus
1485 3656 1621 3721 operatur,
1637 3664 1692 3705 nou
1707 3658 1811 3718 noster,

171 3736 272 3809 Spiritu
295 3745 401 3807 sancto,
418 3737 510 3794 sinon
534 3737 747 3808 processionem,
769 3753 823 3810 quo
837 3753 870 3794 ex
884 3737 962 3793 Patre
1017 3736 1066 3791 sed
1081 3737 1155 3793 Dei:
1186 3735 1266 3810 idque
1294 3745 1321 3792 et
1336 3744 1409 3793 certa
1433 3737 1501 3792 ratio
1529 3736 1609 3794 docet
1628 3735 1813 3793 etconfirmat

168 3825 289 3896 Filioque
305 3825 427 3898 procedit
442 3826 498 3899 (illa
512 3825 586 3882 enirn
595 3825 726 3883 mirabilis
739 3826 808 3882 facta
818 3833 860 3883 est
874 3826 963 3883 seien—
1019 3827 1176 3884 auctoritas.
1194 3827 1259 3896 Quis
1272 3828 1346 3884 enim
1359 3826 1463 3883 cunrad
1478 3827 1571 3900 ignem
1584 3826 1693 3882 venerit
1704 3826 1811 3903 algens,

169 3913 204 3968 tia
220 3929 255 3969 ex
269 3929 331 3981 me;
360 3914 511 3971 confortata
539 3923 591 3986 est,
607 3923 634 3972 et
647 3931 702 3972 non
725 3923 822 3988 potero
840 3915 961 3983 adeam)
1016 3920 1044 3969 et
1058 3913 1138 3972 fuerit
1156 3915 1314 3984 calefactus,
1330 3914 1465 3971 dubitabit
1479 3915 1504 3970 ei
1518 3916 1553 3970 ab
1567 3915 1631 3987 igne
1646 3914 1754 3971 venisse
1767 3931 1813 3971 ea·

167 4003 258 4077 (Prot.
283 4017 423 4072 cxxxviii,
443 4003 482 4076 6),
502 4004 564 4060 nori
592 4011 683 4060 tamen
707 4003 817 4077 aliquid,
837 4002 962 4062 videlicet
1015 4002 1114 4072 iorem,
1131 4019 1213 4076 quern
1227 4004 1329 4060 habere
1343 4019 1398 4059 uon
1411 4011 1519 4074 poterat
1532 4003 1592 4059 sine
1606 4002 1674 4058 illo?
1687 4002 1812 4076 sicergo

164 4089 382 4164 inspirationem.
407 4093 467 4149 Duo
482 4093 555 4149 enim
584 4100 656 4162 sunt,
685 4093 757 4149 unde
774 4094 913 4166 procedat,
933 4102 962 4150 ot
1016 4093 1063 4164 qui
1092 4093 1167 4164 prius
1191 4093 1333 4166 iniquitate
1361 4101 1420 4149 erat
1443 4092 1567 4168 frigidus,
1591 4093 1615 4147 si
1636 4092 1811 4164 postmodnm

165 4194 229 4252 quo.
248 4181 418 4238 Processioa
437 4182 515 4239 Patre
531 4190 559 4238 et
573 4181 639 4237 Filio
662 4181 751 4253 posuit
778 4181 905 4238 tenebras
919 4183 959 4237 la·
976 4204 999 4281 n
1017 4181 1125 4239 fervore
1140 4182 1256 4254 quodam
1285 4182 1452 4253 poeniteutiae
1470 4182 1644 4250 accendatur,
1661 4183 1745 4238 aliurn
1758 4182 1810 4237 sibi

174 4267 287 4326 tibulum
303 4286 398 4343 suum3
415 4270 464 4327 sed
480 4271 617 4342 processio
631 4270 798 4327 adhomines
811 4270 959 4327 hudlcroe-
1015 4271 1153 4343 spiritum,
1170 4274 1217 4343 qui
1230 4289 1309 4328 suum
1323 4273 1413 4344 arguit
1427 4279 1454 4328 et
1469 4271 1610 4342 dijudicat,
1636 4287 1690 4329 uon
1704 4272 1811 4328 dubitet

167 4356 209 4429 pit
223 4357 408 4425 innotescere,
424 4368 452 4415 et
466 4367 507 4415 est
519 4359 576 4428 jam
591 4358 717 4415 fidelibus
735 4358 887 4416 manifesta.
1014 4360 1169 4417 advenisse.
1185 4362 1275 4417 llabes
1295 4363 1346 4417 lroe
1360 4371 1387 4417 et
1406 4362 1433 4417 in
1448 4361 1609 4436 Evangelio,
1633 4361 1679 4416 ubi
1693 4378 1756 4418 curn
1769 4362 1811 4418 lo·

199 4451 225 4503 2.
241 4447 277 4502 Et
291 4446 367 4519 prius
380 4447 509 4520 equidem
523 4446 665 4520 (quoniam
679 4447 719 4502 sie
732 4447 886 4520 oportebat)
904 4449 960 4524 sig·
1013 4458 1145 4522 queretur
1156 4452 1191 4508 de
1209 4450 1311 4521 Spiritu
1327 4467 1408 4523 quern
1422 4450 1560 4524 accepturi
1575 4458 1653 4507 erant
1663 4451 1810 4508 credentes

83 4603 86 4610 Ι
167 4534 210 4591 nis
223 4534 378 4592 visibilibus
406 4534 547 4593 invisibilis
574 4535 689 4610 Spiritus
712 4553 791 4593 suum
805 4536 959 4603 declambar
1011 4539 1039 4593 in
1053 4556 1140 4595 cum:
1162 4540 1225 4606 Ille,
1246 4540 1343 4612 inquit,
1363 4546 1462 4613 ergoet
1485 4540 1626 4597 mondum
1647 4541 1809 4613 deprecato

162 4625 313 4682 adrentum
335 4642 341 4681 :
359 4641 431 4682 nunc
446 4628 508 4697 ejus
531 4627 609 4699 signa
623 4643 677 4702 quo
692 4626 872 4700 spiritualiora
885 4636 956 4691 sunt,
1012 4629 1103 4698 (fona.
1119 4644 1178 4698 xvr,
1190 4630 1228 4698 8).

163 4728 196 4772 eo
214 4715 303 4790 magis
317 4730 449 4788 eongma,
464 4730 498 4772 eo
512 4715 601 4788 magis
613 4716 741 4773 videntur
754 4714 855 4788 Spiritu
864 4724 957 4772 saneto
1046 4720 1071 4773 l.
1093 4716 1148 4774 Sed
1173 4717 1237 4790 qnid
1263 4718 1360 4789 prodet
1383 4718 1519 4790 poenitere
1542 4717 1577 4772 de
1599 4717 1687 4793 culpa,
1705 4725 1734 4774 et
1751 4734 1808 4775 nou

162 4804 255 4879 digna.
276 4803 358 4862 Venit
377 4812 441 4860 tune
450 4820 533 4875 super
547 4803 695 4876 discipulos
703 4804 731 4860 in
747 4803 846 4877 linguis
856 4803 954 4877 igneis,
1009 4806 1165 4878 supplicare
1180 4807 1341 4877 proveniat
1356 4806 1475 4863 Necesse
1490 4813 1574 4862 estut
1588 4805 1732 4863 etiamboc
1747 4806 1808 4879 Spi-

157 4898 187 4945 nt
200 4891 300 4964 linguis
314 4893 436 4950 omnium
445 4892 568 4966 gentium
582 4894 666 4951 verba
677 4893 758 4964 ignea
767 4892 954 4966 loquerentur,
1009 4893 1077 4949 ritus
1095 4903 1234 4966 operetur,
1255 4895 1399 4951 dulcedine
1416 4895 1532 4968 quadam
1547 4895 1606 4965 spei
1630 4894 1741 4967 replens
1753 4896 1808 4951 ani·

158 4985 186 5034 ct
199 4977 289 5051 legem
304 4982 413 5054 igneam
440 4982 541 5057 lingua
559 4983 632 5056 ignee
650 4983 841 5055 praedicarent.
867 4983 955 5039 Nemo
1010 5000 1095 5054 mum,
1112 5000 1257 5056 perquam
1272 4983 1433 5041 fiducialiter
1448 4983 1569 5055 postules
1584 4984 1649 5040 nihil
1666 4985 1805 5042 haesitans.

163 5078 344 5141 conqueratur
372 5074 447 5145 quod
478 5072 591 5129 minime
613 5072 693 5129 nobis
715 5071 758 5128 illa
773 5071 954 5129 manifestatio
1009 5073 1094 5132 Visne
1120 5074 1263 5130 ostendam
1278 5074 1327 5129 tibi
1345 5074 1427 5129 etiam
1446 5072 1498 5128 lroc
1516 5088 1586 5144 opus
1609 5088 1669 5129 esse
1690 5072 1807 5143 Spiritus

160 5156 275 5232 Spiritus
303 5157 372 5215 frat:
397 5161 541 5236 unicuique
568 5162 641 5219 cuim
669 5163 748 5219 datur
775 5160 955 5218 manifestatio
1007 5161 1115 5219 sancti‘.>
1135 5160 1233 5234 Utique
1253 5162 1317 5217 dum
1341 5161 1419 5217 abest
1446 5157 1501 5229 ille,
1521 5161 1575 5216 tale
1601 5160 1702 5232 aliquid
1716 5160 1744 5215 iu
1760 5170 1807 5216 tuo

159 5246 276 5320 Spiritus
295 5248 331 5304 ad
345 5247 488 5307 utilitatem
517 5252 544 5323 (l
559 5253 619 5311 Cor.
648 5268 701 5322 arr,
723 5251 763 5320 7).
789 5248 912 5322 lienique
931 5250 955 5306 si
1008 5250 1102 5324 spiritu
1120 5266 1174 5306 uon
1189 5251 1321 5308 invenies.
1332 5248 1455 5322 Denique
1465 5249 1523 5320 ipse
1538 5249 1567 5303 in
1577 5264 1631 5322 quo
1642 5248 1805 5306 clamamus:

160 5333 253 5392 dicere
267 5352 337 5412 opus
348 5344 399 5410 est,
416 5339 494 5396 nobis
510 5341 561 5398 ista
575 5341 757 5398 manifestatio
771 5340 954 5414 potiusquam
1008 5341 1095 5410 abba,
1112 5341 1209 5397 Pater:
1225 5340 1284 5413 ipse
1307 5339 1353 5413 qui
1368 5337 1485 5410 postulat
1506 5353 1556 5410 pro
1579 5338 1680 5396 sanctis
1695 5339 1806 5411 gemiti·

164 5426 293 5499 apostolis
318 5427 388 5487 facta
403 5437 455 5487 est.
479 5431 520 5487 dd
542 5431 608 5506 quid
631 5430 705 5489 enim
729 5429 781 5488 illis
794 5428 955 5488 necessaria
1008 5431 1059 5488 bus
1093 5430 1320 5488 inenarrabilibus
1352 5429 1441 5501 (Rom.
1472 5441 1532 5498 vtu,
1557 5431 1601 5497 ta,
1625 5430 1679 5501 ΞΘ).
1699 5428 1734 5486 Ει
1748 5429 1807 5485 baec
