3734 5948
63 115 114 170 tat
585 82 1213 173 nmructnittnmsrmot-
1663 114 1724 172 act

62 232 160 304 plenos
188 232 369 308 intelligimus
397 233 555 307 gratiarum.
584 232 717 290 litmirum
741 236 770 291 in
797 237 866 291 bane
882 253 906 332 fl
923 251 977 309 quo
990 236 1098 293 animus
1119 237 1164 294 vel
1184 234 1324 311 inquietus
1341 235 1470 309 assurgit.
1498 234 1566 294 inde
1587 244 1630 294 cat
1643 237 1717 310 qnod

13 358 18 387 r
60 323 271 394 plenitudinem,
293 321 366 378 velut
381 322 415 378 de
434 321 477 376 die
497 322 524 376 in
547 321 669 378 diemde
696 322 816 380 claritate
839 324 865 379 in
921 340 994 380 nunc
1008 340 1128 398 qnoque,
1144 332 1174 382 ιιι
1188 340 1270 397 supra
1278 324 1400 390 memini,
1416 324 1622 381 sanctimoniam
1635 322 1716 381 simul

60 411 225 478 claritatem,
240 426 296 466 nou
316 410 427 483 quidem
442 427 458 465 a
473 425 532 476 sno,
548 412 595 465 sed
620 411 754 468 allomiui
769 412 867 483 spiritu
921 423 949 469 et
972 429 1067 485 pacem
1086 414 1183 470 sectari
1209 412 1390 486 praecipimur,
1412 412 1483 485 qnod
1499 412 1559 469 sine
1574 413 1617 468 bis
1634 428 1717 470 nemo

61 500 299 556 transformantur.
328 499 355 554 Si
378 515 445 571 ergo
470 498 530 555 dies
544 499 632 570 gratia
656 499 772 565 dicitur;
789 501 820 565 si,
837 509 865 556 ut
920 503 1009 558 videat
1023 503 1109 559 Deum
1123 502 1216 571 (liebr.
1246 518 1291 568 ιιι,
1314 502 1370 571 tt).
1384 502 1451 557 Cum
1475 517 1542 573 crgo
1569 501 1717 574 repleverit

10 604 14 665 p
60 604 143 660 snpra
158 588 340 649 meminimus.
358 595 386 643 et
405 588 464 643 dics
483 588 608 655 bominis,
625 588 736 645 claritas
755 605 815 661 quan
831 587 866 643 ab
921 590 947 643 in
968 590 1048 647 bouis
1075 591 1241 647 desiderium
1265 598 1349 655 tuum,
1365 598 1395 646 ut
1419 605 1472 647 non
1500 588 1570 646 aliud
1594 590 1716 662 sitquod

62 676 174 734 bomine
188 684 241 745 est,
257 682 285 733 et
298 675 369 732 male
384 676 476 732 nitens
490 676 587 750 gloria,
605 692 686 748 quam
701 676 865 734 abinvicem
921 678 1053 750 requiras,
1075 687 1202 736 serenato
1221 678 1329 750 penitus
1352 693 1384 733 ex
1400 679 1458 750 ipsa
1472 677 1640 750 plenitudine
1655 677 1716 734 ani-

61 766 226 838 quesumus:
248 765 386 838 quomodo
400 780 455 821 non
480 766 568 837 magis
590 781 671 822 verus
685 765 753 833 dies,
769 765 824 822 irno
837 774 866 822 et
920 783 973 833 nto,
995 767 1087 824 videre
1100 768 1157 838 jam
1172 766 1275 838 poteris
1288 766 1463 823 serenitatem
1477 766 1559 835 illam,
1572 765 1645 823 illam
1658 765 1717 839 ple-

61 856 160 927 plenas
179 854 319 921 meridies,
346 870 419 909 verat
438 854 533 925 gloriae
553 853 716 925 plenitudo?
737 852 816 922 Quod
843 853 865 910 si
919 855 1066 911 nitndinem
1076 855 1236 927 majestatis,
1252 853 1345 910 similis
1363 853 1717 928 Declaclus,quodrideas

60 945 120 999 dies
145 943 277 1015 plurimos
300 942 448 998 ditisiones
469 942 584 998 dicimus
607 942 772 1014 gratiarum
794 958 864 1015 quo·
919 960 981 999 eum
995 943 1074 1001 siculi
1092 949 1151 1000 esi:
1176 951 1223 999 ant
1244 942 1314 999 lorle
1329 943 1393 1015 quia
1416 942 1515 1015 lebias,
1534 943 1601 1016 iam]
1620 943 1717 1015 plenus

62 1033 145 1088 modo
160 1047 215 1088 non
240 1032 267 1087 in
295 1030 437 1102 multiplici
456 1029 543 1103 gloria
571 1031 678 1087 dierum
704 1031 866 1102 intelligitur
919 1033 991 1088 omni
1005 1032 1092 1106 gloria
1106 1032 1134 1088 in
1157 1032 1315 1102 semetipso,
1339 1031 1420 1087 eliam
1434 1030 1501 1087 loris
1524 1031 1717 1098 salvationem,

63 1120 207 1176 multitudo
220 1122 234 1173 l
248 1121 388 1176 Postremo
403 1119 558 1176 evidentius
571 1120 634 1175 attdi
650 1119 770 1176 sinculla
784 1118 866 1177 vicis·
918 1138 999 1194 quam
1013 1127 1143 1193 operatus
1161 1127 1205 1176 cst
1218 1121 1302 1186 Deus,
1322 1128 1350 1175 el
1373 1118 1484 1191 plenam
1499 1120 1642 1190 majestate
1657 1120 1718 1189 ejus

62 1209 181 1265 situdine
196 1208 256 1264 dies
268 1208 377 1264 multos.
395 1210 455 1265 Erit
471 1209 522 1267 luc
538 1210 614 1266 lane
627 1210 704 1265 sicut
719 1210 774 1265 lac
787 1210 863 1278 colit,
918 1226 1027 1266 ornnem
1052 1219 1152 1267 terram
1176 1209 1294 1282 undique
1319 1207 1519 1279 circumspiciet
1541 1207 1717 1265 deliciosissi-

61 1298 98 1354 ait
112 1298 260 1369 propbeta,
275 1301 305 1353 el
320 1298 372 1353 luc
395 1298 461 1355 solis
475 1297 699 1371 septempliciter
720 1299 797 1355 sicut
813 1298 866 1354 lun
920 1298 956 1354 nti
970 1298 1062 1355 sacculi
1082 1296 1227 1355 habitator.
1252 1296 1361 1355 ndnoe
1381 1310 1489 1370 quoqne
1512 1295 1609 1352 referri
1636 1310 1718 1367 posse

60 1393 167 1459 septem
177 1387 377 1455 dieruutilsct‘.
392 1400 462 1451 xxx,
473 1386 529 1456 lb).
542 1385 646 1450 lstis,ni
661 1385 750 1454 fallor,
760 1386 864 1442 cunctis
917 1388 1053 1443 videbitur
1071 1386 1144 1460 quod
1162 1386 1278 1458 adjecit:
1305 1390 1341 1443 br
1363 1384 1509 1444 erundum
1523 1384 1569 1441 illi
1581 1386 1714 1442 salcime

61 1475 160 1530 diebus
174 1472 237 1529 vitae
249 1489 305 1529 sua
320 1473 439 1545 psalmos
452 1489 515 1530 suos
528 1482 640 1530 cantare
665 1473 692 1528 in
708 1474 790 1530 domo
804 1474 862 1531 llo-
917 1494 1024 1535 mcum

62 1563 127 1618 mini
142 1560 291 1619 rexfidelis
304 1563 426 1633 optabat.
442 1562 501 1619 Erit
515 1562 587 1619 enim
603 1562 717 1619 devotos
730 1578 791 1619 esse
806 1559 902 1637 Deofl
952 1566 980 1622 l.
996 1563 1125 1639 Alioquin
1148 1562 1323 1635 accipiamus,
1348 1561 1370 1619 si
1390 1562 1480 1636 magis
1505 1562 1606 1634 placet,
1635 1561 1717 1619 etiarn

60 1651 93 1706 ad
107 1649 218 1726 singula
233 1660 315 1707 tanta
329 1660 358 1706 ct
374 1658 427 1705 tam
447 1650 603 1722 multiplicis
625 1650 719 1724 gloriae
738 1667 862 1719 munera,
918 1657 970 1711 hcc
992 1654 1083 1719 modo,
1110 1660 1140 1710 ut
1163 1652 1237 1724 ipsos
1260 1667 1328 1725 quos
1353 1650 1516 1723 promiserat
1537 1650 1597 1707 dies
1623 1650 1652 1706 iu
1666 1650 1718 1707 bte

61 1748 86 1797 et
101 1740 131 1796 in
146 1738 274 1796 omnibns
295 1754 406 1811 semper
430 1739 533 1811 gratias
547 1754 643 1811 agere,
667 1739 745 1811 quasi
759 1741 865 1796 cunetis
917 1745 1075 1800 ostensione
1102 1742 1229 1802 salamis
1259 1749 1389 1813 exponat.
1405 1741 1600 1813 mapilcdirte,
1617 1740 1716 1813 inquit,

60 1831 159 1886 diebus
172 1827 292 1901 psalmos
306 1827 399 1884 dicere
414 1828 519 1884 nomini
534 1830 605 1900 ejus.
918 1834 1030 1891 dierum
1046 1830 1131 1903 818
1147 1832 1257 1908 replebo
1271 1847 1345 1889 cum.
1367 1829 1402 1885 lit
1421 1838 1551 1900 tanquam
1566 1842 1718 1900 quereres,

93 1923 122 1985 6,
138 1918 326 1990 Μπφὶιιιᾰίησ
344 1918 457 1976 dicrum
470 1916 582 1989 replebo
597 1930 674 1974 eum.
690 1918 729 1972 dc
742 1916 765 1971 si
775 1917 863 1972 mani·
919 1923 992 1979 uude
1007 1922 1057 1978 erit
1073 1922 1132 1978 dies
1148 1922 1176 1977 in
1191 1920 1311 1985 civitate,
1322 1917 1357 1974 de
1371 1932 1425 1990 qna
1440 1917 1564 1989 legimus,
1585 1915 1718 1990 quianon

60 2008 156 2064 sestius
169 2006 260 2063 diem:
285 2005 347 2061 Scio
368 2004 433 2079 qnid
456 2004 608 2072 desideret,
624 2005 682 2062 scio
698 2004 764 2076 quid
778 2005 863 2071 sitiat,
918 2009 1018 2066 lucebit
1032 2009 1070 2065 ibi
1091 2010 1130 2067 sol
1154 2024 1204 2082 per
1223 2008 1305 2074 diem,
1330 2021 1383 2063 nox
1399 2006 1471 2062 enirn
1494 2020 1550 2060 non
1565 2003 1616 2060 erit
1629 2002 1658 2059 in
1672 2018 1716 2060 ea.

61 2098 125 2170 qnid
139 2094 229 2167 sapiat
252 2093 288 2151 ei.
316 2094 378 2150 Non
394 2093 420 2149 ei
442 2109 538 2150 aarum
552 2093 595 2150 vel
619 2101 763 2165 argentum
784 2094 862 2166 sapit,
921 2098 1068 2156 (latendum
1078 2100 1134 2163 illi,
1150 2098 1197 2161 ait,
1211 2098 1340 2154 salutare
1353 2110 1467 2152 munt:
1481 2103 1521 2160 ut,
1542 2090 1719 2166 quemadmo-

60 2202 115 2242 non
135 2184 272 2257 voluptas,
302 2198 356 2239 non
383 2182 536 2249 curiositas,
565 2198 619 2238 nou
635 2182 753 2256 dignitas
774 2181 865 2254 aliqua
919 2188 1025 2241 dumet
1049 2188 1078 2241 in
1104 2187 1149 2241 illa
1169 2184 1309 2256 Scriptura
1330 2183 1439 2256 legitur,
1460 2183 1582 2239 Lucerna
1605 2181 1666 2252 ejus
1683 2180 1719 2236 sit

61 2272 211 2332 secobris.
227 2271 326 2330 Omnia
339 2271 532 2327 detrimentum
560 2269 634 2340 lacit,
658 2270 749 2327 omnia
766 2285 864 2343 asper·
918 2279 1010 2347 dgnus
1020 2277 1115 2348 (Apcc.
1124 2272 1464 2345 xxuaapcstendamrtti
1473 2274 1600 2330 salcime
1611 2286 1717 2328 meum.

63 2370 187 2419 nataret
212 2361 358 2417 arbitratur
380 2366 410 2415 ut
431 2367 560 2416 stercora.
591 2359 743 2415 lininanivit
757 2360 865 2432 penitus
917 2366 977 2420 Non
990 2365 1046 2434 jam
1062 2362 1157 2420 infide
1172 2362 1305 2430 erudiam,
1321 2376 1375 2417 non
1396 2363 1452 2432 jam
1467 2359 1602 2416 exercebo
1616 2356 1643 2413 in
1657 2373 1718 2429 spe,

63 2451 256 2523 semetipsum.
272 2465 323 2506 nee
337 2464 370 2505 se
383 2464 417 2504 ex
432 2448 474 2503 his
494 2449 597 2519 patitur
614 2449 751 2519 occupari,
767 2449 865 2523 quibus
919 2452 966 2507 sed
986 2452 1012 2506 in
1036 2452 1128 2525 specie
1151 2451 1318 2523 adimplebo.
1345 2450 1496 2509 Ostendam
1519 2448 1566 2506 illi
1589 2448 1718 2505 salutare

63 2540 138 2597 norit
157 2555 191 2596 se
212 2555 267 2593 non
285 2552 368 2610 posse
389 2537 498 2609 repleri.
521 2537 582 2592 Non
607 2537 715 2610 ignorat
737 2538 772 2593 ad
787 2540 865 2609 cnjus
918 2556 1024 2607 rmum,
1051 2540 1192 2597 ostendam
1216 2539 1254 2595 illi
1268 2541 1360 2596 lesum
1381 2553 1483 2607 meum,
1499 2545 1528 2593 ut
1542 2536 1570 2592 in
1585 2544 1717 2592 aeternnm

63 2628 212 2705 imaginem
227 2626 352 2684 conditus
368 2626 413 2692 sit,
429 2626 508 2696 cujus
517 2624 711 2698 magnitudinis
721 2626 756 2683 sit
766 2642 862 2698 capar3
917 2630 973 2700 jam
991 2630 1082 2686 rideat
1105 2630 1133 2684 in
1154 2644 1236 2702 quem
1263 2626 1389 2696 credidit,
1419 2643 1500 2700 quern
1515 2625 1618 2692 dilexit,
1636 2638 1718 2697 quern
1826 2694 1833 2703 ,

64 2734 115 2774 nec
128 2717 246 2772 sustinet
260 2715 296 2773 de
311 2715 417 2771 modico
435 2722 618 2777 crescerent
636 2715 670 2770 de
685 2715 801 2772 maximo
816 2715 865 2771 mi·
918 2733 1029 2790 semper
1056 2717 1169 2790 optavit.
1198 2717 1320 2775 Ostende
1344 2716 1432 2780 nobis,
1457 2715 1580 2781 llomiuc,
1608 2710 1718 2768 miscri-

64 2813 173 2862 nnatnr.
181 2806 276 2877 ltaque
285 2803 694 2876 mrtpludiucdieruntreplebo
702 2820 864 2877 eum,qucrn
918 2806 1038 2862 cordiam
1063 2815 1145 2873 tuam,
1169 2813 1198 2863 el
1226 2806 1343 2863 salutare
1368 2810 1444 2860 tuum
1472 2805 1507 2859 da
1529 2802 1608 2860 nobis
1629 2802 1718 2869 (Paul.

65 2895 116 2950 nisi
129 2895 176 2951 lux
191 2908 254 2949 sera
269 2892 394 2957 relicere,
414 2892 464 2948 nisi
487 2899 590 2947 aeterna
608 2891 722 2963 implere
737 2908 791 2948 non
812 2908 863 2964 po·
881 2871 903 2950 li
919 2912 1038 2963 innxtv,
1055 2897 1092 2966 8).
1110 2896 1232 2952 Ostende
1252 2893 1340 2960 nobis,
1355 2891 1481 2958 Domine,
1496 2892 1614 2949 salutare
1629 2897 1718 2956 tunm,

65 2992 130 3039 test:
146 2981 282 3055 siquidem
298 2998 349 3036 nec
368 2980 559 3053 longiturnitas
578 2979 624 3034 illa
644 2980 798 3043 terminum.
815 2996 866 3037 nec
919 2991 946 3039 ot
961 2983 1060 3040 suflicit
1074 2982 1163 3040 nobis.
1188 2984 1240 3054 Qui
1259 2983 1331 3039 enim
1354 2981 1427 3037 videt
1451 2979 1527 3047 illud,
1542 2978 1616 3037 videl
1631 2985 1658 3034 et
1672 2983 1717 3034 te:

64 3072 175 3128 slantes
201 3070 246 3125 illa
273 3085 409 3141 occasum,
443 3086 494 3125 nec
522 3069 634 3125 satietas
661 3067 704 3123 illa
728 3069 866 3124 fastidium
920 3072 982 3144 quia
996 3072 1168 3142 ipsuminte,
1185 3079 1213 3128 et
1228 3078 1255 3126 tn
1276 3070 1305 3128 in
1324 3071 1392 3142 ipso.
1410 3069 1528 3126 llmeest
1542 3075 1636 3124 autem
1664 3064 1720 3122 rita

66 3161 156 3216 habet.
172 3159 232 3214 Erit
245 3158 318 3215 enim
332 3158 464 3215 securitas
479 3157 513 3214 de
523 3158 686 3223 eternitate,
696 3158 821 3230 gloriatio
831 3158 867 3214 de
921 3168 1033 3227 aeterna,
1050 3166 1080 3215 ut
1093 3174 1292 3233 cognoscamus
1316 3168 1342 3215 te
1363 3174 1458 3214 verum
1474 3158 1571 3226 Deum,
1584 3162 1613 3212 et
1637 3170 1720 3228 quem

65 3249 192 3314 renate,
216 3247 360 3303 exsultatio
384 3247 420 3303 de
435 3246 571 3303 satietate.
600 3249 635 3303 st
658 3246 805 3303 ostendent
822 3248 868 3304 illi
921 3248 1017 3305 misisti
1030 3250 1123 3306 lesum
1142 3249 1278 3306 Christum
1292 3247 1387 3320 (loen.
1403 3262 1475 3318 xvn,
1491 3248 1530 3318 3).
1547 3246 1641 3317 ltaque
1656 3249 1721 3300 tune

65 3340 316 3395 solutarenteum.
333 3334 467 3392 Nimirum
487 3343 588 3391 extunc
601 3334 695 3391 videre
718 3335 868 3392 merebitur
922 3336 1043 3394 dimittes
1070 3354 1179 3396 seruutn
1208 3343 1296 3401 luunt,
1326 3335 1454 3403 Domine,
1484 3334 1633 3393 secundum
1660 3344 1723 3388 ver·

64 3428 137 3499 ‹puod
156 3425 271 3496 optavit,
286 3440 350 3481 curn
365 3424 416 3480 sibi
436 3426 494 3482 ilex
515 3423 609 3496 gloriae
631 3424 777 3494 gloriosam
792 3423 868 3480 exhi·
922 3429 986 3483 bum
1020 3435 1093 3483 lutam
1117 3427 1145 3483 in
1169 3442 1247 3498 pace,
1272 3442 1334 3482 curn
1357 3425 1474 3481 viderint
1501 3423 1573 3480 oculi
1598 3421 1650 3477 mei
1675 3434 1720 3475 sa·

66 3515 143 3571 bebit
158 3513 318 3579 Ecclesiam,
334 3528 388 3569 non
404 3514 552 3571 habentem
570 3514 703 3571 maculant
722 3514 757 3570 ob
772 3513 866 3586 splen·
922 3518 1009 3571 lutare
1048 3527 1132 3580 tuum,
1161 3518 1253 3570 lesum
1291 3523 1375 3580 tunm,
1409 3513 1550 3568 [lominum
1584 3518 1720 3566 nostram.

66 3605 162 3660 dorem
175 3603 240 3667 diei,
253 3602 302 3658 sed
317 3618 406 3676 neque
422 3619 517 3675 rugam
531 3603 567 3659 ob
581 3603 762 3660 omnimodam
779 3603 867 3675 pleni·
923 3604 968 3676 qui
987 3612 1028 3660 est
1052 3621 1134 3676 super
1158 3603 1249 3660 omnia
1270 3604 1342 3657 bens
1370 3600 1530 3656 benedictus
1553 3600 1580 3653 in
1609 3596 1718 3653 saecula.

66 3692 189 3749 tudinem
215 3690 266 3748 sni.
283 3690 411 3765 alioquin
437 3693 472 3749 ad
499 3692 571 3749 illius
585 3691 719 3765 fulgorem
747 3691 865 3762 luminis,
922 3697 1019 3751 nmen.

65 3782 135 3838 sient
150 3796 207 3838 non
221 3780 352 3854 impurus,
378 3780 418 3839 sie
436 3798 488 3839 nec
504 3783 627 3839 turbatus
641 3781 754 3855 quidem
767 3780 795 3837 in
815 3781 867 3838 ali·

628 4038 665 4094 lN
696 4037 871 4098 boltllttca
903 4037 1108 4097 latunuutt.

389 4215 508 4272 SlillllO
525 4216 546 4270 l.
884 4212 1086 4307 npraedixerat
1109 4229 1160 4285 per
1182 4214 1354 4286 proplietam,
1383 4212 1516 4284 Quoniam
1536 4213 1630 4270 omnis
1657 4226 1725 4268 carc

140 4309 179 4363 lle
191 4308 280 4363 tribus
294 4306 440 4366 ordinibus
454 4306 668 4378 obsequentium
685 4305 805 4362 cbristo.
923 4306 1033 4374 senum,
1045 4304 1269 4375 etontnitplcric
1278 4303 1349 4374 ejus,
1362 4308 1502 4375 tuaquom
1510 4302 1560 4371 lios
1569 4302 1631 4372 [eni
1642 4300 1722 4371 (lsai.

103 4400 129 4450 l.
146 4396 208 4450 Non
227 4395 287 4451 sine
300 4410 382 4451 cansa
401 4393 526 4466 spiritum
549 4393 647 4463 Sponsi
666 4393 770 4465 pariter
780 4400 807 4448 et
816 4392 868 4450 Dei
924 4408 969 4456 aa,
984 4394 1024 4463 6),
1044 4391 1126 4447 etiam
1147 4405 1286 4461 apparens
1300 4390 1328 4445 in
1342 4404 1425 4447 earne
1450 4389 1595 4446 manifeste
1619 4387 1724 4444 studuit

67 4485 110 4540 sui
123 4485 231 4540 liabens
243 4483 375 4548 Ecclesia,
397 4482 600 4554 processionem
619 4479 699 4537 hodie
714 4496 784 4537 nova
796 4497 868 4552 qua-
925 4481 1042 4552 probare
1054 4479 1083 4535 in
1097 4494 1127 4535 se
1141 4479 1225 4550 ipsc·
1236 4477 1315 4536 Unde
1329 4485 1357 4533 et
1376 4476 1561 4549 processionis
1572 4476 1660 4541 gloria
1673 4488 1724 4531 ro·

67 4574 134 4628 darn
157 4578 186 4628 et
208 4573 276 4628 mira
299 4571 492 4641 conjunctione
517 4569 621 4625 addidit
643 4569 772 4640 passioni.
800 4571 869 4625 Nam
923 4568 973 4625 luit
990 4567 1139 4637 sublimari,
1155 4568 1201 4639 qni
1215 4567 1296 4640 paulo
1310 4573 1372 4640 post
1387 4566 1438 4622 sibi
1454 4570 1568 4621 noverat
1580 4563 1723 4621 imminere

68 4659 211 4733 processio
223 4660 346 4732 plausum
359 4661 451 4726 babet,
469 4659 558 4730 passio
572 4659 719 4730 planetum.
736 4657 869 4728 Quoniam
924 4657 998 4714 diem
1008 4656 1271 4730 ignominiodsslmae
1281 4655 1425 4730 passionis.
1450 4652 1516 4724 ins
1530 4667 1597 4725 ergo
1611 4665 1725 4722 sperare

69 4766 138 4822 erpo
152 4749 322 4821 sapientibus
340 4756 369 4805 et
393 4748 585 4821 insipientibus
603 4748 743 4803 debitores
764 4763 867 4810 sumus,
923 4748 979 4816 jam
993 4746 1094 4803 debeat
1107 4746 1135 4802 in
1145 4747 1250 4803 incerto
1265 4745 1360 4819 gloriae
1375 4743 1541 4815 temporalis,
1557 4757 1618 4798 eum
1633 4740 1726 4798 viden

69 4840 214 4896 rideamus
231 4838 296 4910 qnid
309 4837 431 4910 utrisque
446 4836 570 4893 conferat
583 4837 642 4892 bac
654 4834 821 4906 conjunctio.
840 4836 871 4891 lit
925 4836 951 4891 in
979 4837 1038 4907 ipso
1063 4851 1173 4909 quoque
1195 4835 1241 4909 qni
1256 4841 1398 4907 peecatum
1428 4848 1483 4889 non
1508 4829 1585 4901 lecit,
1599 4836 1724 4889 creatore

69 4928 146 5000 prius
168 4927 280 4999 quidem
307 4928 371 5001 quid
396 4926 571 4984 saecularibus
593 4924 717 4983 indicet:
742 4924 870 4996 quoniam
925 4932 1077 4997 temporum
1092 4936 1120 4981 et
1131 4925 1272 4981 conditore
1294 4921 1487 4986 universitatis,
1508 4926 1569 4992 post
1583 4920 1724 4977 exaltatio-

68 5034 124 5073 non
139 5017 216 5087 prins
229 5015 301 5088 quod
317 5015 466 5087 spirituale,
479 5014 529 5069 sed
543 5013 615 5085 quod
631 5013 757 5069 animale.
771 5013 872 5069 Videat
925 5030 987 5070 nem
1003 5022 1116 5080 tautam
1132 5020 1234 5069 unum
1258 5010 1432 5068 nihilominus
1446 5009 1662 5066 humiliationem
1675 5024 1723 5065 se-

69 5121 138 5180 ergo
152 5105 290 5160 saecularis
305 5105 406 5169 anima,
428 5102 518 5160 videat
533 5110 560 5159 et
574 5103 720 5177 intelligat,
741 5101 870 5174 quoniam
924 5103 995 5175 qui‘?
1020 5104 1048 5158 ln
1068 5103 1163 5158 eadem
1187 5101 1258 5158 enirn
1282 5101 1434 5165 civitatee
1463 5100 1542 5172 plebe
1561 5099 1669 5162 eadem,
1696 5108 1724 5155 et

69 5204 195 5251 extrema
209 5193 300 5267 gandii
324 5194 412 5248 luctus
438 5201 564 5264 occupat.
594 5192 710 5263 Propter
732 5190 783 5246 boc
798 5190 871 5245 enim
925 5193 1022 5248 eodern
1038 5200 1170 5263 tempore,
1189 5206 1260 5247 nnnc
1274 5190 1386 5262 quidem
1401 5188 1583 5260 processionis
1597 5186 1683 5257 gloria
1696 5196 1726 5245 et

70 5283 116 5355 qui
142 5291 243 5339 caetera
256 5297 365 5353 quoque
384 5282 468 5353 caepit
485 5282 576 5339 lacere
592 5282 739 5344 etdocere,
755 5294 809 5335 non
825 5296 870 5333 so·
925 5279 1024 5336 divinis
1046 5288 1088 5336 est
1110 5279 1236 5335 laudibus
1260 5280 1425 5346 ltoncratus;
1450 5278 1626 5352 postmodnm
1655 5284 1723 5332 vero

69 5371 125 5427 lnrn
140 5371 234 5429 verbis
253 5371 414 5442 predicans,
438 5375 486 5426 sed
501 5379 528 5427 et
543 5370 688 5441 exemplis;
713 5370 785 5442 qnod
807 5375 870 5424 ante
926 5369 1109 5443 interrogatus
1132 5366 1303 5426 contumeliis
1326 5376 1354 5424 et
1382 5374 1530 5433 tonnento,
1545 5370 1573 5421 et
1587 5380 1648 5421 curn
1659 5380 1723 5422 sce·
