<?xml version="1.0" encoding="UTF-8"?>
<!DOCTYPE html PUBLIC "-//W3C//DTD XHTML 1.0 Transitional//EN"
    "http://www.w3.org/TR/xhtml1/DTD/xhtml1-transitional.dtd">
<html xmlns="http://www.w3.org/1999/xhtml" xml:lang="en" lang="en">
 <head>
  <title>
</title>
<meta http-equiv="Content-Type" content="text/html;charset=utf-8" />
  <meta name='ocr-system' content='tesseract 3.04.00' />
  <meta name='ocr-capabilities' content='ocr_page ocr_carea ocr_par ocr_line ocrx_word'/>
</head>
<body>
  <div class='ocr_page' id='page_1' title='image "./patrologiaecurs56unkngoog/patrologiaecurs56unkngoog_0446.png"; bbox 0 0 3734 5948; ppageno 0'>
   <div class='ocr_carea' id='block_1_1' title="bbox 607 230 1658 319">
    <p class='ocr_par' dir='ltr' id='par_1_1' title="bbox 607 230 1658 319">
     <span class='ocr_line' id='line_1_1' title="bbox 607 230 1658 319; baseline 0.004 -23"><span class='ocrx_word' id='word_1_1' title='bbox 607 230 1032 319; x_wconf 62' lang='lat' dir='ltr'>‚snsuonustncinnun</span> <span class='ocrx_word' id='word_1_2' title='bbox 1598 236 1658 305; x_wconf 77' lang='lat' dir='ltr'>,sea</span> 
     </span>
    </p>
   </div>
   <div class='ocr_carea' id='block_1_2' title="bbox 82 356 1658 5501">
    <p class='ocr_par' dir='ltr' id='par_1_2' title="bbox 82 356 1658 2835">
     <span class='ocr_line' id='line_1_2' title="bbox 83 356 1658 458; baseline 0.002 -41"><span class='ocrx_word' id='word_1_3' title='bbox 83 364 117 417; x_wconf 78' lang='grc' dir='ltr'>ιι</span> <span class='ocrx_word' id='word_1_4' title='bbox 139 356 244 415; x_wconf 86' lang='lat' dir='ltr'>catenis</span> <span class='ocrx_word' id='word_1_5' title='bbox 256 356 427 417; x_wconf 78' lang='lat' dir='ltr'>delictorum.</span> <span class='ocrx_word' id='word_1_6' title='bbox 443 359 590 418; x_wconf 74' lang='lat' dir='ltr'><strong>Descendit</strong></span> <span class='ocrx_word' id='word_1_7' title='bbox 607 360 642 419; x_wconf 87' lang='lat' dir='ltr'>ad</span> <span class='ocrx_word' id='word_1_8' title='bbox 660 369 686 420; x_wconf 88' lang='lat' dir='ltr'>te</span> <span class='ocrx_word' id='word_1_9' title='bbox 701 361 730 420; x_wconf 90' lang='lat' dir='ltr'>in</span> <span class='ocrx_word' id='word_1_10' title='bbox 743 378 802 422; x_wconf 89' lang='lat' dir='ltr'>car-</span> <span class='ocrx_word' id='word_1_11' title='bbox 818 378 843 458; x_wconf 58' lang='grc' dir='ltr'><strong>Α</strong></span> <span class='ocrx_word' id='word_1_12' title='bbox 861 378 915 421; x_wconf 91' lang='lat' dir='ltr'>nou</span> <span class='ocrx_word' id='word_1_13' title='bbox 936 360 1106 431; x_wconf 88' lang='lat' dir='ltr'>commisisti,</span> <span class='ocrx_word' id='word_1_14' title='bbox 1130 376 1181 418; x_wconf 93' lang='lat' dir='ltr'>nec</span> <span class='ocrx_word' id='word_1_15' title='bbox 1198 357 1364 418; x_wconf 71' lang='lat' dir='ltr'>contraxisti.</span> <span class='ocrx_word' id='word_1_16' title='bbox 1385 357 1438 429; x_wconf 86' lang='lat' dir='ltr'>Qui</span> <span class='ocrx_word' id='word_1_17' title='bbox 1456 360 1658 436; x_wconf 73' lang='lat' dir='ltr'>ergojastificnt</span> 
     </span>
     <span class='ocr_line' id='line_1_3' title="bbox 83 447 1657 526; baseline 0.004 -22"><span class='ocrx_word' id='word_1_18' title='bbox 83 463 109 516; x_wconf 86' lang='lat' dir='ltr'>s,</span> <span class='ocrx_word' id='word_1_19' title='bbox 122 462 178 504; x_wconf 85' lang='lat' dir='ltr'>aon</span> <span class='ocrx_word' id='word_1_20' title='bbox 192 453 223 504; x_wconf 90' lang='lat' dir='ltr'>ut</span> <span class='ocrx_word' id='word_1_21' title='bbox 234 454 382 519; x_wconf 85' lang='lat' dir='ltr'>torqueret,</span> <span class='ocrx_word' id='word_1_22' title='bbox 393 449 479 505; x_wconf 86' lang='lat' dir='ltr'>sedat</span> <span class='ocrx_word' id='word_1_23' title='bbox 488 462 599 507; x_wconf 88' lang='lat' dir='ltr'>erueret</span> <span class='ocrx_word' id='word_1_24' title='bbox 612 452 648 509; x_wconf 90' lang='lat' dir='ltr'>da</span> <span class='ocrx_word' id='word_1_25' title='bbox 656 458 802 525; x_wconf 83' lang='lat' dir='ltr'>postestate</span> <span class='ocrx_word' id='word_1_26' title='bbox 862 453 1014 526; x_wconf 88' lang='lat' dir='ltr'>speccatis</span> <span class='ocrx_word' id='word_1_27' title='bbox 1033 449 1132 509; x_wconf 86' lang='lat' dir='ltr'>sectari</span> <span class='ocrx_word' id='word_1_28' title='bbox 1154 450 1309 509; x_wconf 88' lang='lat' dir='ltr'>desiderunt</span> <span class='ocrx_word' id='word_1_29' title='bbox 1328 447 1532 523; x_wconf 72' lang='lat' dir='ltr'>deliberantque</span> <span class='ocrx_word' id='word_1_30' title='bbox 1553 452 1657 509; x_wconf 75' lang='lat' dir='ltr'>uneb-</span> 
     </span>
     <span class='ocr_line' id='line_1_4' title="bbox 83 536 1657 612; baseline 0 -18"><span class='ocrx_word' id='word_1_31' title='bbox 83 551 192 594; x_wconf 75' lang='lat' dir='ltr'>irarum</span> <span class='ocrx_word' id='word_1_32' title='bbox 221 536 257 591; x_wconf 85' lang='lat' dir='ltr'>Et</span> <span class='ocrx_word' id='word_1_33' title='bbox 287 536 375 609; x_wconf 91' lang='lat' dir='ltr'>primo</span> <span class='ocrx_word' id='word_1_34' title='bbox 406 537 519 609; x_wconf 82' lang='lat' dir='ltr'>quidem</span> <span class='ocrx_word' id='word_1_35' title='bbox 552 539 672 597; x_wconf 79' lang='lat' dir='ltr'>veritatis</span> <span class='ocrx_word' id='word_1_36' title='bbox 708 541 804 599; x_wconf 90' lang='lat' dir='ltr'>doctor</span> <span class='ocrx_word' id='word_1_37' title='bbox 861 541 992 610; x_wconf 75' lang='lat' dir='ltr'>muamus,</span> <span class='ocrx_word' id='word_1_38' title='bbox 1016 541 1076 597; x_wconf 88' lang='lat' dir='ltr'>sine</span> <span class='ocrx_word' id='word_1_39' title='bbox 1099 556 1154 612; x_wconf 82' lang='lat' dir='ltr'>qua</span> <span class='ocrx_word' id='word_1_40' title='bbox 1168 553 1250 602; x_wconf 87' lang='lat' dir='ltr'>nanto</span> <span class='ocrx_word' id='word_1_41' title='bbox 1263 536 1367 596; x_wconf 85' lang='lat' dir='ltr'>ridebit</span> <span class='ocrx_word' id='word_1_42' title='bbox 1380 538 1487 608; x_wconf 62' lang='lat' dir='ltr'>nauum</span> <span class='ocrx_word' id='word_1_43' title='bbox 1508 538 1657 598; x_wconf 75' lang='lat' dir='ltr'>andbntte</span> 
     </span>
     <span class='ocr_line' id='line_1_5' title="bbox 83 624 1656 701; baseline 0.003 -19"><span class='ocrx_word' id='word_1_44' title='bbox 83 624 109 682; x_wconf 87' lang='lat' dir='ltr'>lit</span> <span class='ocrx_word' id='word_1_45' title='bbox 122 626 246 681; x_wconf 90' lang='lat' dir='ltr'>umbram</span> <span class='ocrx_word' id='word_1_46' title='bbox 265 624 487 697; x_wconf 72' lang='lat' dir='ltr'>ignorantioeture</span> <span class='ocrx_word' id='word_1_47' title='bbox 502 627 562 685; x_wconf 87' lang='lat' dir='ltr'>lucc</span> <span class='ocrx_word' id='word_1_48' title='bbox 580 629 720 700; x_wconf 70' lang='lat' dir='ltr'>sapientie</span> <span class='ocrx_word' id='word_1_49' title='bbox 734 646 802 688; x_wconf 78' lang='lat' dir='ltr'>aum.</span> <span class='ocrx_word' id='word_1_50' title='bbox 857 630 1035 687; x_wconf 88' lang='lat' dir='ltr'>clamantem:</span> <span class='ocrx_word' id='word_1_51' title='bbox 1046 630 1144 688; x_wconf 70' lang='lat' dir='ltr'>Setun</span> <span class='ocrx_word' id='word_1_52' title='bbox 1154 627 1400 701; x_wconf 62' lang='lat' dir='ltr'>minturnensem</span> <span class='ocrx_word' id='word_1_53' title='bbox 1411 631 1582 700; x_wconf 76' lang='lat' dir='ltr'>epoecnctus</span> <span class='ocrx_word' id='word_1_54' title='bbox 1592 645 1656 692; x_wconf 82' lang='lat' dir='ltr'>eom</span> 
     </span>
     <span class='ocr_line' id='line_1_6' title="bbox 83 713 1655 791; baseline 0 -19"><span class='ocrx_word' id='word_1_55' title='bbox 83 713 199 772; x_wconf 77' lang='lat' dir='ltr'>acutiam</span> <span class='ocrx_word' id='word_1_56' title='bbox 218 714 330 786; x_wconf 89' lang='lat' dir='ltr'>deiude,</span> <span class='ocrx_word' id='word_1_57' title='bbox 355 730 417 786; x_wconf 69' lang='lat' dir='ltr'>quae</span> <span class='ocrx_word' id='word_1_58' title='bbox 431 731 464 772; x_wconf 85' lang='lat' dir='ltr'>ex</span> <span class='ocrx_word' id='word_1_59' title='bbox 484 715 537 774; x_wconf 83' lang='lat' dir='ltr'>fide</span> <span class='ocrx_word' id='word_1_60' title='bbox 559 724 610 787; x_wconf 88' lang='lat' dir='ltr'>est,</span> <span class='ocrx_word' id='word_1_61' title='bbox 632 720 712 777; x_wconf 86' lang='lat' dir='ltr'>soluit</span> <span class='ocrx_word' id='word_1_62' title='bbox 725 719 804 778; x_wconf 87' lang='lat' dir='ltr'>lanes</span> <span class='ocrx_word' id='word_1_63' title='bbox 859 721 960 788; x_wconf 80' lang='lat' dir='ltr'>(levit.</span> <span class='ocrx_word' id='word_1_64' title='bbox 977 735 1034 785; x_wconf 84' lang='grc' dir='ltr'><strong>ιιι,</strong></span> <span class='ocrx_word' id='word_1_65' title='bbox 1050 719 1088 791; x_wconf 68' lang='grc' dir='ltr'><strong>ι).</strong></span> <span class='ocrx_word' id='word_1_66' title='bbox 1108 718 1289 774; x_wconf 77' lang='lat' dir='ltr'>considerent</span> <span class='ocrx_word' id='word_1_67' title='bbox 1311 717 1370 774; x_wconf 84' lang='lat' dir='ltr'>uias</span> <span class='ocrx_word' id='word_1_68' title='bbox 1389 727 1458 785; x_wconf 90' lang='lat' dir='ltr'>tuas,</span> <span class='ocrx_word' id='word_1_69' title='bbox 1477 724 1506 773; x_wconf 90' lang='lat' dir='ltr'>et</span> <span class='ocrx_word' id='word_1_70' title='bbox 1519 715 1655 773; x_wconf 86' lang='lat' dir='ltr'>discanta</span> 
     </span>
     <span class='ocr_line' id='line_1_7' title="bbox 83 801 1655 882; baseline 0.001 -22"><span class='ocrx_word' id='word_1_71' title='bbox 83 807 187 868; x_wconf 77' lang='lat' dir='ltr'>tiorum</span> <span class='ocrx_word' id='word_1_72' title='bbox 211 802 296 874; x_wconf 77' lang='lat' dir='ltr'>gratis</span> <span class='ocrx_word' id='word_1_73' title='bbox 316 801 466 873; x_wconf 77' lang='lat' dir='ltr'>iustificam</span> <span class='ocrx_word' id='word_1_74' title='bbox 478 814 658 876; x_wconf 87' lang='lat' dir='ltr'>peccatorem.</span> <span class='ocrx_word' id='word_1_75' title='bbox 676 808 736 878; x_wconf 79' lang='lat' dir='ltr'>Quo</span> <span class='ocrx_word' id='word_1_76' title='bbox 754 826 804 882; x_wconf 75' lang='lat' dir='ltr'>ge-</span> <span class='ocrx_word' id='word_1_77' title='bbox 858 816 884 864; x_wconf 90' lang='lat' dir='ltr'>te</span> <span class='ocrx_word' id='word_1_78' title='bbox 895 811 959 882; x_wconf 86' lang='lat' dir='ltr'>quia</span> <span class='ocrx_word' id='word_1_79' title='bbox 970 809 1061 880; x_wconf 81' lang='lat' dir='ltr'>justtta</span> <span class='ocrx_word' id='word_1_80' title='bbox 1074 807 1113 863; x_wconf 84' lang='lat' dir='ltr'>eis</span> <span class='ocrx_word' id='word_1_81' title='bbox 1128 809 1156 862; x_wconf 90' lang='lat' dir='ltr'>in</span> <span class='ocrx_word' id='word_1_82' title='bbox 1170 807 1299 863; x_wconf 89' lang='lat' dir='ltr'>omnibus</span> <span class='ocrx_word' id='word_1_83' title='bbox 1310 803 1361 862; x_wconf 85' lang='lat' dir='ltr'>viis</span> <span class='ocrx_word' id='word_1_84' title='bbox 1379 804 1442 872; x_wconf 91' lang='lat' dir='ltr'>tuis,</span> <span class='ocrx_word' id='word_1_85' title='bbox 1458 811 1485 860; x_wconf 90' lang='lat' dir='ltr'>et</span> <span class='ocrx_word' id='word_1_86' title='bbox 1504 813 1614 862; x_wconf 81' lang='lat' dir='ltr'>mnctnn</span> <span class='ocrx_word' id='word_1_87' title='bbox 1627 805 1655 862; x_wconf 92' lang='lat' dir='ltr'>in</span> 
     </span>
     <span class='ocr_line' id='line_1_8' title="bbox 90 886 1655 970; baseline 0 -21"><span class='ocrx_word' id='word_1_88' title='bbox 90 891 223 949; x_wconf 63' lang='lat' dir='ltr'>melitio</span> <span class='ocrx_word' id='word_1_89' title='bbox 241 890 361 962; x_wconf 86' lang='lat' dir='ltr'>implerit</span> <span class='ocrx_word' id='word_1_90' title='bbox 371 907 520 948; x_wconf 86' lang='lat' dir='ltr'>sermonem</span> <span class='ocrx_word' id='word_1_91' title='bbox 544 892 620 951; x_wconf 90' lang='lat' dir='ltr'>illurn</span> <span class='ocrx_word' id='word_1_92' title='bbox 648 899 734 953; x_wconf 74' lang='lat' dir='ltr'>sanni</span> <span class='ocrx_word' id='word_1_93' title='bbox 750 898 804 953; x_wconf 84' lang='lat' dir='ltr'>Da·</span> <span class='ocrx_word' id='word_1_94' title='bbox 856 895 1120 970; x_wconf 84' lang='lat' dir='ltr'>omnibuaopcribus</span> <span class='ocrx_word' id='word_1_95' title='bbox 1130 895 1182 951; x_wconf 80' lang='lat' dir='ltr'>tuis</span> <span class='ocrx_word' id='word_1_96' title='bbox 1197 895 1285 965; x_wconf 81' lang='lat' dir='ltr'>(Paul.</span> <span class='ocrx_word' id='word_1_97' title='bbox 1300 909 1391 964; x_wconf 79' lang='lat' dir='ltr'>eamr,</span> <span class='ocrx_word' id='word_1_98' title='bbox 1408 893 1463 964; x_wconf 81' lang='lat' dir='ltr'>li).</span> <span class='ocrx_word' id='word_1_99' title='bbox 1474 893 1534 948; x_wconf 85' lang='lat' dir='ltr'>lam</span> <span class='ocrx_word' id='word_1_100' title='bbox 1549 886 1655 952; x_wconf 84' lang='lat' dir='ltr'>redem-</span> 
     </span>
     <span class='ocr_line' id='line_1_9' title="bbox 85 980 1654 1059; baseline -0.001 -21"><span class='ocrx_word' id='word_1_101' title='bbox 85 982 224 1039; x_wconf 81' lang='lat' dir='ltr'>diomirtea</span> <span class='ocrx_word' id='word_1_102' title='bbox 233 981 646 1053; x_wconf 80' lang='lat' dir='ltr'>toluilcompcdilos,llomirtue</span> <span class='ocrx_word' id='word_1_103' title='bbox 655 983 803 1042; x_wconf 83' lang='lat' dir='ltr'>illuminet</span> <span class='ocrx_word' id='word_1_104' title='bbox 857 986 957 1059; x_wconf 88' lang='lat' dir='ltr'>ptiouis</span> <span class='ocrx_word' id='word_1_105' title='bbox 969 991 1039 1042; x_wconf 85' lang='lat' dir='ltr'>odor</span> <span class='ocrx_word' id='word_1_106' title='bbox 1060 994 1176 1055; x_wconf 85' lang='lat' dir='ltr'>quantos</span> <span class='ocrx_word' id='word_1_107' title='bbox 1190 998 1301 1040; x_wconf 88' lang='lat' dir='ltr'>currere</span> <span class='ocrx_word' id='word_1_108' title='bbox 1316 980 1399 1037; x_wconf 74' lang='lat' dir='ltr'>lacit?</span> <span class='ocrx_word' id='word_1_109' title='bbox 1413 982 1483 1038; x_wconf 87' lang='lat' dir='ltr'>cnm</span> <span class='ocrx_word' id='word_1_110' title='bbox 1497 983 1654 1039; x_wconf 84' lang='lat' dir='ltr'>exaltarisa</span> 
     </span>
     <span class='ocr_line' id='line_1_10' title="bbox 83 1069 1653 1144; baseline -0.002 -15"><span class='ocrx_word' id='word_1_111' title='bbox 83 1069 196 1144; x_wconf 72' lang='lat' dir='ltr'>thsol.</span> <span class='ocrx_word' id='word_1_112' title='bbox 205 1086 291 1137; x_wconf 73' lang='lat' dir='ltr'>cxcv,</span> <span class='ocrx_word' id='word_1_113' title='bbox 300 1072 328 1139; x_wconf 82' lang='lat'>7,</span> <span class='ocrx_word' id='word_1_114' title='bbox 338 1070 376 1142; x_wconf 83' lang='lat'>8).</span> <span class='ocrx_word' id='word_1_115' title='bbox 393 1071 506 1126; x_wconf 83' lang='lat' dir='ltr'>audiuit</span> <span class='ocrx_word' id='word_1_116' title='bbox 515 1087 624 1144; x_wconf 84' lang='lat' dir='ltr'>qnoque</span> <span class='ocrx_word' id='word_1_117' title='bbox 633 1082 724 1131; x_wconf 84' lang='lat' dir='ltr'>sancte</span> <span class='ocrx_word' id='word_1_118' title='bbox 733 1073 804 1130; x_wconf 91' lang='lat' dir='ltr'>iuter</span> <span class='ocrx_word' id='word_1_119' title='bbox 857 1083 939 1142; x_wconf 88' lang='lat' dir='ltr'>terra,</span> <span class='ocrx_word' id='word_1_120' title='bbox 953 1082 1019 1132; x_wconf 87' lang='lat' dir='ltr'>tunc</span> <span class='ocrx_word' id='word_1_121' title='bbox 1038 1087 1149 1143; x_wconf 84' lang='lat' dir='ltr'>prorsus</span> <span class='ocrx_word' id='word_1_122' title='bbox 1173 1072 1265 1128; x_wconf 90' lang='lat' dir='ltr'>omnia</span> <span class='ocrx_word' id='word_1_123' title='bbox 1278 1071 1363 1128; x_wconf 88' lang='lat' dir='ltr'>trabis</span> <span class='ocrx_word' id='word_1_124' title='bbox 1380 1069 1415 1126; x_wconf 90' lang='lat' dir='ltr'>ad</span> <span class='ocrx_word' id='word_1_125' title='bbox 1430 1077 1457 1127; x_wconf 92' lang='lat' dir='ltr'>te</span> <span class='ocrx_word' id='word_1_126' title='bbox 1470 1069 1571 1140; x_wconf 87' lang='lat' dir='ltr'>ipsum.</span> <span class='ocrx_word' id='word_1_127' title='bbox 1587 1072 1653 1127; x_wconf 84' lang='lat' dir='ltr'>Pas-</span> 
     </span>
     <span class='ocr_line' id='line_1_11' title="bbox 83 1157 1653 1233; baseline 0 -17"><span class='ocrx_word' id='word_1_128' title='bbox 83 1166 162 1217; x_wconf 86' lang='lat' dir='ltr'>ttores</span> <span class='ocrx_word' id='word_1_129' title='bbox 175 1158 276 1224; x_wconf 85' lang='lat' dir='ltr'>uiuere,</span> <span class='ocrx_word' id='word_1_130' title='bbox 293 1166 320 1213; x_wconf 91' lang='lat' dir='ltr'>et</span> <span class='ocrx_word' id='word_1_131' title='bbox 340 1161 379 1215; x_wconf 89' lang='lat' dir='ltr'>sic</span> <span class='ocrx_word' id='word_1_132' title='bbox 401 1158 508 1215; x_wconf 80' lang='lat' dir='ltr'>tradere</span> <span class='ocrx_word' id='word_1_133' title='bbox 523 1161 635 1216; x_wconf 90' lang='lat' dir='ltr'>lormam</span> <span class='ocrx_word' id='word_1_134' title='bbox 655 1161 726 1231; x_wconf 80' lang='lat' dir='ltr'>ritae,</span> <span class='ocrx_word' id='word_1_135' title='bbox 741 1170 803 1217; x_wconf 82' lang='lat' dir='ltr'>tan·</span> <span class='ocrx_word' id='word_1_136' title='bbox 857 1168 898 1221; x_wconf 87' lang='lat' dir='ltr'>alo</span> <span class='ocrx_word' id='word_1_137' title='bbox 909 1171 953 1219; x_wconf 89' lang='lat' dir='ltr'>tua</span> <span class='ocrx_word' id='word_1_138' title='bbox 967 1164 1092 1219; x_wconf 89' lang='lat' dir='ltr'>ultimum</span> <span class='ocrx_word' id='word_1_139' title='bbox 1107 1160 1256 1233; x_wconf 77' lang='lat' dir='ltr'>retugium,</span> <span class='ocrx_word' id='word_1_140' title='bbox 1272 1159 1412 1233; x_wconf 73' lang='lat' dir='ltr'>singulare</span> <span class='ocrx_word' id='word_1_141' title='bbox 1420 1157 1579 1216; x_wconf 86' lang='lat' dir='ltr'>remedium.</span> <span class='ocrx_word' id='word_1_142' title='bbox 1595 1160 1653 1216; x_wconf 88' lang='lat' dir='ltr'>De·</span> 
     </span>
     <span class='ocr_line' id='line_1_12' title="bbox 82 1247 1653 1322; baseline 0.001 -18"><span class='ocrx_word' id='word_1_143' title='bbox 82 1265 90 1304; x_wconf 92' lang='lat' dir='ltr'>t</span> <span class='ocrx_word' id='word_1_144' title='bbox 112 1249 174 1318; x_wconf 81' lang='lat' dir='ltr'>riae,</span> <span class='ocrx_word' id='word_1_145' title='bbox 195 1265 248 1320; x_wconf 87' lang='lat' dir='ltr'>qna</span> <span class='ocrx_word' id='word_1_146' title='bbox 265 1247 370 1304; x_wconf 88' lang='lat' dir='ltr'>redires</span> <span class='ocrx_word' id='word_1_147' title='bbox 393 1249 427 1304; x_wconf 89' lang='lat' dir='ltr'>ad</span> <span class='ocrx_word' id='word_1_148' title='bbox 450 1249 575 1321; x_wconf 86' lang='lat' dir='ltr'>patriam.</span> <span class='ocrx_word' id='word_1_149' title='bbox 599 1250 642 1309; x_wconf 76' lang='lat' dir='ltr'>Ad</span> <span class='ocrx_word' id='word_1_150' title='bbox 665 1253 803 1309; x_wconf 88' lang='lat' dir='ltr'>cumulum</span> <span class='ocrx_word' id='word_1_151' title='bbox 856 1251 965 1310; x_wconf 87' lang='lat' dir='ltr'>ficiente</span> <span class='ocrx_word' id='word_1_152' title='bbox 980 1250 1122 1322; x_wconf 89' lang='lat' dir='ltr'>sapientia,</span> <span class='ocrx_word' id='word_1_153' title='bbox 1135 1250 1242 1320; x_wconf 87' lang='lat' dir='ltr'>justitia</span> <span class='ocrx_word' id='word_1_154' title='bbox 1257 1263 1311 1305; x_wconf 92' lang='lat' dir='ltr'>uon</span> <span class='ocrx_word' id='word_1_155' title='bbox 1325 1247 1488 1314; x_wconf 77' lang='lat' dir='ltr'>inliciente,</span> <span class='ocrx_word' id='word_1_156' title='bbox 1503 1247 1653 1305; x_wconf 82' lang='lat' dir='ltr'>sanctitutis</span> 
     </span>
     <span class='ocr_line' id='line_1_13' title="bbox 83 1335 1652 1409; baseline -0.001 -13"><span class='ocrx_word' id='word_1_157' title='bbox 83 1353 149 1396; x_wconf 70' lang='lat' dir='ltr'>omo</span> <span class='ocrx_word' id='word_1_158' title='bbox 164 1337 273 1409; x_wconf 88' lang='lat' dir='ltr'>pietatis</span> <span class='ocrx_word' id='word_1_159' title='bbox 287 1337 395 1393; x_wconf 88' lang='lat' dir='ltr'>tradidit</span> <span class='ocrx_word' id='word_1_160' title='bbox 407 1337 436 1393; x_wconf 93' lang='lat' dir='ltr'>in</span> <span class='ocrx_word' id='word_1_161' title='bbox 455 1349 570 1395; x_wconf 88' lang='lat' dir='ltr'>mortem</span> <span class='ocrx_word' id='word_1_162' title='bbox 584 1339 700 1396; x_wconf 88' lang='lat' dir='ltr'>anirnam</span> <span class='ocrx_word' id='word_1_163' title='bbox 714 1355 802 1408; x_wconf 91' lang='lat' dir='ltr'>suam,</span> <span class='ocrx_word' id='word_1_164' title='bbox 856 1340 1096 1400; x_wconf 76' lang='lat' dir='ltr'>succumbentibus</span> <span class='ocrx_word' id='word_1_165' title='bbox 1109 1338 1222 1405; x_wconf 88' lang='lat' dir='ltr'>meritis,</span> <span class='ocrx_word' id='word_1_166' title='bbox 1234 1337 1279 1394; x_wconf 92' lang='lat' dir='ltr'>illa</span> <span class='ocrx_word' id='word_1_167' title='bbox 1293 1336 1436 1393; x_wconf 89' lang='lat' dir='ltr'>succurrit.</span> <span class='ocrx_word' id='word_1_168' title='bbox 1452 1335 1521 1407; x_wconf 82' lang='lat' dir='ltr'>Quis</span> <span class='ocrx_word' id='word_1_169' title='bbox 1535 1337 1607 1393; x_wconf 92' lang='lat' dir='ltr'>enim</span> <span class='ocrx_word' id='word_1_170' title='bbox 1617 1339 1652 1394; x_wconf 85' lang='lat' dir='ltr'>dc</span> 
     </span>
     <span class='ocr_line' id='line_1_14' title="bbox 96 1425 1651 1502; baseline 0 -20"><span class='ocrx_word' id='word_1_171' title='bbox 96 1426 207 1499; x_wconf 87' lang='lat' dir='ltr'>proprio</span> <span class='ocrx_word' id='word_1_172' title='bbox 226 1426 309 1482; x_wconf 89' lang='lat' dir='ltr'>latere</span> <span class='ocrx_word' id='word_1_173' title='bbox 329 1426 441 1497; x_wconf 89' lang='lat' dir='ltr'>pmtnlit</span> <span class='ocrx_word' id='word_1_174' title='bbox 462 1427 580 1500; x_wconf 91' lang='lat' dir='ltr'>pretium</span> <span class='ocrx_word' id='word_1_175' title='bbox 600 1427 800 1495; x_wconf 76' lang='lat' dir='ltr'>satisfactionis,</span> <span class='ocrx_word' id='word_1_176' title='bbox 856 1449 905 1488; x_wconf 88' lang='lat' dir='ltr'>sua</span> <span class='ocrx_word' id='word_1_177' title='bbox 926 1431 970 1488; x_wconf 82' lang='lat' dir='ltr'>rel</span> <span class='ocrx_word' id='word_1_178' title='bbox 987 1428 1129 1502; x_wconf 88' lang='lat' dir='ltr'>sapientia,</span> <span class='ocrx_word' id='word_1_179' title='bbox 1144 1429 1186 1484; x_wconf 85' lang='lat' dir='ltr'>tel</span> <span class='ocrx_word' id='word_1_180' title='bbox 1196 1426 1311 1498; x_wconf 83' lang='lat' dir='ltr'>justitia,</span> <span class='ocrx_word' id='word_1_181' title='bbox 1326 1425 1371 1484; x_wconf 85' lang='lat' dir='ltr'>rel</span> <span class='ocrx_word' id='word_1_182' title='bbox 1389 1425 1530 1484; x_wconf 85' lang='lat' dir='ltr'>sanctitate</span> <span class='ocrx_word' id='word_1_183' title='bbox 1543 1441 1651 1495; x_wconf 82' lang='lat' dir='ltr'>praesu-</span> 
     </span>
     <span class='ocr_line' id='line_1_15' title="bbox 83 1513 1650 1588; baseline 0.001 -17"><span class='ocrx_word' id='word_1_184' title='bbox 83 1515 199 1586; x_wconf 87' lang='lat' dir='ltr'>placaret</span> <span class='ocrx_word' id='word_1_185' title='bbox 218 1515 339 1586; x_wconf 84' lang='lat' dir='ltr'>Patrem;</span> <span class='ocrx_word' id='word_1_186' title='bbox 361 1531 412 1586; x_wconf 90' lang='lat' dir='ltr'>per</span> <span class='ocrx_word' id='word_1_187' title='bbox 430 1516 502 1588; x_wconf 89' lang='lat' dir='ltr'>quod</span> <span class='ocrx_word' id='word_1_188' title='bbox 524 1515 601 1571; x_wconf 89' lang='lat' dir='ltr'>illurn</span> <span class='ocrx_word' id='word_1_189' title='bbox 624 1517 704 1588; x_wconf 90' lang='lat' dir='ltr'>plane</span> <span class='ocrx_word' id='word_1_190' title='bbox 722 1517 756 1574; x_wconf 92' lang='lat' dir='ltr'>ad</span> <span class='ocrx_word' id='word_1_191' title='bbox 771 1533 801 1574; x_wconf 80' lang='lat' dir='ltr'>ae</span> <span class='ocrx_word' id='word_1_192' title='bbox 856 1529 910 1577; x_wconf 88' lang='lat' dir='ltr'>mat</span> <span class='ocrx_word' id='word_1_193' title='bbox 923 1517 1112 1577; x_wconf 87' lang='lat' dir='ltr'>suideieutiam</span> <span class='ocrx_word' id='word_1_194' title='bbox 1126 1516 1179 1572; x_wconf 91' lang='lat' dir='ltr'>sibi</span> <span class='ocrx_word' id='word_1_195' title='bbox 1192 1516 1229 1571; x_wconf 92' lang='lat' dir='ltr'>ad</span> <span class='ocrx_word' id='word_1_196' title='bbox 1243 1513 1382 1571; x_wconf 71' lang='lat' dir='ltr'>amntem?</span> <span class='ocrx_word' id='word_1_197' title='bbox 1404 1517 1464 1572; x_wconf 88' lang='lat' dir='ltr'>llort</span> <span class='ocrx_word' id='word_1_198' title='bbox 1477 1515 1550 1587; x_wconf 79' lang='lat' dir='ltr'>qood</span> <span class='ocrx_word' id='word_1_199' title='bbox 1562 1517 1650 1587; x_wconf 71' lang='lat' dir='ltr'>ruspi-</span> 
     </span>
     <span class='ocr_line' id='line_1_16' title="bbox 83 1602 1651 1681; baseline 0.001 -21"><span class='ocrx_word' id='word_1_200' title='bbox 83 1603 167 1660; x_wconf 85' lang='lat' dir='ltr'>rulnm</span> <span class='ocrx_word' id='word_1_201' title='bbox 180 1603 259 1659; x_wconf 82' lang='lat' dir='ltr'>traxit</span> <span class='ocrx_word' id='word_1_202' title='bbox 274 1620 281 1657; x_wconf 89' lang='lat'>:</span> <span class='ocrx_word' id='word_1_203' title='bbox 301 1604 382 1676; x_wconf 78' lang='lat' dir='ltr'>Apud</span> <span class='ocrx_word' id='word_1_204' title='bbox 394 1606 547 1662; x_wconf 67' lang='lat' dir='ltr'>mutinum</span> <span class='ocrx_word' id='word_1_205' title='bbox 553 1605 760 1677; x_wconf 84' lang='lat' dir='ltr'>misericordie,</span> <span class='ocrx_word' id='word_1_206' title='bbox 772 1609 801 1664; x_wconf 85' lang='lat' dir='ltr'>ct</span> <span class='ocrx_word' id='word_1_207' title='bbox 854 1613 973 1677; x_wconf 77' lang='lat' dir='ltr'>cuntes,</span> <span class='ocrx_word' id='word_1_208' title='bbox 987 1606 1083 1681; x_wconf 86' lang='lat' dir='ltr'>iuquit,</span> <span class='ocrx_word' id='word_1_209' title='bbox 1100 1607 1193 1663; x_wconf 83' lang='lat' dir='ltr'>rimor</span> <span class='ocrx_word' id='word_1_210' title='bbox 1206 1607 1329 1677; x_wconf 79' lang='lat' dir='ltr'>ospitare</span> <span class='ocrx_word' id='word_1_211' title='bbox 1342 1603 1454 1677; x_wconf 77' lang='lat' dir='ltr'>aliquid</span> <span class='ocrx_word' id='word_1_212' title='bbox 1463 1621 1482 1660; x_wconf 90' lang='lat' dir='ltr'>o</span> <span class='ocrx_word' id='word_1_213' title='bbox 1495 1602 1573 1661; x_wconf 82' lang='lat' dir='ltr'>nobis</span> <span class='ocrx_word' id='word_1_214' title='bbox 1586 1609 1651 1661; x_wconf 84' lang='lat' dir='ltr'>tort·</span> 
     </span>
     <span class='ocr_line' id='line_1_17' title="bbox 83 1655 1651 1772; baseline 0.001 -23"><span class='ocrx_word' id='word_1_215' title='bbox 83 1692 197 1765; x_wconf 80' lang='lat' dir='ltr'>leopati</span> <span class='ocrx_word' id='word_1_216' title='bbox 211 1691 698 1767; x_wconf 61' lang='lat' dir='ltr'>cumredemptiotluutmxxrx&#39;t).</span> <span class='ocrx_word' id='word_1_217' title='bbox 714 1695 797 1751; x_wconf 88' lang='lat' dir='ltr'>Pror-</span> <span class='ocrx_word' id='word_1_218' title='bbox 815 1655 938 1772; x_wconf 71' lang='lat' dir='ltr'>Bqttttrn</span> <span class='ocrx_word' id='word_1_219' title='bbox 965 1713 1002 1756; x_wconf 84' lang='lat' dir='ltr'>ec</span> <span class='ocrx_word' id='word_1_220' title='bbox 1029 1694 1118 1762; x_wconf 84' lang='lat' dir='ltr'>nobis,</span> <span class='ocrx_word' id='word_1_221' title='bbox 1138 1695 1186 1752; x_wconf 89' lang='lat' dir='ltr'>scd</span> <span class='ocrx_word' id='word_1_222' title='bbox 1205 1693 1383 1766; x_wconf 73' lang='lat' dir='ltr'>mspicicntt&#39;c</span> <span class='ocrx_word' id='word_1_223' title='bbox 1411 1697 1511 1750; x_wconf 84' lang='lat' dir='ltr'>nostro</span> <span class='ocrx_word' id='word_1_224' title='bbox 1537 1708 1575 1749; x_wconf 83' lang='lat' dir='ltr'>ee</span> <span class='ocrx_word' id='word_1_225' title='bbox 1596 1695 1651 1752; x_wconf 80' lang='lat' dir='ltr'>neo</span> 
     </span>
     <span class='ocr_line' id='line_1_18' title="bbox 83 1780 1649 1857; baseline 0.002 -22"><span class='ocrx_word' id='word_1_226' title='bbox 83 1780 190 1853; x_wconf 87' lang='lat' dir='ltr'>opiosu;</span> <span class='ocrx_word' id='word_1_227' title='bbox 203 1781 267 1849; x_wconf 84' lang='lat' dir='ltr'>quia</span> <span class='ocrx_word' id='word_1_228' title='bbox 279 1795 332 1836; x_wconf 94' lang='lat' dir='ltr'>non</span> <span class='ocrx_word' id='word_1_229' title='bbox 344 1787 432 1855; x_wconf 76' lang='lat' dir='ltr'>gutta,</span> <span class='ocrx_word' id='word_1_230' title='bbox 443 1781 491 1837; x_wconf 89' lang='lat' dir='ltr'>scd</span> <span class='ocrx_word' id='word_1_231' title='bbox 502 1784 574 1839; x_wconf 91' lang='lat' dir='ltr'>nuda</span> <span class='ocrx_word' id='word_1_232' title='bbox 587 1783 729 1857; x_wconf 71' lang='lat' dir='ltr'>sangoinis</span> <span class='ocrx_word' id='word_1_233' title='bbox 741 1785 797 1842; x_wconf 88' lang='lat' dir='ltr'>lar-</span> <span class='ocrx_word' id='word_1_234' title='bbox 851 1791 892 1845; x_wconf 84' lang='lat' dir='ltr'>crt</span> <span class='ocrx_word' id='word_1_235' title='bbox 906 1785 948 1856; x_wconf 89' lang='lat' dir='ltr'>(ll</span> <span class='ocrx_word' id='word_1_236' title='bbox 961 1784 1025 1842; x_wconf 77' lang='lat' dir='ltr'>Gor.</span> <span class='ocrx_word' id='word_1_237' title='bbox 1043 1799 1084 1849; x_wconf 88' lang='lat' dir='ltr'>ut,</span> <span class='ocrx_word' id='word_1_238' title='bbox 1100 1784 1138 1854; x_wconf 82' lang='lat' dir='ltr'>d).</span> <span class='ocrx_word' id='word_1_239' title='bbox 1155 1784 1250 1854; x_wconf 86' lang='lat' dir='ltr'>ltaque</span> <span class='ocrx_word' id='word_1_240' title='bbox 1263 1798 1324 1839; x_wconf 85' lang='lat' dir='ltr'>cunr</span> <span class='ocrx_word' id='word_1_241' title='bbox 1338 1780 1465 1837; x_wconf 87' lang='lat' dir='ltr'>deiecerit</span> <span class='ocrx_word' id='word_1_242' title='bbox 1478 1780 1565 1837; x_wconf 85' lang='lat' dir='ltr'>uirtus</span> <span class='ocrx_word' id='word_1_243' title='bbox 1579 1797 1649 1855; x_wconf 80' lang='lat' dir='ltr'>moa,</span> 
     </span>
     <span class='ocr_line' id='line_1_19' title="bbox 83 1868 1651 1942; baseline 0.003 -19"><span class='ocrx_word' id='word_1_244' title='bbox 83 1883 128 1938; x_wconf 85' lang='lat' dir='ltr'>per</span> <span class='ocrx_word' id='word_1_245' title='bbox 140 1869 260 1940; x_wconf 82' lang='lat' dir='ltr'>quinque</span> <span class='ocrx_word' id='word_1_246' title='bbox 274 1876 364 1939; x_wconf 88' lang='lat' dir='ltr'>partes</span> <span class='ocrx_word' id='word_1_247' title='bbox 377 1870 502 1942; x_wconf 90' lang='lat' dir='ltr'>corporis</span> <span class='ocrx_word' id='word_1_248' title='bbox 516 1871 659 1926; x_wconf 87' lang='lat' dir='ltr'>emanavit.</span> <span class='ocrx_word' id='word_1_249' title='bbox 853 1890 907 1932; x_wconf 92' lang='lat' dir='ltr'>non</span> <span class='ocrx_word' id='word_1_250' title='bbox 926 1873 1084 1938; x_wconf 85' lang='lat' dir='ltr'>conturbor,</span> <span class='ocrx_word' id='word_1_251' title='bbox 1099 1886 1154 1927; x_wconf 90' lang='lat' dir='ltr'>non</span> <span class='ocrx_word' id='word_1_252' title='bbox 1166 1869 1272 1927; x_wconf 82' lang='lat' dir='ltr'>diffido.</span> <span class='ocrx_word' id='word_1_253' title='bbox 1287 1869 1351 1926; x_wconf 88' lang='lat' dir='ltr'>Scio</span> <span class='ocrx_word' id='word_1_254' title='bbox 1368 1869 1434 1940; x_wconf 83' lang='lat' dir='ltr'>quid</span> <span class='ocrx_word' id='word_1_255' title='bbox 1445 1868 1542 1927; x_wconf 85' lang='lat' dir='ltr'>luciam</span> <span class='ocrx_word' id='word_1_256' title='bbox 1557 1886 1566 1927; x_wconf 77' lang='grc' dir='ltr'><strong>ι</strong></span> <span class='ocrx_word' id='word_1_257' title='bbox 1582 1871 1651 1927; x_wconf 87' lang='lat' dir='ltr'>cali·</span> 
     </span>
     <span class='ocr_line' id='line_1_20' title="bbox 84 1954 1651 2033; baseline 0.002 -21"><span class='ocrx_word' id='word_1_258' title='bbox 84 1954 157 2027; x_wconf 82' lang='lat' dir='ltr'>Quid</span> <span class='ocrx_word' id='word_1_259' title='bbox 169 1957 217 2013; x_wconf 90' lang='lat' dir='ltr'>tibi</span> <span class='ocrx_word' id='word_1_260' title='bbox 226 1957 319 2013; x_wconf 91' lang='lat' dir='ltr'>debuit</span> <span class='ocrx_word' id='word_1_261' title='bbox 328 1956 428 2028; x_wconf 87' lang='lat' dir='ltr'>lacera,</span> <span class='ocrx_word' id='word_1_262' title='bbox 440 1965 467 2014; x_wconf 89' lang='lat' dir='ltr'>et</span> <span class='ocrx_word' id='word_1_263' title='bbox 478 1974 533 2016; x_wconf 94' lang='lat' dir='ltr'>non</span> <span class='ocrx_word' id='word_1_264' title='bbox 543 1958 627 2017; x_wconf 72' lang='lat' dir='ltr'>lecit?</span> <span class='ocrx_word' id='word_1_265' title='bbox 637 1959 800 2017; x_wconf 82' lang='lat' dir='ltr'>illuminarit</span> <span class='ocrx_word' id='word_1_266' title='bbox 852 1979 912 2022; x_wconf 91' lang='lat' dir='ltr'>cem</span> <span class='ocrx_word' id='word_1_267' title='bbox 927 1961 1054 2021; x_wconf 64' lang='lat' dir='ltr'>mutaris</span> <span class='ocrx_word' id='word_1_268' title='bbox 1067 1961 1209 2033; x_wconf 89' lang='lat' dir='ltr'>accipiam,</span> <span class='ocrx_word' id='word_1_269' title='bbox 1229 1967 1257 2017; x_wconf 91' lang='lat' dir='ltr'>et</span> <span class='ocrx_word' id='word_1_270' title='bbox 1271 1975 1371 2017; x_wconf 89' lang='lat' dir='ltr'>nomen</span> <span class='ocrx_word' id='word_1_271' title='bbox 1391 1958 1501 2014; x_wconf 88' lang='lat' dir='ltr'>Domini</span> <span class='ocrx_word' id='word_1_272' title='bbox 1519 1959 1651 2017; x_wconf 85' lang='lat' dir='ltr'>invocabo</span> 
     </span>
     <span class='ocr_line' id='line_1_21' title="bbox 83 2045 1652 2122; baseline 0.003 -23"><span class='ocrx_word' id='word_1_273' title='bbox 83 2052 116 2111; x_wconf 85' lang='lat' dir='ltr'>m,</span> <span class='ocrx_word' id='word_1_274' title='bbox 131 2045 211 2103; x_wconf 84' lang='lat' dir='ltr'>soluit</span> <span class='ocrx_word' id='word_1_275' title='bbox 224 2046 356 2117; x_wconf 80' lang='lat' dir='ltr'>uinctum,</span> <span class='ocrx_word' id='word_1_276' title='bbox 373 2046 480 2104; x_wconf 88' lang='lat' dir='ltr'>reduxit</span> <span class='ocrx_word' id='word_1_277' title='bbox 494 2062 652 2120; x_wconf 85' lang='lat' dir='ltr'>erroneum,</span> <span class='ocrx_word' id='word_1_278' title='bbox 674 2049 798 2108; x_wconf 78' lang='lat' dir='ltr'>reconci-</span> <span class='ocrx_word' id='word_1_279' title='bbox 853 2054 948 2122; x_wconf 82' lang='lat' dir='ltr'>(Psot.</span> <span class='ocrx_word' id='word_1_280' title='bbox 963 2067 1025 2118; x_wconf 86' lang='lat' dir='ltr'>oxu,</span> <span class='ocrx_word' id='word_1_281' title='bbox 1046 2051 1102 2122; x_wconf 77' lang='lat' dir='ltr'>lb).</span> <span class='ocrx_word' id='word_1_282' title='bbox 1127 2049 1253 2107; x_wconf 87' lang='lat' dir='ltr'>illumina</span> <span class='ocrx_word' id='word_1_283' title='bbox 1266 2048 1361 2105; x_wconf 90' lang='lat' dir='ltr'>oculos</span> <span class='ocrx_word' id='word_1_284' title='bbox 1375 2061 1460 2114; x_wconf 88' lang='lat' dir='ltr'>meua,</span> <span class='ocrx_word' id='word_1_285' title='bbox 1475 2047 1600 2113; x_wconf 88' lang='lat' dir='ltr'>Domine,</span> <span class='ocrx_word' id='word_1_286' title='bbox 1621 2056 1652 2104; x_wconf 91' lang='lat' dir='ltr'>ut</span> 
     </span>
     <span class='ocr_line' id='line_1_22' title="bbox 85 2133 1650 2214; baseline 0.002 -25"><span class='ocrx_word' id='word_1_287' title='bbox 85 2139 175 2189; x_wconf 68' lang='lat' dir='ltr'>munt.</span> <span class='ocrx_word' id='word_1_288' title='bbox 191 2133 327 2204; x_wconf 83' lang='lat' dir='ltr'>Quisnon</span> <span class='ocrx_word' id='word_1_289' title='bbox 342 2133 493 2205; x_wconf 86' lang='lat' dir='ltr'>postillam</span> <span class='ocrx_word' id='word_1_290' title='bbox 511 2137 626 2193; x_wconf 86' lang='lat' dir='ltr'>libenter</span> <span class='ocrx_word' id='word_1_291' title='bbox 640 2144 721 2210; x_wconf 86' lang='lat' dir='ltr'>atque</span> <span class='ocrx_word' id='word_1_292' title='bbox 739 2137 797 2195; x_wconf 89' lang='lat' dir='ltr'>ala·</span> <span class='ocrx_word' id='word_1_293' title='bbox 852 2143 936 2200; x_wconf 81' lang='lat' dir='ltr'>auiam</span> <span class='ocrx_word' id='word_1_294' title='bbox 953 2141 1019 2214; x_wconf 88' lang='lat' dir='ltr'>quid</span> <span class='ocrx_word' id='word_1_295' title='bbox 1047 2149 1189 2210; x_wconf 87' lang='lat' dir='ltr'>acceptum</span> <span class='ocrx_word' id='word_1_296' title='bbox 1217 2139 1253 2192; x_wconf 93' lang='lat' dir='ltr'>sit</span> <span class='ocrx_word' id='word_1_297' title='bbox 1276 2151 1369 2194; x_wconf 92' lang='lat' dir='ltr'>coram</span> <span class='ocrx_word' id='word_1_298' title='bbox 1389 2142 1415 2191; x_wconf 86' lang='lat' dir='ltr'>ts</span> <span class='ocrx_word' id='word_1_299' title='bbox 1434 2135 1650 2204; x_wconf 88' lang='lat' dir='ltr'>omnitempore</span> 
     </span>
     <span class='ocr_line' id='line_1_23' title="bbox 83 2224 1651 2304; baseline 0.001 -24"><span class='ocrx_word' id='word_1_300' title='bbox 83 2230 203 2290; x_wconf 89' lang='lat' dir='ltr'>·currat,</span> <span class='ocrx_word' id='word_1_301' title='bbox 227 2224 273 2295; x_wconf 91' lang='lat' dir='ltr'>qui</span> <span class='ocrx_word' id='word_1_302' title='bbox 298 2232 325 2281; x_wconf 92' lang='lat' dir='ltr'>et</span> <span class='ocrx_word' id='word_1_303' title='bbox 351 2225 386 2280; x_wconf 90' lang='lat' dir='ltr'>ab</span> <span class='ocrx_word' id='word_1_304' title='bbox 413 2241 506 2282; x_wconf 91' lang='lat' dir='ltr'>errore</span> <span class='ocrx_word' id='word_1_305' title='bbox 538 2226 642 2297; x_wconf 85' lang='lat' dir='ltr'>liberat,</span> <span class='ocrx_word' id='word_1_306' title='bbox 662 2236 690 2284; x_wconf 90' lang='lat' dir='ltr'>et</span> <span class='ocrx_word' id='word_1_307' title='bbox 711 2237 799 2284; x_wconf 89' lang='lat' dir='ltr'>errata</span> <span class='ocrx_word' id='word_1_308' title='bbox 851 2231 929 2304; x_wconf 83' lang='lat' dir='ltr'>(Sap.</span> <span class='ocrx_word' id='word_1_309' title='bbox 958 2245 996 2300; x_wconf 88' lang='grc' dir='ltr'>ιι,</span> <span class='ocrx_word' id='word_1_310' title='bbox 1023 2231 1078 2299; x_wconf 87' lang='lat' dir='ltr'>ld),</span> <span class='ocrx_word' id='word_1_311' title='bbox 1102 2235 1130 2284; x_wconf 91' lang='lat' dir='ltr'>et</span> <span class='ocrx_word' id='word_1_312' title='bbox 1149 2227 1259 2298; x_wconf 86' lang='lat' dir='ltr'>sapiens</span> <span class='ocrx_word' id='word_1_313' title='bbox 1286 2241 1358 2282; x_wconf 90' lang='lat' dir='ltr'>sum.</span> <span class='ocrx_word' id='word_1_314' title='bbox 1384 2224 1485 2281; x_wconf 82' lang='lat' dir='ltr'>Delicta</span> <span class='ocrx_word' id='word_1_315' title='bbox 1500 2225 1651 2295; x_wconf 80' lang='lat' dir='ltr'>juventutis</span> 
     </span>
     <span class='ocr_line' id='line_1_24' title="bbox 83 2312 1649 2391; baseline 0.002 -23"><span class='ocrx_word' id='word_1_316' title='bbox 83 2313 171 2376; x_wconf 89' lang='lat' dir='ltr'>nnlet;</span> <span class='ocrx_word' id='word_1_317' title='bbox 187 2312 233 2384; x_wconf 82' lang='lat' dir='ltr'>qui</span> <span class='ocrx_word' id='word_1_318' title='bbox 247 2312 346 2369; x_wconf 88' lang='lat' dir='ltr'>deiude</span> <span class='ocrx_word' id='word_1_319' title='bbox 364 2314 460 2369; x_wconf 90' lang='lat' dir='ltr'>merita</span> <span class='ocrx_word' id='word_1_320' title='bbox 473 2314 590 2372; x_wconf 82' lang='lat' dir='ltr'>uiuendo</span> <span class='ocrx_word' id='word_1_321' title='bbox 614 2316 702 2381; x_wconf 89' lang='lat' dir='ltr'>tradit,</span> <span class='ocrx_word' id='word_1_322' title='bbox 729 2333 799 2388; x_wconf 85' lang='lat' dir='ltr'>prae-</span> <span class='ocrx_word' id='word_1_323' title='bbox 852 2335 928 2385; x_wconf 77' lang='lat' dir='ltr'>mem,</span> <span class='ocrx_word' id='word_1_324' title='bbox 940 2326 969 2375; x_wconf 86' lang='lat' dir='ltr'>st</span> <span class='ocrx_word' id='word_1_325' title='bbox 980 2315 1151 2391; x_wconf 69' lang='lat' dir='ltr'>ignorantias</span> <span class='ocrx_word' id='word_1_326' title='bbox 1164 2331 1239 2373; x_wconf 87' lang='lat' dir='ltr'>meas</span> <span class='ocrx_word' id='word_1_327' title='bbox 1252 2330 1287 2371; x_wconf 91' lang='lat' dir='ltr'>ue</span> <span class='ocrx_word' id='word_1_328' title='bbox 1303 2312 1462 2370; x_wconf 88' lang='lat' dir='ltr'>memineris</span> <span class='ocrx_word' id='word_1_329' title='bbox 1473 2314 1561 2386; x_wconf 84' lang='lat' dir='ltr'>(Ptol.</span> <span class='ocrx_word' id='word_1_330' title='bbox 1572 2330 1649 2379; x_wconf 81' lang='lat' dir='ltr'>xxiv,</span> 
     </span>
     <span class='ocr_line' id='line_1_25' title="bbox 83 2399 1650 2480; baseline 0.002 -25"><span class='ocrx_word' id='word_1_331' title='bbox 83 2400 215 2457; x_wconf 90' lang='lat' dir='ltr'>noriendo</span> <span class='ocrx_word' id='word_1_332' title='bbox 229 2399 383 2473; x_wconf 74' lang='lat' dir='ltr'>conquirit?</span> <span class='ocrx_word' id='word_1_333' title='bbox 397 2399 485 2468; x_wconf 86' lang='lat' dir='ltr'>Quam</span> <span class='ocrx_word' id='word_1_334' title='bbox 500 2402 704 2461; x_wconf 83' lang='lat' dir='ltr'>excusationem</span> <span class='ocrx_word' id='word_1_335' title='bbox 718 2406 799 2462; x_wconf 88' lang='lat' dir='ltr'>habet</span> <span class='ocrx_word' id='word_1_336' title='bbox 850 2408 897 2480; x_wconf 79' lang='lat' dir='ltr'>i),</span> <span class='ocrx_word' id='word_1_337' title='bbox 920 2414 946 2463; x_wconf 91' lang='lat' dir='ltr'>et</span> <span class='ocrx_word' id='word_1_338' title='bbox 961 2408 1052 2479; x_wconf 83' lang='lat' dir='ltr'>justas</span> <span class='ocrx_word' id='word_1_339' title='bbox 1074 2421 1146 2462; x_wconf 87' lang='lat' dir='ltr'>sum.</span> <span class='ocrx_word' id='word_1_340' title='bbox 1161 2405 1257 2462; x_wconf 84' lang='lat' dir='ltr'>Deduc</span> <span class='ocrx_word' id='word_1_341' title='bbox 1274 2418 1330 2476; x_wconf 86' lang='lat' dir='ltr'>me,</span> <span class='ocrx_word' id='word_1_342' title='bbox 1353 2402 1480 2473; x_wconf 87' lang='lat' dir='ltr'>Domine,</span> <span class='ocrx_word' id='word_1_343' title='bbox 1506 2402 1534 2459; x_wconf 92' lang='lat' dir='ltr'>in</span> <span class='ocrx_word' id='word_1_344' title='bbox 1546 2403 1591 2460; x_wconf 87' lang='lat' dir='ltr'>ria</span> <span class='ocrx_word' id='word_1_345' title='bbox 1604 2412 1650 2460; x_wconf 88' lang='lat' dir='ltr'>tua</span> 
     </span>
     <span class='ocr_line' id='line_1_26' title="bbox 83 2487 1650 2570; baseline 0.002 -27"><span class='ocrx_word' id='word_1_346' title='bbox 83 2487 189 2545; x_wconf 86' lang='lat' dir='ltr'>rudore</span> <span class='ocrx_word' id='word_1_347' title='bbox 203 2489 300 2546; x_wconf 89' lang='lat' dir='ltr'>horum</span> <span class='ocrx_word' id='word_1_348' title='bbox 321 2499 524 2563; x_wconf 64' lang='lat' dir='ltr'>unptentorum</span> <span class='ocrx_word' id='word_1_349' title='bbox 546 2506 602 2548; x_wconf 93' lang='lat' dir='ltr'>non</span> <span class='ocrx_word' id='word_1_350' title='bbox 621 2492 716 2560; x_wconf 91' lang='lat' dir='ltr'>currit,</span> <span class='ocrx_word' id='word_1_351' title='bbox 744 2494 798 2552; x_wconf 90' lang='lat' dir='ltr'>uisi</span> <span class='ocrx_word' id='word_1_352' title='bbox 851 2497 939 2570; x_wconf 82' lang='lat' dir='ltr'>(Psoi.</span> <span class='ocrx_word' id='word_1_353' title='bbox 950 2511 1050 2562; x_wconf 79' lang='lat' dir='ltr'>cxxxv,</span> <span class='ocrx_word' id='word_1_354' title='bbox 1061 2497 1118 2566; x_wconf 81' lang='lat' dir='ltr'>ll),</span> <span class='ocrx_word' id='word_1_355' title='bbox 1130 2502 1160 2550; x_wconf 90' lang='lat' dir='ltr'>nt</span> <span class='ocrx_word' id='word_1_356' title='bbox 1172 2502 1284 2550; x_wconf 89' lang='lat' dir='ltr'>sanctus</span> <span class='ocrx_word' id='word_1_357' title='bbox 1300 2508 1374 2550; x_wconf 87' lang='lat' dir='ltr'>aum.</span> <span class='ocrx_word' id='word_1_358' title='bbox 1390 2492 1583 2550; x_wconf 85' lang='lat' dir='ltr'>Verumtamen</span> <span class='ocrx_word' id='word_1_359' title='bbox 1597 2492 1650 2548; x_wconf 89' lang='lat' dir='ltr'>nisi</span> 
     </span>
     <span class='ocr_line' id='line_1_27' title="bbox 82 2577 1650 2658; baseline 0.003 -25"><span class='ocrx_word' id='word_1_360' title='bbox 82 2592 135 2634; x_wconf 88' lang='lat' dir='ltr'>tent</span> <span class='ocrx_word' id='word_1_361' title='bbox 155 2577 224 2634; x_wconf 81' lang='lat' dir='ltr'>torte</span> <span class='ocrx_word' id='word_1_362' title='bbox 241 2579 310 2634; x_wconf 92' lang='lat' dir='ltr'>odor</span> <span class='ocrx_word' id='word_1_363' title='bbox 330 2577 442 2635; x_wconf 88' lang='lat' dir='ltr'>minime</span> <span class='ocrx_word' id='word_1_364' title='bbox 453 2579 596 2651; x_wconf 74' lang='lat' dir='ltr'>peruenit?</span> <span class='ocrx_word' id='word_1_365' title='bbox 608 2579 662 2638; x_wconf 89' lang='lat' dir='ltr'>Sed</span> <span class='ocrx_word' id='word_1_366' title='bbox 675 2580 746 2639; x_wconf 90' lang='lat' dir='ltr'>enim</span> <span class='ocrx_word' id='word_1_367' title='bbox 769 2583 798 2640; x_wconf 91' lang='lat' dir='ltr'>in</span> <span class='ocrx_word' id='word_1_368' title='bbox 851 2584 1195 2658; x_wconf 72' lang='lat' dir='ltr'>interpelletsauguistuus</span> <span class='ocrx_word' id='word_1_369' title='bbox 1209 2597 1322 2654; x_wconf 90' lang='lat' dir='ltr'>prome,</span> <span class='ocrx_word' id='word_1_370' title='bbox 1333 2581 1426 2637; x_wconf 75' lang='lat' dir='ltr'>salvas</span> <span class='ocrx_word' id='word_1_371' title='bbox 1440 2595 1496 2636; x_wconf 92' lang='lat' dir='ltr'>uon</span> <span class='ocrx_word' id='word_1_372' title='bbox 1509 2596 1581 2639; x_wconf 88' lang='lat' dir='ltr'>sum.</span> <span class='ocrx_word' id='word_1_373' title='bbox 1596 2582 1650 2638; x_wconf 86' lang='lat' dir='ltr'>Pro</span> 
     </span>
     <span class='ocr_line' id='line_1_28' title="bbox 83 2665 1651 2742; baseline 0.004 -23"><span class='ocrx_word' id='word_1_374' title='bbox 83 2669 224 2719; x_wconf 81' lang='lat' dir='ltr'>interram</span> <span class='ocrx_word' id='word_1_375' title='bbox 249 2665 332 2721; x_wconf 89' lang='lat' dir='ltr'>exivit</span> <span class='ocrx_word' id='word_1_376' title='bbox 356 2667 424 2722; x_wconf 91' lang='lat' dir='ltr'>odor</span> <span class='ocrx_word' id='word_1_377' title='bbox 439 2666 517 2735; x_wconf 66' lang='lat' dir='ltr'>vitm</span> <span class='ocrx_word' id='word_1_378' title='bbox 542 2669 671 2742; x_wconf 84' lang='lat' dir='ltr'>quonism</span> <span class='ocrx_word' id='word_1_379' title='bbox 694 2670 797 2729; x_wconf 81' lang='lat' dir='ltr'>miseri·</span> <span class='ocrx_word' id='word_1_380' title='bbox 850 2670 894 2729; x_wconf 83' lang='lat' dir='ltr'>nis</span> <span class='ocrx_word' id='word_1_381' title='bbox 914 2672 1038 2731; x_wconf 88' lang='lat' dir='ltr'>omuibus</span> <span class='ocrx_word' id='word_1_382' title='bbox 1061 2672 1196 2730; x_wconf 87' lang='lat' dir='ltr'>currimus</span> <span class='ocrx_word' id='word_1_383' title='bbox 1222 2676 1361 2740; x_wconf 87' lang='lat' dir='ltr'>postte:</span> <span class='ocrx_word' id='word_1_384' title='bbox 1387 2668 1493 2726; x_wconf 89' lang='lat' dir='ltr'>dimitte</span> <span class='ocrx_word' id='word_1_385' title='bbox 1506 2683 1569 2735; x_wconf 87' lang='lat' dir='ltr'>nos,</span> <span class='ocrx_word' id='word_1_386' title='bbox 1587 2668 1651 2741; x_wconf 84' lang='lat' dir='ltr'>qnia</span> 
     </span>
     <span class='ocr_line' id='line_1_29' title="bbox 83 2751 1128 2835; baseline 0.011 -27"><span class='ocrx_word' id='word_1_387' title='bbox 83 2751 216 2808; x_wconf 85' lang='lat' dir='ltr'>nilomini</span> <span class='ocrx_word' id='word_1_388' title='bbox 238 2751 319 2826; x_wconf 91' lang='lat' dir='ltr'>plena</span> <span class='ocrx_word' id='word_1_389' title='bbox 337 2763 380 2811; x_wconf 91' lang='lat' dir='ltr'>est</span> <span class='ocrx_word' id='word_1_390' title='bbox 397 2761 479 2828; x_wconf 85' lang='lat' dir='ltr'>terra,</span> <span class='ocrx_word' id='word_1_391' title='bbox 493 2767 521 2813; x_wconf 90' lang='lat' dir='ltr'>ct</span> <span class='ocrx_word' id='word_1_392' title='bbox 538 2758 723 2816; x_wconf 86' lang='lat' dir='ltr'>miserationes</span> <span class='ocrx_word' id='word_1_393' title='bbox 737 2761 798 2831; x_wconf 89' lang='lat' dir='ltr'>ejus</span> <span class='ocrx_word' id='word_1_394' title='bbox 850 2761 1000 2820; x_wconf 83' lang='lat' dir='ltr'>clamamus</span> <span class='ocrx_word' id='word_1_395' title='bbox 1014 2769 1077 2835; x_wconf 90' lang='lat' dir='ltr'>post</span> <span class='ocrx_word' id='word_1_396' title='bbox 1092 2772 1128 2820; x_wconf 89' lang='lat' dir='ltr'>te.</span> 
     </span>
    </p>

    <p class='ocr_par' dir='ltr' id='par_1_3' title="bbox 83 2841 1651 5501">
     <span class='ocr_line' id='line_1_30' title="bbox 107 2841 1651 2920; baseline 0.003 -23"><span class='ocrx_word' id='word_1_397' title='bbox 107 2841 199 2897; x_wconf 89' lang='lat' dir='ltr'>onrnia</span> <span class='ocrx_word' id='word_1_398' title='bbox 218 2857 300 2912; x_wconf 90' lang='lat' dir='ltr'>opera</span> <span class='ocrx_word' id='word_1_399' title='bbox 319 2843 388 2911; x_wconf 83' lang='lat' dir='ltr'>ejus.</span> <span class='ocrx_word' id='word_1_400' title='bbox 418 2844 493 2918; x_wconf 69' lang='lat' dir='ltr'>Ergo</span> <span class='ocrx_word' id='word_1_401' title='bbox 515 2846 563 2918; x_wconf 84' lang='lat' dir='ltr'>qni</span> <span class='ocrx_word' id='word_1_402' title='bbox 589 2847 698 2906; x_wconf 81' lang='lat' dir='ltr'>vitalem</span> <span class='ocrx_word' id='word_1_403' title='bbox 728 2851 798 2906; x_wconf 89' lang='lat' dir='ltr'>hane</span> <span class='ocrx_word' id='word_1_404' title='bbox 886 2855 912 2909; x_wconf 82' lang='lat' dir='ltr'>ll.</span> <span class='ocrx_word' id='word_1_405' title='bbox 928 2852 986 2909; x_wconf 81' lang='lat' dir='ltr'>Nec</span> <span class='ocrx_word' id='word_1_406' title='bbox 1009 2853 1143 2907; x_wconf 90' lang='lat' dir='ltr'>currimns</span> <span class='ocrx_word' id='word_1_407' title='bbox 1166 2847 1308 2920; x_wconf 84' lang='lat' dir='ltr'>aequaliter</span> <span class='ocrx_word' id='word_1_408' title='bbox 1328 2862 1422 2903; x_wconf 89' lang='lat' dir='ltr'>omnes</span> <span class='ocrx_word' id='word_1_409' title='bbox 1442 2846 1471 2903; x_wconf 90' lang='lat' dir='ltr'>in</span> <span class='ocrx_word' id='word_1_410' title='bbox 1491 2846 1651 2905; x_wconf 89' lang='lat' dir='ltr'>odoraom·</span> 
     </span>
     <span class='ocr_line' id='line_1_31' title="bbox 83 2929 1651 3013; baseline 0.005 -28"><span class='ocrx_word' id='word_1_411' title='bbox 83 2944 122 2987; x_wconf 87' lang='lat' dir='ltr'>nm</span> <span class='ocrx_word' id='word_1_412' title='bbox 150 2929 248 3001; x_wconf 85' lang='lat' dir='ltr'>ubique</span> <span class='ocrx_word' id='word_1_413' title='bbox 272 2930 446 3005; x_wconf 76' lang='lat' dir='ltr'>fragrantiam</span> <span class='ocrx_word' id='word_1_414' title='bbox 465 2951 519 2992; x_wconf 91' lang='lat' dir='ltr'>non</span> <span class='ocrx_word' id='word_1_415' title='bbox 533 2936 624 3005; x_wconf 87' lang='lat' dir='ltr'>sentit,</span> <span class='ocrx_word' id='word_1_416' title='bbox 649 2939 724 2995; x_wconf 86' lang='lat' dir='ltr'>etob</span> <span class='ocrx_word' id='word_1_417' title='bbox 747 2931 835 3012; x_wconf 63' lang='lat' dir='ltr'>boec</span> <span class='ocrx_word' id='word_1_418' title='bbox 850 2938 926 2996; x_wconf 88' lang='lat' dir='ltr'>nium</span> <span class='ocrx_word' id='word_1_419' title='bbox 948 2947 1147 3013; x_wconf 77' lang='lat' dir='ltr'>ungnentorum</span> <span class='ocrx_word' id='word_1_420' title='bbox 1169 2955 1177 2990; x_wconf 74' lang='grc' dir='ltr'><strong>ι</strong></span> <span class='ocrx_word' id='word_1_421' title='bbox 1200 2936 1248 2992; x_wconf 85' lang='lat' dir='ltr'>sed</span> <span class='ocrx_word' id='word_1_422' title='bbox 1264 2934 1354 2990; x_wconf 85' lang='lat' dir='ltr'>uideas</span> <span class='ocrx_word' id='word_1_423' title='bbox 1376 2934 1444 2990; x_wconf 89' lang='lat' dir='ltr'>alios</span> <span class='ocrx_word' id='word_1_424' title='bbox 1464 2934 1651 2993; x_wconf 84' lang='lat' dir='ltr'>uehementius</span> 
     </span>
     <span class='ocr_line' id='line_1_32' title="bbox 85 3017 1650 3101; baseline 0.003 -29"><span class='ocrx_word' id='word_1_425' title='bbox 85 3017 163 3084; x_wconf 89' lang='lat' dir='ltr'>urrit,</span> <span class='ocrx_word' id='word_1_426' title='bbox 179 3027 224 3073; x_wconf 92' lang='lat' dir='ltr'>aut</span> <span class='ocrx_word' id='word_1_427' title='bbox 238 3027 359 3075; x_wconf 87' lang='lat' dir='ltr'>mortuus</span> <span class='ocrx_word' id='word_1_428' title='bbox 372 3025 424 3087; x_wconf 88' lang='lat' dir='ltr'>est,</span> <span class='ocrx_word' id='word_1_429' title='bbox 440 3030 487 3077; x_wconf 92' lang='lat' dir='ltr'>aut</span> <span class='ocrx_word' id='word_1_430' title='bbox 499 3023 610 3094; x_wconf 92' lang='lat' dir='ltr'>putidus</span> <span class='ocrx_word' id='word_1_431' title='bbox 625 3022 721 3097; x_wconf 67' lang='lat' dir='ltr'>[oliae</span> <span class='ocrx_word' id='word_1_432' title='bbox 744 3042 798 3097; x_wconf 91' lang='lat' dir='ltr'>pu·</span> <span class='ocrx_word' id='word_1_433' title='bbox 853 3029 953 3086; x_wconf 84' lang='lat' dir='ltr'>studiis</span> <span class='ocrx_word' id='word_1_434' title='bbox 965 3029 1082 3101; x_wconf 76' lang='lat' dir='ltr'>flagrare</span> <span class='ocrx_word' id='word_1_435' title='bbox 1097 3023 1247 3098; x_wconf 75' lang='lat' dir='ltr'>sapientia,</span> <span class='ocrx_word' id='word_1_436' title='bbox 1266 3022 1338 3079; x_wconf 89' lang='lat' dir='ltr'>alios</span> <span class='ocrx_word' id='word_1_437' title='bbox 1360 3021 1448 3095; x_wconf 72' lang='lat' dir='ltr'>magia</span> <span class='ocrx_word' id='word_1_438' title='bbox 1461 3022 1495 3078; x_wconf 86' lang='lat' dir='ltr'>ad</span> <span class='ocrx_word' id='word_1_439' title='bbox 1510 3022 1650 3097; x_wconf 88' lang='lat' dir='ltr'>poeuiten-</span> 
     </span>
     <span class='ocr_line' id='line_1_33' title="bbox 83 3104 1650 3190; baseline 0.001 -25"><span class='ocrx_word' id='word_1_440' title='bbox 83 3104 105 3181; x_wconf 72' lang='lat' dir='ltr'>l.-</span> <span class='ocrx_word' id='word_1_441' title='bbox 121 3105 280 3181; x_wconf 71' lang='lat' dir='ltr'>impressis</span> <span class='ocrx_word' id='word_1_442' title='bbox 295 3107 366 3164; x_wconf 85' lang='lat' dir='ltr'>fama</span> <span class='ocrx_word' id='word_1_443' title='bbox 381 3116 432 3165; x_wconf 91' lang='lat' dir='ltr'>est.</span> <span class='ocrx_word' id='word_1_444' title='bbox 447 3110 573 3167; x_wconf 82' lang='lat' dir='ltr'>Peruenit</span> <span class='ocrx_word' id='word_1_445' title='bbox 587 3110 681 3185; x_wconf 62' lang='lat' dir='ltr'>[olion</span> <span class='ocrx_word' id='word_1_446' title='bbox 691 3128 796 3183; x_wconf 71' lang='lat' dir='ltr'>praeve-</span> <span class='ocrx_word' id='word_1_447' title='bbox 852 3119 916 3174; x_wconf 89' lang='lat' dir='ltr'>titm</span> <span class='ocrx_word' id='word_1_448' title='bbox 930 3133 980 3190; x_wconf 84' lang='lat' dir='ltr'>ape</span> <span class='ocrx_word' id='word_1_449' title='bbox 1002 3115 1176 3187; x_wconf 72' lang='lat' dir='ltr'>indulgentiae</span> <span class='ocrx_word' id='word_1_450' title='bbox 1190 3112 1314 3181; x_wconf 90' lang='lat' dir='ltr'>animari,</span> <span class='ocrx_word' id='word_1_451' title='bbox 1329 3110 1396 3167; x_wconf 89' lang='lat' dir='ltr'>alios</span> <span class='ocrx_word' id='word_1_452' title='bbox 1410 3109 1528 3182; x_wconf 84' lang='lat' dir='ltr'>amplius</span> <span class='ocrx_word' id='word_1_453' title='bbox 1541 3113 1576 3168; x_wconf 83' lang='lat' dir='ltr'>ad</span> <span class='ocrx_word' id='word_1_454' title='bbox 1591 3111 1650 3168; x_wconf 90' lang='lat' dir='ltr'>tir-</span> 
     </span>
     <span class='ocr_line' id='line_1_34' title="bbox 84 3193 1649 3272; baseline 0.004 -22"><span class='ocrx_word' id='word_1_455' title='bbox 84 3193 205 3267; x_wconf 87' lang='lat' dir='ltr'>piuiouis</span> <span class='ocrx_word' id='word_1_456' title='bbox 227 3197 306 3263; x_wconf 92' lang='lat' dir='ltr'>odor,</span> <span class='ocrx_word' id='word_1_457' title='bbox 322 3196 420 3254; x_wconf 85' lang='lat' dir='ltr'>excitat</span> <span class='ocrx_word' id='word_1_458' title='bbox 438 3197 472 3253; x_wconf 93' lang='lat' dir='ltr'>ad</span> <span class='ocrx_word' id='word_1_459' title='bbox 488 3201 661 3266; x_wconf 88' lang='lat' dir='ltr'>currendum,</span> <span class='ocrx_word' id='word_1_460' title='bbox 677 3201 797 3272; x_wconf 89' lang='lat' dir='ltr'>perducit</span> <span class='ocrx_word' id='word_1_461' title='bbox 849 3216 936 3264; x_wconf 89' lang='lat' dir='ltr'>tntum</span> <span class='ocrx_word' id='word_1_462' title='bbox 953 3203 1110 3263; x_wconf 85' lang='lat' dir='ltr'>exercitium</span> <span class='ocrx_word' id='word_1_463' title='bbox 1124 3202 1187 3260; x_wconf 79' lang='lat' dir='ltr'>ritae</span> <span class='ocrx_word' id='word_1_464' title='bbox 1200 3209 1228 3258; x_wconf 90' lang='lat' dir='ltr'>et</span> <span class='ocrx_word' id='word_1_465' title='bbox 1247 3199 1462 3258; x_wconf 88' lang='lat' dir='ltr'>conversationis</span> <span class='ocrx_word' id='word_1_466' title='bbox 1475 3201 1535 3270; x_wconf 85' lang='lat' dir='ltr'>ejtts</span> <span class='ocrx_word' id='word_1_467' title='bbox 1549 3216 1649 3271; x_wconf 88' lang='lat' dir='ltr'>proro-</span> 
     </span>
     <span class='ocr_line' id='line_1_35' title="bbox 83 3283 1651 3362; baseline 0.001 -20"><span class='ocrx_word' id='word_1_468' title='bbox 83 3283 192 3342; x_wconf 84' lang='lat' dir='ltr'>iationis</span> <span class='ocrx_word' id='word_1_469' title='bbox 215 3286 444 3358; x_wconf 82' lang='lat' dir='ltr'>experimentum,</span> <span class='ocrx_word' id='word_1_470' title='bbox 469 3288 503 3344; x_wconf 90' lang='lat' dir='ltr'>ad</span> <span class='ocrx_word' id='word_1_471' title='bbox 527 3289 648 3345; x_wconf 79' lang='lat' dir='ltr'>brasium</span> <span class='ocrx_word' id='word_1_472' title='bbox 672 3290 795 3348; x_wconf 79' lang='lat' dir='ltr'>cisionis.</span> <span class='ocrx_word' id='word_1_473' title='bbox 849 3294 902 3352; x_wconf 91' lang='lat' dir='ltr'>cari</span> <span class='ocrx_word' id='word_1_474' title='bbox 928 3289 1198 3362; x_wconf 61' lang='lat' dir='ltr'>exemplariorum</span> <span class='ocrx_word' id='word_1_475' title='bbox 1222 3289 1348 3361; x_wconf 90' lang='lat' dir='ltr'>pietatem</span> <span class='ocrx_word' id='word_1_476' title='bbox 1371 3286 1505 3359; x_wconf 86' lang='lat' dir='ltr'>passionis</span> <span class='ocrx_word' id='word_1_477' title='bbox 1520 3288 1651 3345; x_wconf 89' lang='lat' dir='ltr'>memoria</span> 
     </span>
     <span class='ocr_line' id='line_1_36' title="bbox 83 3373 1651 3456; baseline 0.003 -26"><span class='ocrx_word' id='word_1_478' title='bbox 83 3388 123 3430; x_wconf 81' lang='lat' dir='ltr'>tua</span> <span class='ocrx_word' id='word_1_479' title='bbox 137 3373 296 3442; x_wconf 81' lang='lat' dir='ltr'>terentium,</span> <span class='ocrx_word' id='word_1_480' title='bbox 317 3375 435 3431; x_wconf 89' lang='lat' dir='ltr'>omnium</span> <span class='ocrx_word' id='word_1_481' title='bbox 455 3377 666 3446; x_wconf 81' lang='lat' dir='ltr'>pervenientium</span> <span class='ocrx_word' id='word_1_482' title='bbox 681 3396 689 3437; x_wconf 74' lang='grc' dir='ltr'>ε</span> <span class='ocrx_word' id='word_1_483' title='bbox 715 3378 796 3438; x_wconf 83' lang='lat' dir='ltr'>Sicut</span> <span class='ocrx_word' id='word_1_484' title='bbox 849 3384 910 3456; x_wconf 92' lang='lat' dir='ltr'>plus</span> <span class='ocrx_word' id='word_1_485' title='bbox 923 3380 1048 3440; x_wconf 85' lang='lat' dir='ltr'>accendi.</span> <span class='ocrx_word' id='word_1_486' title='bbox 1060 3380 1189 3436; x_wconf 75' lang='lat' dir='ltr'>ruamus</span> <span class='ocrx_word' id='word_1_487' title='bbox 1202 3393 1253 3435; x_wconf 94' lang='lat' dir='ltr'>nos</span> <span class='ocrx_word' id='word_1_488' title='bbox 1264 3376 1300 3433; x_wconf 93' lang='lat' dir='ltr'>de</span> <span class='ocrx_word' id='word_1_489' title='bbox 1311 3375 1424 3449; x_wconf 77' lang='lat' dir='ltr'>singulis</span> <span class='ocrx_word' id='word_1_490' title='bbox 1433 3391 1516 3449; x_wconf 82' lang='lat' dir='ltr'>posse</span> <span class='ocrx_word' id='word_1_491' title='bbox 1529 3377 1651 3449; x_wconf 87' lang='lat' dir='ltr'>reperire</span> 
     </span>
     <span class='ocr_line' id='line_1_37' title="bbox 83 3462 1650 3544; baseline 0.002 -25"><span class='ocrx_word' id='word_1_492' title='bbox 83 3462 220 3528; x_wconf 57' lang='lat' dir='ltr'>inarmis</span> <span class='ocrx_word' id='word_1_493' title='bbox 235 3463 399 3521; x_wconf 84' lang='lat' dir='ltr'>uidimasiu</span> <span class='ocrx_word' id='word_1_494' title='bbox 408 3466 796 3528; x_wconf 69' lang='lat' dir='ltr'>moitotebomt&#39;nlcirttttcm</span> <span class='ocrx_word' id='word_1_495' title='bbox 848 3469 992 3544; x_wconf 77' lang='lat' dir='ltr'>exemplat</span> <span class='ocrx_word' id='word_1_496' title='bbox 1015 3469 1166 3525; x_wconf 83' lang='lat' dir='ltr'>Currebaut</span> <span class='ocrx_word' id='word_1_497' title='bbox 1185 3467 1214 3522; x_wconf 92' lang='lat' dir='ltr'>in</span> <span class='ocrx_word' id='word_1_498' title='bbox 1237 3465 1319 3523; x_wconf 89' lang='lat' dir='ltr'>odore</span> <span class='ocrx_word' id='word_1_499' title='bbox 1342 3464 1492 3536; x_wconf 82' lang='lat' dir='ltr'>sapientiae,</span> <span class='ocrx_word' id='word_1_500' title='bbox 1512 3465 1559 3535; x_wconf 85' lang='lat' dir='ltr'>qni</span> <span class='ocrx_word' id='word_1_501' title='bbox 1572 3465 1650 3522; x_wconf 89' lang='lat' dir='ltr'>missi</span> 
     </span>
     <span class='ocr_line' id='line_1_38' title="bbox 83 3550 1649 3628; baseline 0.004 -23"><span class='ocrx_word' id='word_1_502' title='bbox 83 3578 93 3605; x_wconf 87' lang='lat'>.·</span> <span class='ocrx_word' id='word_1_503' title='bbox 112 3565 204 3615; x_wconf 83' lang='lat' dir='ltr'>xautt,</span> <span class='ocrx_word' id='word_1_504' title='bbox 220 3551 258 3622; x_wconf 79' lang='lat'>9).</span> <span class='ocrx_word' id='word_1_505' title='bbox 279 3550 398 3607; x_wconf 82' lang='lat' dir='ltr'>Omnium</span> <span class='ocrx_word' id='word_1_506' title='bbox 419 3561 530 3623; x_wconf 91' lang='lat' dir='ltr'>propter</span> <span class='ocrx_word' id='word_1_507' title='bbox 551 3556 794 3624; x_wconf 85' lang='lat' dir='ltr'>mansuetudinem,</span> <span class='ocrx_word' id='word_1_508' title='bbox 849 3552 1480 3626; x_wconf 80' lang='lat' dir='ltr'>fuerautanarisaeis,comreversidicerent:</span> <span class='ocrx_word' id='word_1_509' title='bbox 1499 3554 1649 3628; x_wconf 80' lang='lat' dir='ltr'>Nunquam</span> 
     </span>
     <span class='ocr_line' id='line_1_39' title="bbox 84 3638 1650 3716; baseline 0 -19"><span class='ocrx_word' id='word_1_510' title='bbox 84 3646 138 3697; x_wconf 92' lang='lat' dir='ltr'>nte</span> <span class='ocrx_word' id='word_1_511' title='bbox 149 3638 319 3710; x_wconf 81' lang='lat' dir='ltr'>praedicatur,</span> <span class='ocrx_word' id='word_1_512' title='bbox 332 3638 584 3712; x_wconf 88' lang='lat' dir='ltr'>currimuspostte,</span> <span class='ocrx_word' id='word_1_513' title='bbox 595 3642 794 3716; x_wconf 77' lang='lat' dir='ltr'>nominatam,</span> <span class='ocrx_word' id='word_1_514' title='bbox 849 3648 930 3705; x_wconf 80' lang='lat' dir='ltr'>tomo</span> <span class='ocrx_word' id='word_1_515' title='bbox 945 3647 1058 3704; x_wconf 78' lang='lat' dir='ltr'>nectas</span> <span class='ocrx_word' id='word_1_516' title='bbox 1072 3649 1113 3701; x_wconf 86' lang='lat' dir='ltr'>cel</span> <span class='ocrx_word' id='word_1_517' title='bbox 1129 3645 1220 3712; x_wconf 78' lang='lat' dir='ltr'>tdoon.</span> <span class='ocrx_word' id='word_1_518' title='bbox 1236 3657 1287 3711; x_wconf 87' lang='lat' dir='ltr'>vn,</span> <span class='ocrx_word' id='word_1_519' title='bbox 1304 3641 1365 3711; x_wconf 81' lang='lat' dir='ltr'>lb);</span> <span class='ocrx_word' id='word_1_520' title='bbox 1383 3639 1476 3711; x_wconf 88' lang='lat' dir='ltr'>utique</span> <span class='ocrx_word' id='word_1_521' title='bbox 1485 3640 1650 3697; x_wconf 86' lang='lat' dir='ltr'>admirantes</span> 
     </span>
     <span class='ocr_line' id='line_1_40' title="bbox 83 3726 1649 3805; baseline 0.002 -23"><span class='ocrx_word' id='word_1_522' title='bbox 83 3727 225 3798; x_wconf 86' lang='lat' dir='ltr'>uteeqnod</span> <span class='ocrx_word' id='word_1_523' title='bbox 241 3741 295 3783; x_wconf 91' lang='lat' dir='ltr'>non</span> <span class='ocrx_word' id='word_1_524' title='bbox 314 3742 428 3800; x_wconf 90' lang='lat' dir='ltr'>spernas</span> <span class='ocrx_word' id='word_1_525' title='bbox 447 3745 604 3802; x_wconf 88' lang='lat' dir='ltr'>pauperem,</span> <span class='ocrx_word' id='word_1_526' title='bbox 625 3738 795 3803; x_wconf 88' lang='lat' dir='ltr'>peccatorem</span> <span class='ocrx_word' id='word_1_527' title='bbox 823 3801 826 3805; x_wconf 82' lang='lat'>.</span> <span class='ocrx_word' id='word_1_528' title='bbox 848 3735 1007 3800; x_wconf 89' lang='lat' dir='ltr'>doctrinam,</span> <span class='ocrx_word' id='word_1_529' title='bbox 1036 3741 1063 3790; x_wconf 92' lang='lat' dir='ltr'>et</span> <span class='ocrx_word' id='word_1_530' title='bbox 1084 3730 1245 3790; x_wconf 83' lang='lat' dir='ltr'>confitentes</span> <span class='ocrx_word' id='word_1_531' title='bbox 1267 3726 1436 3798; x_wconf 85' lang='lat' dir='ltr'>sapientiam.</span> <span class='ocrx_word' id='word_1_532' title='bbox 1466 3727 1597 3785; x_wconf 84' lang='lat' dir='ltr'>currebat</span> <span class='ocrx_word' id='word_1_533' title='bbox 1620 3729 1649 3784; x_wconf 92' lang='lat' dir='ltr'>in</span> 
     </span>
     <span class='ocr_line' id='line_1_41' title="bbox 83 3815 1647 3894; baseline 0.002 -22"><span class='ocrx_word' id='word_1_534' title='bbox 83 3831 198 3874; x_wconf 81' lang='lat' dir='ltr'>torreas.</span> <span class='ocrx_word' id='word_1_535' title='bbox 223 3816 283 3871; x_wconf 91' lang='lat' dir='ltr'>Non</span> <span class='ocrx_word' id='word_1_536' title='bbox 307 3816 436 3873; x_wconf 85' lang='lat' dir='ltr'>horruisti</span> <span class='ocrx_word' id='word_1_537' title='bbox 459 3817 630 3876; x_wconf 83' lang='lat' dir='ltr'>confitentem</span> <span class='ocrx_word' id='word_1_538' title='bbox 654 3821 794 3888; x_wconf 90' lang='lat' dir='ltr'>latronem,</span> <span class='ocrx_word' id='word_1_539' title='bbox 847 3824 901 3880; x_wconf 89' lang='lat' dir='ltr'>boe</span> <span class='ocrx_word' id='word_1_540' title='bbox 914 3823 974 3894; x_wconf 90' lang='lat' dir='ltr'>ipso</span> <span class='ocrx_word' id='word_1_541' title='bbox 983 3823 1068 3879; x_wconf 92' lang='lat' dir='ltr'>odore</span> <span class='ocrx_word' id='word_1_542' title='bbox 1081 3829 1191 3875; x_wconf 85' lang='lat' dir='ltr'>sanctus</span> <span class='ocrx_word' id='word_1_543' title='bbox 1204 3817 1378 3883; x_wconf 77' lang='lat' dir='ltr'>Nicodamus,</span> <span class='ocrx_word' id='word_1_544' title='bbox 1393 3815 1440 3887; x_wconf 86' lang='lat' dir='ltr'>qui</span> <span class='ocrx_word' id='word_1_545' title='bbox 1453 3817 1532 3875; x_wconf 84' lang='lat' dir='ltr'>canit</span> <span class='ocrx_word' id='word_1_546' title='bbox 1550 3818 1587 3875; x_wconf 84' lang='lat' dir='ltr'>od</span> <span class='ocrx_word' id='word_1_547' title='bbox 1599 3819 1647 3877; x_wconf 78' lang='lat' dir='ltr'>Je-</span> 
     </span>
     <span class='ocr_line' id='line_1_42' title="bbox 83 3904 1649 3989; baseline 0 -25"><span class='ocrx_word' id='word_1_548' title='bbox 83 3905 273 3979; x_wconf 77' lang='lat' dir='ltr'>lacrymsutem</span> <span class='ocrx_word' id='word_1_549' title='bbox 308 3908 496 3977; x_wconf 89' lang='lat' dir='ltr'>peccatricem,</span> <span class='ocrx_word' id='word_1_550' title='bbox 527 3923 580 3965; x_wconf 91' lang='lat' dir='ltr'>non</span> <span class='ocrx_word' id='word_1_551' title='bbox 615 3909 794 3989; x_wconf 80' lang='lat' dir='ltr'>Cbanauaam</span> <span class='ocrx_word' id='word_1_552' title='bbox 847 3929 912 3970; x_wconf 83' lang='lat' dir='ltr'>enm</span> <span class='ocrx_word' id='word_1_553' title='bbox 925 3907 1216 3982; x_wconf 79' lang='lat' dir='ltr'>nocte(.loott.ttr,2),</span> <span class='ocrx_word' id='word_1_554' title='bbox 1232 3906 1260 3961; x_wconf 91' lang='lat' dir='ltr'>io</span> <span class='ocrx_word' id='word_1_555' title='bbox 1275 3904 1420 3977; x_wconf 90' lang='lat' dir='ltr'>splendore</span> <span class='ocrx_word' id='word_1_556' title='bbox 1434 3904 1521 3961; x_wconf 90' lang='lat' dir='ltr'>multo</span> <span class='ocrx_word' id='word_1_557' title='bbox 1536 3905 1649 3980; x_wconf 86' lang='lat' dir='ltr'>sapien·</span> 
     </span>
     <span class='ocr_line' id='line_1_43' title="bbox 83 3992 1647 4069; baseline 0 -15"><span class='ocrx_word' id='word_1_558' title='bbox 83 3995 208 4066; x_wconf 74' lang='lat' dir='ltr'>mantem,</span> <span class='ocrx_word' id='word_1_559' title='bbox 233 4009 286 4051; x_wconf 91' lang='lat' dir='ltr'>non</span> <span class='ocrx_word' id='word_1_560' title='bbox 313 3996 509 4069; x_wconf 87' lang='lat' dir='ltr'>deprehensam</span> <span class='ocrx_word' id='word_1_561' title='bbox 532 3997 561 4053; x_wconf 91' lang='lat' dir='ltr'>in</span> <span class='ocrx_word' id='word_1_562' title='bbox 579 3997 721 4067; x_wconf 90' lang='lat' dir='ltr'>adulterio,</span> <span class='ocrx_word' id='word_1_563' title='bbox 741 4015 795 4057; x_wconf 92' lang='lat' dir='ltr'>nou</span> <span class='ocrx_word' id='word_1_564' title='bbox 849 4001 916 4058; x_wconf 76' lang='lat' dir='ltr'>ties:</span> <span class='ocrx_word' id='word_1_565' title='bbox 935 3999 970 4057; x_wconf 92' lang='lat' dir='ltr'>de</span> <span class='ocrx_word' id='word_1_566' title='bbox 987 3997 1079 4055; x_wconf 91' lang='lat' dir='ltr'>multis</span> <span class='ocrx_word' id='word_1_567' title='bbox 1091 3995 1195 4069; x_wconf 85' lang='lat' dir='ltr'>quippe</span> <span class='ocrx_word' id='word_1_568' title='bbox 1208 3995 1357 4051; x_wconf 89' lang='lat' dir='ltr'>instructus</span> <span class='ocrx_word' id='word_1_569' title='bbox 1372 3992 1539 4066; x_wconf 82' lang='lat' dir='ltr'>edoctusque</span> <span class='ocrx_word' id='word_1_570' title='bbox 1554 4012 1647 4054; x_wconf 84' lang='lat' dir='ltr'>recet-</span> 
     </span>
     <span class='ocr_line' id='line_1_44' title="bbox 83 4083 1644 4161; baseline -0.001 -19"><span class='ocrx_word' id='word_1_571' title='bbox 83 4092 136 4142; x_wconf 86' lang='lat' dir='ltr'>tant</span> <span class='ocrx_word' id='word_1_572' title='bbox 160 4083 270 4142; x_wconf 68' lang='lat'>188⁷</span> <span class='ocrx_word' id='word_1_573' title='bbox 287 4086 313 4141; x_wconf 91' lang='lat' dir='ltr'>in</span> <span class='ocrx_word' id='word_1_574' title='bbox 330 4086 440 4152; x_wconf 90' lang='lat' dir='ltr'>telonio,</span> <span class='ocrx_word' id='word_1_575' title='bbox 461 4102 515 4145; x_wconf 94' lang='lat' dir='ltr'>non</span> <span class='ocrx_word' id='word_1_576' title='bbox 537 4087 734 4161; x_wconf 88' lang='lat' dir='ltr'>supplicantem</span> <span class='ocrx_word' id='word_1_577' title='bbox 748 4104 795 4159; x_wconf 92' lang='lat' dir='ltr'>pu·</span> <span class='ocrx_word' id='word_1_578' title='bbox 848 4089 1008 4147; x_wconf 70' lang='lat' dir='ltr'>sitieram</span> <span class='ocrx_word' id='word_1_579' title='bbox 1024 4084 1276 4156; x_wconf 85' lang='lat' dir='ltr'>inodorejustitiae</span> <span class='ocrx_word' id='word_1_580' title='bbox 1290 4083 1409 4140; x_wconf 89' lang='lat' dir='ltr'>cucurrit</span> <span class='ocrx_word' id='word_1_581' title='bbox 1432 4083 1515 4140; x_wconf 86' lang='lat' dir='ltr'>ilaris</span> <span class='ocrx_word' id='word_1_582' title='bbox 1532 4085 1644 4157; x_wconf 74' lang='lat' dir='ltr'>ldapda-</span> 
     </span>
     <span class='ocr_line' id='line_1_45' title="bbox 83 4173 1648 4285; baseline 0.003 -58"><span class='ocrx_word' id='word_1_583' title='bbox 83 4186 146 4237; x_wconf 87' lang='lat' dir='ltr'>tuut,</span> <span class='ocrx_word' id='word_1_584' title='bbox 161 4187 216 4227; x_wconf 92' lang='lat' dir='ltr'>non</span> <span class='ocrx_word' id='word_1_585' title='bbox 231 4181 373 4246; x_wconf 77' lang='lat' dir='ltr'>negantem</span> <span class='ocrx_word' id='word_1_586' title='bbox 388 4173 562 4244; x_wconf 91' lang='lat' dir='ltr'>discipulum,</span> <span class='ocrx_word' id='word_1_587' title='bbox 588 4190 642 4232; x_wconf 93' lang='lat' dir='ltr'>uon</span> <span class='ocrx_word' id='word_1_588' title='bbox 662 4191 793 4247; x_wconf 92' lang='lat' dir='ltr'>persecu·</span> <span class='ocrx_word' id='word_1_589' title='bbox 811 4175 1288 4285; x_wconf 61' lang='lat' dir='ltr'>”lauacnidimirsosuntpcccotu</span> <span class='ocrx_word' id='word_1_590' title='bbox 1295 4173 1648 4245; x_wconf 59' lang='lat' dir='ltr'>malmesmeriensis</span> 
     </span>
     <span class='ocr_line' id='line_1_46' title="bbox 100 4258 1647 4339; baseline 0 -23"><span class='ocrx_word' id='word_1_591' title='bbox 100 4258 304 4333; x_wconf 86' lang='lat' dir='ltr'>discipulorum,</span> <span class='ocrx_word' id='word_1_592' title='bbox 327 4279 380 4321; x_wconf 92' lang='lat' dir='ltr'>nou</span> <span class='ocrx_word' id='word_1_593' title='bbox 395 4263 470 4337; x_wconf 91' lang='lat' dir='ltr'>ipsos</span> <span class='ocrx_word' id='word_1_594' title='bbox 482 4263 655 4322; x_wconf 84' lang='lat' dir='ltr'>crucifixores</span> <span class='ocrx_word' id='word_1_595' title='bbox 674 4271 749 4323; x_wconf 90' lang='lat' dir='ltr'>tuos.</span> <span class='ocrx_word' id='word_1_596' title='bbox 764 4267 795 4322; x_wconf 93' lang='lat' dir='ltr'>ln</span> <span class='ocrx_word' id='word_1_597' title='bbox 848 4266 1058 4339; x_wconf 62' lang='lat' dir='ltr'>mollemaco.</span> <span class='ocrx_word' id='word_1_598' title='bbox 1069 4267 1182 4335; x_wconf 56' lang='grc' dir='ltr'>πώ).</span> <span class='ocrx_word' id='word_1_599' title='bbox 1193 4259 1399 4334; x_wconf 84' lang='lat' dir='ltr'>Justaprolectu</span> <span class='ocrx_word' id='word_1_600' title='bbox 1408 4268 1434 4316; x_wconf 89' lang='lat' dir='ltr'>et</span> <span class='ocrx_word' id='word_1_601' title='bbox 1442 4270 1542 4328; x_wconf 89' lang='lat' dir='ltr'>sancta,</span> <span class='ocrx_word' id='word_1_602' title='bbox 1554 4270 1580 4318; x_wconf 90' lang='lat' dir='ltr'>et</span> <span class='ocrx_word' id='word_1_603' title='bbox 1589 4277 1647 4318; x_wconf 87' lang='lat' dir='ltr'>non</span> 
     </span>
     <span class='ocr_line' id='line_1_47' title="bbox 94 4347 1645 4431; baseline 0.003 -28"><span class='ocrx_word' id='word_1_604' title='bbox 94 4347 191 4404; x_wconf 88' lang='lat' dir='ltr'>borum</span> <span class='ocrx_word' id='word_1_605' title='bbox 206 4349 446 4408; x_wconf 79' lang='lat' dir='ltr'>currimua.l’orro</span> <span class='ocrx_word' id='word_1_606' title='bbox 464 4351 669 4422; x_wconf 81' lang='lat' dir='ltr'>sepientitetnoe</span> <span class='ocrx_word' id='word_1_607' title='bbox 682 4355 794 4410; x_wconf 91' lang='lat' dir='ltr'>odorem</span> <span class='ocrx_word' id='word_1_608' title='bbox 846 4357 904 4431; x_wconf 80' lang='lat' dir='ltr'>jsrn</span> <span class='ocrx_word' id='word_1_609' title='bbox 933 4357 1078 4428; x_wconf 82' lang='lat' dir='ltr'>peccatrix,</span> <span class='ocrx_word' id='word_1_610' title='bbox 1111 4351 1338 4426; x_wconf 82' lang='lat' dir='ltr'>quemadmodum</span> <span class='ocrx_word' id='word_1_611' title='bbox 1369 4348 1521 4406; x_wconf 78' lang='lat' dir='ltr'>Pharisaeus</span> <span class='ocrx_word' id='word_1_612' title='bbox 1548 4366 1645 4417; x_wconf 85' lang='lat' dir='ltr'>eapro-</span> 
     </span>
     <span class='ocr_line' id='line_1_48' title="bbox 92 4435 1646 4514; baseline 0.003 -21"><span class='ocrx_word' id='word_1_613' title='bbox 92 4435 257 4509; x_wconf 89' lang='lat' dir='ltr'>percipimus</span> <span class='ocrx_word' id='word_1_614' title='bbox 266 4439 338 4509; x_wconf 86' lang='lat' dir='ltr'>quod</span> <span class='ocrx_word' id='word_1_615' title='bbox 352 4439 507 4498; x_wconf 81' lang='lat' dir='ltr'>audivimas</span> <span class='ocrx_word' id='word_1_616' title='bbox 521 4441 585 4512; x_wconf 86' lang='lat' dir='ltr'>quia</span> <span class='ocrx_word' id='word_1_617' title='bbox 599 4441 622 4497; x_wconf 85' lang='lat' dir='ltr'>si</span> <span class='ocrx_word' id='word_1_618' title='bbox 636 4441 699 4514; x_wconf 86' lang='lat' dir='ltr'>quis</span> <span class='ocrx_word' id='word_1_619' title='bbox 716 4442 790 4499; x_wconf 91' lang='lat' dir='ltr'>indi·</span> <span class='ocrx_word' id='word_1_620' title='bbox 845 4445 949 4512; x_wconf 86' lang='lat' dir='ltr'>brabat,</span> <span class='ocrx_word' id='word_1_621' title='bbox 973 4443 1099 4503; x_wconf 88' lang='lat' dir='ltr'>nesciens</span> <span class='ocrx_word' id='word_1_622' title='bbox 1120 4441 1250 4514; x_wconf 85' lang='lat' dir='ltr'>justitiam</span> <span class='ocrx_word' id='word_1_623' title='bbox 1270 4455 1318 4496; x_wconf 90' lang='lat' dir='ltr'>seu</span> <span class='ocrx_word' id='word_1_624' title='bbox 1345 4441 1510 4494; x_wconf 86' lang='lat' dir='ltr'>sanctitatem</span> <span class='ocrx_word' id='word_1_625' title='bbox 1523 4438 1570 4495; x_wconf 80' lang='lat' dir='ltr'>liei</span> <span class='ocrx_word' id='word_1_626' title='bbox 1584 4455 1646 4497; x_wconf 86' lang='lat' dir='ltr'>ease</span> 
     </span>
     <span class='ocr_line' id='line_1_49' title="bbox 83 4525 1645 4606; baseline 0.003 -25"><span class='ocrx_word' id='word_1_627' title='bbox 83 4525 201 4600; x_wconf 86' lang='lat' dir='ltr'>pientia,</span> <span class='ocrx_word' id='word_1_628' title='bbox 217 4527 335 4598; x_wconf 90' lang='lat' dir='ltr'>postulet</span> <span class='ocrx_word' id='word_1_629' title='bbox 348 4543 407 4584; x_wconf 88' lang='lat' dir='ltr'>eam</span> <span class='ocrx_word' id='word_1_630' title='bbox 425 4544 441 4584; x_wconf 86' lang='lat' dir='ltr'>a</span> <span class='ocrx_word' id='word_1_631' title='bbox 456 4537 493 4595; x_wconf 91' lang='lat' dir='ltr'>te,</span> <span class='ocrx_word' id='word_1_632' title='bbox 509 4539 536 4587; x_wconf 93' lang='lat' dir='ltr'>et</span> <span class='ocrx_word' id='word_1_633' title='bbox 557 4530 636 4587; x_wconf 86' lang='lat' dir='ltr'>dabis</span> <span class='ocrx_word' id='word_1_634' title='bbox 655 4531 692 4587; x_wconf 91' lang='lat' dir='ltr'>ei.</span> <span class='ocrx_word' id='word_1_635' title='bbox 707 4532 791 4588; x_wconf 77' lang='lat' dir='ltr'>Aiunt</span> <span class='ocrx_word' id='word_1_636' title='bbox 844 4550 954 4606; x_wconf 87' lang='lat' dir='ltr'>mouns,</span> <span class='ocrx_word' id='word_1_637' title='bbox 967 4548 1021 4590; x_wconf 90' lang='lat' dir='ltr'>non</span> <span class='ocrx_word' id='word_1_638' title='bbox 1035 4547 1106 4604; x_wconf 89' lang='lat' dir='ltr'>opus</span> <span class='ocrx_word' id='word_1_639' title='bbox 1118 4529 1250 4588; x_wconf 84' lang='lat' dir='ltr'>hominia:</span> <span class='ocrx_word' id='word_1_640' title='bbox 1266 4526 1367 4600; x_wconf 87' lang='lat' dir='ltr'>etquis</span> <span class='ocrx_word' id='word_1_641' title='bbox 1380 4541 1434 4583; x_wconf 90' lang='lat' dir='ltr'>uon</span> <span class='ocrx_word' id='word_1_642' title='bbox 1449 4528 1530 4585; x_wconf 91' lang='lat' dir='ltr'>modo</span> <span class='ocrx_word' id='word_1_643' title='bbox 1544 4530 1645 4600; x_wconf 82' lang='lat' dir='ltr'>justus,</span> 
     </span>
     <span class='ocr_line' id='line_1_50' title="bbox 83 4614 1644 4699; baseline 0 -26"><span class='ocrx_word' id='word_1_644' title='bbox 83 4616 132 4673; x_wconf 87' lang='lat' dir='ltr'>leur</span> <span class='ocrx_word' id='word_1_645' title='bbox 151 4615 223 4686; x_wconf 83' lang='lat' dir='ltr'>qnod</span> <span class='ocrx_word' id='word_1_646' title='bbox 247 4616 297 4673; x_wconf 88' lang='lat' dir='ltr'>des</span> <span class='ocrx_word' id='word_1_647' title='bbox 319 4617 445 4674; x_wconf 90' lang='lat' dir='ltr'>omnibus</span> <span class='ocrx_word' id='word_1_648' title='bbox 458 4617 610 4687; x_wconf 87' lang='lat' dir='ltr'>alllueuter,</span> <span class='ocrx_word' id='word_1_649' title='bbox 632 4622 661 4676; x_wconf 91' lang='lat' dir='ltr'>et</span> <span class='ocrx_word' id='word_1_650' title='bbox 669 4634 724 4677; x_wconf 90' lang='lat' dir='ltr'>non</span> <span class='ocrx_word' id='word_1_651' title='bbox 740 4622 792 4678; x_wconf 90' lang='lat' dir='ltr'>im·</span> <span class='ocrx_word' id='word_1_652' title='bbox 848 4623 896 4681; x_wconf 89' lang='lat' dir='ltr'>sed</span> <span class='ocrx_word' id='word_1_653' title='bbox 911 4631 938 4678; x_wconf 89' lang='lat' dir='ltr'>et</span> <span class='ocrx_word' id='word_1_654' title='bbox 950 4621 1057 4690; x_wconf 61' lang='lat' dir='ltr'>beatus</span> <span class='ocrx_word' id='word_1_655' title='bbox 1073 4619 1115 4676; x_wconf 89' lang='lat' dir='ltr'>cui</span> <span class='ocrx_word' id='word_1_656' title='bbox 1130 4633 1182 4675; x_wconf 92' lang='lat' dir='ltr'>non</span> <span class='ocrx_word' id='word_1_657' title='bbox 1199 4615 1341 4687; x_wconf 90' lang='lat' dir='ltr'>imputabit</span> <span class='ocrx_word' id='word_1_658' title='bbox 1354 4614 1485 4672; x_wconf 88' lang='lat' dir='ltr'>Dominus</span> <span class='ocrx_word' id='word_1_659' title='bbox 1493 4624 1644 4699; x_wconf 76' lang='lat' dir='ltr'>peccatum.</span> 
     </span>
     <span class='ocr_line' id='line_1_51' title="bbox 83 4704 1644 4780; baseline -0.001 -17"><span class='ocrx_word' id='word_1_660' title='bbox 83 4720 127 4763; x_wconf 84' lang='lat' dir='ltr'>roa</span> <span class='ocrx_word' id='word_1_661' title='bbox 150 4705 221 4777; x_wconf 78' lang='lat' dir='ltr'>(dcc.</span> <span class='ocrx_word' id='word_1_662' title='bbox 251 4721 271 4773; x_wconf 88' lang='lat' dir='ltr'>r,</span> <span class='ocrx_word' id='word_1_663' title='bbox 294 4708 334 4776; x_wconf 81' lang='lat' dir='ltr'>v).</span> <span class='ocrx_word' id='word_1_664' title='bbox 359 4705 395 4761; x_wconf 87' lang='lat' dir='ltr'>llt</span> <span class='ocrx_word' id='word_1_665' title='bbox 421 4722 487 4765; x_wconf 86' lang='lat' dir='ltr'>vero</span> <span class='ocrx_word' id='word_1_666' title='bbox 510 4706 623 4778; x_wconf 79' lang='lat' dir='ltr'>justitiae</span> <span class='ocrx_word' id='word_1_667' title='bbox 647 4714 701 4764; x_wconf 75' lang='lat' dir='ltr'>tuae</span> <span class='ocrx_word' id='word_1_668' title='bbox 719 4716 795 4765; x_wconf 89' lang='lat' dir='ltr'>tanta</span> <span class='ocrx_word' id='word_1_669' title='bbox 846 4709 1076 4769; x_wconf 65' lang='lat' dir='ltr'>inoblituserst</span> <span class='ocrx_word' id='word_1_670' title='bbox 1093 4706 1380 4780; x_wconf 83' lang='lat' dir='ltr'>quomodotelsuam</span> <span class='ocrx_word' id='word_1_671' title='bbox 1400 4704 1555 4776; x_wconf 84' lang='lat' dir='ltr'>ipsios,sal</span> <span class='ocrx_word' id='word_1_672' title='bbox 1575 4707 1644 4763; x_wconf 88' lang='lat' dir='ltr'>alte-</span> 
     </span>
     <span class='ocr_line' id='line_1_52' title="bbox 83 4794 1644 4872; baseline 0 -19"><span class='ocrx_word' id='word_1_673' title='bbox 83 4794 256 4868; x_wconf 75' lang='lat' dir='ltr'>airugrautia</span> <span class='ocrx_word' id='word_1_674' title='bbox 284 4794 431 4869; x_wconf 72' lang='lat' dir='ltr'>spargitur,</span> <span class='ocrx_word' id='word_1_675' title='bbox 456 4805 485 4851; x_wconf 92' lang='lat' dir='ltr'>ut</span> <span class='ocrx_word' id='word_1_676' title='bbox 504 4811 559 4851; x_wconf 91' lang='lat' dir='ltr'>non</span> <span class='ocrx_word' id='word_1_677' title='bbox 582 4796 670 4853; x_wconf 85' lang='lat' dir='ltr'>solnm</span> <span class='ocrx_word' id='word_1_678' title='bbox 690 4798 793 4869; x_wconf 80' lang='lat' dir='ltr'>justus,</span> <span class='ocrx_word' id='word_1_679' title='bbox 847 4800 904 4856; x_wconf 90' lang='lat' dir='ltr'>rius</span> <span class='ocrx_word' id='word_1_680' title='bbox 918 4799 1087 4872; x_wconf 89' lang='lat' dir='ltr'>corporalem</span> <span class='ocrx_word' id='word_1_681' title='bbox 1103 4796 1237 4871; x_wconf 75' lang='lat' dir='ltr'>tangendo</span> <span class='ocrx_word' id='word_1_682' title='bbox 1251 4796 1355 4868; x_wconf 88' lang='lat' dir='ltr'>lepram</span> <span class='ocrx_word' id='word_1_683' title='bbox 1370 4795 1484 4866; x_wconf 72' lang='lat' dir='ltr'>iugarat,</span> <span class='ocrx_word' id='word_1_684' title='bbox 1500 4811 1554 4852; x_wconf 89' lang='lat' dir='ltr'>nou</span> <span class='ocrx_word' id='word_1_685' title='bbox 1578 4810 1644 4853; x_wconf 90' lang='lat' dir='ltr'>con·</span> 
     </span>
     <span class='ocr_line' id='line_1_53' title="bbox 83 4882 1644 4958; baseline -0.001 -17"><span class='ocrx_word' id='word_1_686' title='bbox 83 4884 136 4941; x_wconf 86' lang='lat' dir='ltr'>itm</span> <span class='ocrx_word' id='word_1_687' title='bbox 159 4885 218 4956; x_wconf 87' lang='lat' dir='ltr'>ipse</span> <span class='ocrx_word' id='word_1_688' title='bbox 237 4884 335 4941; x_wconf 83' lang='lat' dir='ltr'>dicaris</span> <span class='ocrx_word' id='word_1_689' title='bbox 351 4882 465 4955; x_wconf 85' lang='lat' dir='ltr'>justitia,</span> <span class='ocrx_word' id='word_1_690' title='bbox 482 4889 511 4939; x_wconf 89' lang='lat' dir='ltr'>et</span> <span class='ocrx_word' id='word_1_691' title='bbox 521 4883 625 4954; x_wconf 86' lang='lat' dir='ltr'>justitia</span> <span class='ocrx_word' id='word_1_692' title='bbox 633 4885 792 4956; x_wconf 84' lang='lat' dir='ltr'>justificans.</span> <span class='ocrx_word' id='word_1_693' title='bbox 849 4888 983 4948; x_wconf 70' lang='lat' dir='ltr'>traxerat?</span> <span class='ocrx_word' id='word_1_694' title='bbox 1010 4887 1055 4945; x_wconf 90' lang='lat' dir='ltr'>Sic</span> <span class='ocrx_word' id='word_1_695' title='bbox 1079 4896 1164 4945; x_wconf 91' lang='lat' dir='ltr'>tactus</span> <span class='ocrx_word' id='word_1_696' title='bbox 1187 4902 1203 4942; x_wconf 91' lang='lat' dir='ltr'>a</span> <span class='ocrx_word' id='word_1_697' title='bbox 1229 4883 1380 4958; x_wconf 85' lang='lat' dir='ltr'>peccatrice</span> <span class='ocrx_word' id='word_1_698' title='bbox 1403 4884 1495 4954; x_wconf 78' lang='lat' dir='ltr'>iustus</span> <span class='ocrx_word' id='word_1_699' title='bbox 1509 4883 1644 4954; x_wconf 77' lang='lat' dir='ltr'>iustitiam</span> 
     </span>
     <span class='ocr_line' id='line_1_54' title="bbox 90 4969 1645 5052; baseline -0.001 -20"><span class='ocrx_word' id='word_1_700' title='bbox 90 4974 196 5032; x_wconf 79' lang='lat' dir='ltr'>validus</span> <span class='ocrx_word' id='word_1_701' title='bbox 225 4975 342 5044; x_wconf 87' lang='lat' dir='ltr'>dentque</span> <span class='ocrx_word' id='word_1_702' title='bbox 363 4989 393 5029; x_wconf 92' lang='lat' dir='ltr'>es</span> <span class='ocrx_word' id='word_1_703' title='bbox 415 4973 448 5029; x_wconf 87' lang='lat' dir='ltr'>td</span> <span class='ocrx_word' id='word_1_704' title='bbox 467 4969 681 5044; x_wconf 78' lang='lat' dir='ltr'>justificandum,</span> <span class='ocrx_word' id='word_1_705' title='bbox 714 4992 794 5048; x_wconf 80' lang='lat' dir='ltr'>qnam</span> <span class='ocrx_word' id='word_1_706' title='bbox 847 4977 1049 5052; x_wconf 56' lang='lat' dir='ltr'>impertiemur</span> <span class='ocrx_word' id='word_1_707' title='bbox 1071 4977 1176 5050; x_wconf 78' lang='lat' dir='ltr'>perdit3</span> <span class='ocrx_word' id='word_1_708' title='bbox 1201 4991 1251 5032; x_wconf 90' lang='lat' dir='ltr'>nec</span> <span class='ocrx_word' id='word_1_709' title='bbox 1272 4975 1354 5030; x_wconf 89' lang='lat' dir='ltr'>sorde</span> <span class='ocrx_word' id='word_1_710' title='bbox 1374 4971 1490 5045; x_wconf 88' lang='lat' dir='ltr'>peccati,</span> <span class='ocrx_word' id='word_1_711' title='bbox 1505 4990 1558 5044; x_wconf 83' lang='lat' dir='ltr'>qua</span> <span class='ocrx_word' id='word_1_712' title='bbox 1571 4973 1645 5030; x_wconf 90' lang='lat' dir='ltr'>illam</span> 
     </span>
     <span class='ocr_line' id='line_1_55' title="bbox 84 5061 1646 5142; baseline 0.003 -25"><span class='ocrx_word' id='word_1_713' title='bbox 84 5077 98 5117; x_wconf 83' lang='lat' dir='ltr'>a</span> <span class='ocrx_word' id='word_1_714' title='bbox 120 5065 154 5120; x_wconf 89' lang='lat' dir='ltr'>ad</span> <span class='ocrx_word' id='word_1_715' title='bbox 177 5064 384 5136; x_wconf 74' lang='lat' dir='ltr'>ignoscendum.</span> <span class='ocrx_word' id='word_1_716' title='bbox 406 5062 594 5132; x_wconf 88' lang='lat' dir='ltr'>Quamobrem</span> <span class='ocrx_word' id='word_1_717' title='bbox 607 5063 731 5137; x_wconf 84' lang='lat' dir='ltr'>quisquis</span> <span class='ocrx_word' id='word_1_718' title='bbox 746 5082 795 5138; x_wconf 92' lang='lat' dir='ltr'>pro</span> <span class='ocrx_word' id='word_1_719' title='bbox 849 5069 969 5137; x_wconf 88' lang='lat' dir='ltr'>mundat,</span> <span class='ocrx_word' id='word_1_720' title='bbox 995 5067 1042 5126; x_wconf 84' lang='lat' dir='ltr'>sed</span> <span class='ocrx_word' id='word_1_721' title='bbox 1062 5067 1192 5140; x_wconf 87' lang='lat' dir='ltr'>inquinet.</span> <span class='ocrx_word' id='word_1_722' title='bbox 1216 5063 1340 5142; x_wconf 87' lang='lat' dir='ltr'>Cucurrit</span> <span class='ocrx_word' id='word_1_723' title='bbox 1355 5072 1383 5118; x_wconf 89' lang='lat' dir='ltr'>et</span> <span class='ocrx_word' id='word_1_724' title='bbox 1398 5061 1569 5135; x_wconf 86' lang='lat' dir='ltr'>Publicanos,</span> <span class='ocrx_word' id='word_1_725' title='bbox 1597 5065 1646 5137; x_wconf 90' lang='lat' dir='ltr'>qui</span> 
     </span>
     <span class='ocr_line' id='line_1_56' title="bbox 85 5149 1646 5232; baseline 0.001 -25"><span class='ocrx_word' id='word_1_726' title='bbox 85 5149 118 5207; x_wconf 81' lang='lat' dir='ltr'>tis</span> <span class='ocrx_word' id='word_1_727' title='bbox 132 5161 311 5223; x_wconf 90' lang='lat' dir='ltr'>compunctus</span> <span class='ocrx_word' id='word_1_728' title='bbox 325 5153 410 5208; x_wconf 90' lang='lat' dir='ltr'>esurit</span> <span class='ocrx_word' id='word_1_729' title='bbox 428 5159 455 5208; x_wconf 90' lang='lat' dir='ltr'>et</span> <span class='ocrx_word' id='word_1_730' title='bbox 469 5151 528 5208; x_wconf 87' lang='lat' dir='ltr'>sitit</span> <span class='ocrx_word' id='word_1_731' title='bbox 540 5153 686 5222; x_wconf 79' lang='lat' dir='ltr'>justitiam,</span> <span class='ocrx_word' id='word_1_732' title='bbox 705 5155 798 5211; x_wconf 89' lang='lat' dir='ltr'>credat</span> <span class='ocrx_word' id='word_1_733' title='bbox 849 5173 911 5216; x_wconf 90' lang='lat' dir='ltr'>curn</span> <span class='ocrx_word' id='word_1_734' title='bbox 934 5156 1155 5232; x_wconf 90' lang='lat' dir='ltr'>propitiationem</span> <span class='ocrx_word' id='word_1_735' title='bbox 1178 5153 1294 5225; x_wconf 86' lang='lat' dir='ltr'>peccatis</span> <span class='ocrx_word' id='word_1_736' title='bbox 1313 5152 1371 5209; x_wconf 90' lang='lat' dir='ltr'>suis</span> <span class='ocrx_word' id='word_1_737' title='bbox 1392 5151 1530 5210; x_wconf 84' lang='lat' dir='ltr'>humiliter</span> <span class='ocrx_word' id='word_1_738' title='bbox 1543 5152 1646 5228; x_wconf 85' lang='lat' dir='ltr'>imple·</span> 
     </span>
     <span class='ocr_line' id='line_1_57' title="bbox 83 5239 1644 5319; baseline 0.004 -25"><span class='ocrx_word' id='word_1_739' title='bbox 83 5239 127 5313; x_wconf 83' lang='lat' dir='ltr'>qui</span> <span class='ocrx_word' id='word_1_740' title='bbox 141 5239 271 5309; x_wconf 78' lang='lat' dir='ltr'>iustificus</span> <span class='ocrx_word' id='word_1_741' title='bbox 287 5240 409 5312; x_wconf 91' lang='lat' dir='ltr'>impium,</span> <span class='ocrx_word' id='word_1_742' title='bbox 428 5250 455 5299; x_wconf 91' lang='lat' dir='ltr'>et</span> <span class='ocrx_word' id='word_1_743' title='bbox 469 5241 555 5298; x_wconf 90' lang='lat' dir='ltr'>solem</span> <span class='ocrx_word' id='word_1_744' title='bbox 573 5240 735 5314; x_wconf 79' lang='lat' dir='ltr'>justificatas</span> <span class='ocrx_word' id='word_1_745' title='bbox 747 5259 797 5315; x_wconf 84' lang='lat' dir='ltr'>per</span> <span class='ocrx_word' id='word_1_746' title='bbox 849 5257 932 5316; x_wconf 86' lang='lat' dir='ltr'>reret,</span> <span class='ocrx_word' id='word_1_747' title='bbox 943 5247 1087 5306; x_wconf 77' lang='lat' dir='ltr'>demertdit</span> <span class='ocrx_word' id='word_1_748' title='bbox 1095 5245 1284 5319; x_wconf 77' lang='lat' dir='ltr'>justificatos,</span> <span class='ocrx_word' id='word_1_749' title='bbox 1298 5250 1366 5298; x_wconf 86' lang='lat' dir='ltr'>teste</span> <span class='ocrx_word' id='word_1_750' title='bbox 1375 5241 1433 5313; x_wconf 89' lang='lat' dir='ltr'>ipsa</span> <span class='ocrx_word' id='word_1_751' title='bbox 1444 5242 1552 5300; x_wconf 86' lang='lat' dir='ltr'>lustitia</span> <span class='ocrx_word' id='word_1_752' title='bbox 1565 5244 1644 5315; x_wconf 80' lang='lat' dir='ltr'>(dac.</span> 
     </span>
     <span class='ocr_line' id='line_1_58' title="bbox 83 5331 1647 5411; baseline 0.001 -23"><span class='ocrx_word' id='word_1_753' title='bbox 83 5347 199 5404; x_wconf 89' lang='lat' dir='ltr'>,pacem</span> <span class='ocrx_word' id='word_1_754' title='bbox 217 5331 327 5388; x_wconf 85' lang='lat' dir='ltr'>babebit</span> <span class='ocrx_word' id='word_1_755' title='bbox 340 5332 372 5387; x_wconf 88' lang='lat' dir='ltr'>ad</span> <span class='ocrx_word' id='word_1_756' title='bbox 387 5334 484 5391; x_wconf 86' lang='lat' dir='ltr'>Deum.</span> <span class='ocrx_word' id='word_1_757' title='bbox 499 5334 675 5390; x_wconf 82' lang='lat' dir='ltr'>Sanctitatem</span> <span class='ocrx_word' id='word_1_758' title='bbox 689 5350 797 5408; x_wconf 80' lang='lat' dir='ltr'>quoqne</span> <span class='ocrx_word' id='word_1_759' title='bbox 849 5354 925 5409; x_wconf 83' lang='lat' dir='ltr'>xrttr,</span> <span class='ocrx_word' id='word_1_760' title='bbox 941 5337 997 5411; x_wconf 84' lang='lat' dir='ltr'>tt).</span> <span class='ocrx_word' id='word_1_761' title='bbox 1007 5335 1131 5393; x_wconf 85' lang='lat' dir='ltr'>Cucurrit</span> <span class='ocrx_word' id='word_1_762' title='bbox 1152 5337 1254 5400; x_wconf 83' lang='lat' dir='ltr'>Petrus,</span> <span class='ocrx_word' id='word_1_763' title='bbox 1270 5333 1317 5405; x_wconf 88' lang='lat' dir='ltr'>qui</span> <span class='ocrx_word' id='word_1_764' title='bbox 1334 5332 1426 5402; x_wconf 88' lang='lat' dir='ltr'>lapsos</span> <span class='ocrx_word' id='word_1_765' title='bbox 1446 5335 1527 5404; x_wconf 76' lang='lat' dir='ltr'>fleuit</span> <span class='ocrx_word' id='word_1_766' title='bbox 1549 5349 1647 5392; x_wconf 86' lang='lat' dir='ltr'>amore</span> 
     </span>
     <span class='ocr_line' id='line_1_59' title="bbox 83 5421 1646 5501; baseline 0.001 -21"><span class='ocrx_word' id='word_1_767' title='bbox 83 5421 160 5480; x_wconf 75' lang='lat' dir='ltr'>ssime</span> <span class='ocrx_word' id='word_1_768' title='bbox 182 5429 210 5478; x_wconf 90' lang='lat' dir='ltr'>et</span> <span class='ocrx_word' id='word_1_769' title='bbox 233 5421 419 5493; x_wconf 85' lang='lat' dir='ltr'>copiosissime</span> <span class='ocrx_word' id='word_1_770' title='bbox 442 5431 486 5480; x_wconf 86' lang='lat' dir='ltr'>tua</span> <span class='ocrx_word' id='word_1_771' title='bbox 505 5422 609 5481; x_wconf 85' lang='lat' dir='ltr'>redolet</span> <span class='ocrx_word' id='word_1_772' title='bbox 631 5438 687 5481; x_wconf 92' lang='lat' dir='ltr'>non</span> <span class='ocrx_word' id='word_1_773' title='bbox 709 5424 797 5482; x_wconf 86' lang='lat' dir='ltr'>solum</span> <span class='ocrx_word' id='word_1_774' title='bbox 849 5429 928 5501; x_wconf 79' lang='lat' dir='ltr'>(luc.</span> <span class='ocrx_word' id='word_1_775' title='bbox 952 5443 1020 5496; x_wconf 84' lang='lat' dir='ltr'>xum,</span> <span class='ocrx_word' id='word_1_776' title='bbox 1036 5427 1095 5497; x_wconf 71' lang='grc' dir='ltr'><strong>ιι),</strong></span> <span class='ocrx_word' id='word_1_777' title='bbox 1116 5423 1364 5498; x_wconf 84' lang='lat' dir='ltr'>quatenusenlpam</span> <span class='ocrx_word' id='word_1_778' title='bbox 1379 5421 1505 5489; x_wconf 80' lang='lat' dir='ltr'>dilueret,</span> <span class='ocrx_word' id='word_1_779' title='bbox 1528 5438 1646 5498; x_wconf 88' lang='lat' dir='ltr'>recupe-</span> 
     </span>
    </p>
   </div>
   <div class='ocr_carea' id='block_1_3' title="bbox 83 5510 1648 5595">
    <p class='ocr_par' dir='ltr' id='par_1_4' title="bbox 83 5510 1648 5595">
     <span class='ocr_line' id='line_1_60' title="bbox 83 5510 1648 5595; baseline -0.002 -22"><span class='ocrx_word' id='word_1_780' title='bbox 83 5514 179 5588; x_wconf 73' lang='lat' dir='ltr'>rando,</span> <span class='ocrx_word' id='word_1_781' title='bbox 205 5514 254 5573; x_wconf 80' lang='lat' dir='ltr'>aad</span> <span class='ocrx_word' id='word_1_782' title='bbox 271 5521 298 5572; x_wconf 92' lang='lat' dir='ltr'>et</span> <span class='ocrx_word' id='word_1_783' title='bbox 316 5517 467 5587; x_wconf 75' lang='lat' dir='ltr'>coemptio.</span> <span class='ocrx_word' id='word_1_784' title='bbox 497 5515 641 5573; x_wconf 85' lang='lat' dir='ltr'>Peccatum</span> <span class='ocrx_word' id='word_1_785' title='bbox 663 5514 798 5595; x_wconf 70' lang='lat' dir='ltr'>siqudem</span> <span class='ocrx_word' id='word_1_786' title='bbox 828 5566 832 5573; x_wconf 94' lang='lat'>.</span> <span class='ocrx_word' id='word_1_787' title='bbox 850 5526 922 5578; x_wconf 89' lang='lat' dir='ltr'>rarat</span> <span class='ocrx_word' id='word_1_788' title='bbox 945 5516 1087 5592; x_wconf 73' lang='lat' dir='ltr'>janubam.</span> <span class='ocrx_word' id='word_1_789' title='bbox 1104 5513 1229 5575; x_wconf 84' lang='lat' dir='ltr'>Cucurrit</span> <span class='ocrx_word' id='word_1_790' title='bbox 1256 5511 1351 5579; x_wconf 82' lang='lat' dir='ltr'>David,</span> <span class='ocrx_word' id='word_1_791' title='bbox 1370 5510 1418 5585; x_wconf 81' lang='lat' dir='ltr'>qui</span> <span class='ocrx_word' id='word_1_792' title='bbox 1436 5521 1541 5570; x_wconf 88' lang='lat' dir='ltr'>reatum</span> <span class='ocrx_word' id='word_1_793' title='bbox 1559 5529 1648 5590; x_wconf 67' lang='lat' dir='ltr'>agno-</span> 
     </span>
    </p>
   </div>
   <div class='ocr_carea' id='block_1_4' title="bbox 0 0 1872 5948">
    <p class='ocr_par' dir='ltr' id='par_1_5' title="bbox 0 0 1872 5948">
     <span class='ocr_line' id='line_1_61' title="bbox 0 0 1872 5948; baseline 0 1"><span class='ocrx_word' id='word_1_794' title='bbox 0 0 1872 5948; x_wconf 95' lang='lat' dir='ltr'> </span> 
     </span>
    </p>
   </div>
  </div>
 </body>
</html>
