3734 5948
108 179 144 240 cr
584 147 1286 253 s.commoriacirrscmaa-vimuusrs
1718 184 1756 246 aa

111 306 191 364 terim
203 305 385 377 devotionem,
401 325 482 383 quam
496 326 666 369 communem
682 312 836 386 quaesierim
849 315 903 371 uti-
920 334 945 414 Ι
961 334 1052 375 meum
1074 315 1272 391 qualecumque
1292 313 1451 390 opusculum
1471 309 1648 370 devotissime
1669 309 1755 369 desti·

109 396 232 465 litatem3
247 397 407 470 potenserit
420 399 465 472 pia
480 401 565 476 Virgo
575 401 646 474 apud
659 417 739 458 suum
752 401 905 461 misericor·
960 406 1032 463 navi.

108 485 170 543 dam
185 485 281 543 Filium
300 488 352 544 hoc
371 504 461 546 meum
482 506 614 548 excusare
628 499 780 563 peccatum,
796 492 839 549 cui
854 494 906 549 boc

594 637 634 700 lN
666 635 814 703 viciata
843 637 1090 704 NNTlVl'l'leS
1122 635 1272 702 DOMINI.

107 873 146 930 Be
159 873 394 947 pronuntiatione
403 870 603 941 Mortyrologii,
623 890 634 919 ι
651 871 732 928 teras
757 870 897 940 Christos,

142 961 232 1018 Filius
246 961 305 1028 Bei,
317 960 448 1014 noscitur
461 958 494 1012 io
508 958 669 1015 Bethlehem
689 960 768 1017 tudae
781 960 832 1031 (9).
849 981 862 1012 a

141 1054 167 1103 i.
183 1047 279 1103 Sonuit
299 1063 350 1102 vox
368 1045 469 1100 laetitiae
486 1045 514 1101 in
529 1054 602 1102 terra
616 1055 719 1118 nostra,
733 1063 785 1104 vox
804 1049 898 1104 exsul-

104 1136 214 1192 tationis
227 1145 253 1191 et
279 1133 374 1189 salutis
383 1133 411 1188 iu
421 1134 603 1191 tabernaculis
616 1144 800 1207 peccatorum.
815 1137 899 1192 Audi-

105 1230 225 1280 tumeat
252 1222 366 1278 verbum
394 1222 507 1288 bouum,
535 1224 647 1280 verbum
676 1224 897 1290 consolatorium,

103 1327 194 1368 sermo
206 1310 376 1382 jucunditate
394 1309 501 1383 plenus,
520 1311 618 1385 dignus
632 1313 705 1370 omui
723 1314 894 1386 acceptione.

102 1399 230 1464 iubilate,
244 1405 362 1464 montes,
378 1400 502 1471 laudcm;
520 1407 547 1456 et
562 1402 652 1457 omnia
665 1400 739 1476 ligna
758 1401 897 1468 silvarum,

959 781 1124 853 unigenitia
1147 785 1237 841 Patre.
1258 779 1409 853 liespirate,
1434 778 1552 852 perdiii;
1576 778 1650 838 veuit
1675 780 1756 837 lesus

956 885 1080 942 quaerere
1099 876 1127 926 et
1149 870 1253 926 salvum
1274 867 1364 925 lacere
1383 868 1455 942 quod
1479 867 1608 939 perierat.
1624 867 1754 935 Norbidi,

955 957 1152 1027 convalescite;
1176 958 1248 1016 venit
1277 957 1411 1025 Christus,
1445 956 1493 1028 qui
1519 956 1648 1013 contritos
1670 957 1753 1013 corde

955 1055 1031 1101 sauat
1051 1047 1179 1103 unctione
1201 1044 1395 1101 misericordiae
1417 1059 1483 1101 suae.
1509 1044 1661 1111 Exsultate,
1686 1044 1753 1118 qui·

954 1150 1070 1208 cumque
1088 1135 1155 1192 estis
1172 1135 1288 1208 grandia
1300 1132 1544 1206 concupiscentem
1559 1133 1703 1190 descendit
1716 1132 1752 1188 ad

953 1236 1003 1278 vos
1016 1222 1099 1278 Filius
1113 1222 1173 1291 Dei,
1199 1229 1229 1279 ut
1252 1221 1329 1295 regui
1351 1221 1393 1277 sui
1413 1220 1494 1278 iaciat
1515 1221 1684 1277 cohaeredes.
1702 1221 1752 1287 lta,

954 1311 1079 1378 obsecro,
1095 1327 1161 1368 sana
1176 1328 1230 1379 me,
1246 1312 1372 1380 Domine,
1389 1320 1417 1368 et
1431 1311 1571 1369 sanabor:
1591 1311 1694 1366 salvum
1708 1326 1753 1367 me

955 1397 1008 1467 lac,
1022 1408 1050 1455 et
1072 1399 1164 1455 salvus
1187 1414 1256 1455 ero:
1276 1397 1409 1470 glorifica,
1432 1406 1461 1454 et
1474 1413 1523 1454 ero
1546 1397 1691 1470 gloriosus.
1708 1397 1753 1453 Sic

103 1487 224 1560 plaudite
247 1486 371 1543 manibus
393 1495 456 1544 aute
479 1487 577 1544 iaciem
599 1489 716 1556 Domini,
737 1490 801 1562 quia
815 1490 896 1547 venit.
916 1518 939 1597 Β
955 1502 1053 1559 nempe
1067 1487 1212 1545 benedicet
1222 1487 1313 1542 anima
1330 1502 1392 1543 mea
1403 1486 1529 1554 Domino,
1549 1493 1576 1542 at
1590 1487 1753 1560 omniaquae

103 1575 211 1641 Audite,
225 1575 301 1643 coeli3
324 1582 352 1630 et
365 1577 477 1631 auribus
490 1577 610 1649 percipe,
628 1583 717 1643 terra;
735 1579 899 1650 obstupesce
952 1573 1024 1631 intra
1038 1590 1081 1631 me
1096 1581 1170 1642 sunt,
1191 1575 1295 1631 nomini
1311 1581 1405 1631 saneto
1420 1575 1491 1646 ejus,
1515 1589 1577 1631 cum
1590 1573 1752 1647 propitiatus

104 1670 132 1720 ct
141 1663 232 1731 lauda,
243 1662 407 1719 universitas
417 1672 557 1730 creaturae,
566 1664 615 1721 sed
626 1673 654 1721 tu
662 1666 760 1738 magis,
771 1682 787 1722 o
797 1667 895 1723 homo:
954 1662 1039 1719 fueris
1052 1664 1179 1720 omnibus
1196 1662 1385 1736 iniquitatibus
1401 1662 1480 1730 meis,
1504 1662 1644 1720 sanaveris
1657 1678 1752 1719 omncs

107 1752 215 1807 «lesus
228 1751 364 1819 Christus,
380 1751 465 1808 Filius
486 1752 547 1818 Ilei,
562 1753 684 1811 nascitur
700 1755 728 1809 in
742 1754 898 1812 Bethlehem
954 1751 1124 1809 infirmitates
1144 1768 1230 1823 meas,
1259 1752 1408 1825 repleveris
1426 1752 1454 1807 iu
1479 1752 1559 1808 bouis
1587 1750 1752 1807 desiderium

105 1862 119 1890 ι
135 1839 222 1896 luda.
241 1860 252 1889 a
269 1840 402 1909 Quietem
421 1840 519 1913 lapidei
535 1841 636 1907 cordis,
648 1843 726 1912 cujus
739 1844 829 1898 anima
844 1858 899 1899 non
953 1856 1044 1896 meum
1060 1842 1147 1911 (Paul.
1164 1856 1214 1912 cu,
1240 1845 1266 1908 l,
1290 1845 1316 1914 3,
1345 1842 1383 1912 5).
1407 1841 1471 1897 ilaec
1485 1841 1548 1906 tn'a,
1572 1839 1750 1905 dilectissimi,

103 1927 250 2002 liqueiacta
263 1928 298 1984 sit
312 1929 340 1983 in
355 1931 406 1985 hoc
420 1930 528 1985 verhol
542 1929 612 2000 Quid
626 1930 781 1986 annuntiari
794 1931 899 1989 dulcius
953 1929 1023 2001 sapit
1037 1929 1104 1986 mihi
1116 1930 1190 2002 quod
1201 1928 1282 1985 audio
1296 1929 1371 1984 nasci
1387 1929 1481 1983 lesum
1498 1927 1634 1984 Christum
1654 1926 1752 1983 Filium

102 2019 232 2088 poterat?
246 2018 311 2089 quid
337 2017 524 2074 delectabilius
543 2017 747 2076 commendari?
760 2019 832 2090 Quid
846 2019 899 2076 tale
953 2017 1014 2073 Dei.
1033 2016 1123 2086 Quare
1146 2018 1218 2074 cuim
1241 2031 1370 2073 vocamus
1386 2030 1486 2072 nomeu
1502 2017 1563 2086 ejus
1577 2016 1680 2082 lesum,
1701 2014 1753 2069 uisi

102 2120 222 2177 unquam
248 2105 368 2160 auditum
391 2112 443 2172 cst,
470 2115 517 2162 aut
544 2106 609 2179 quid
637 2107 723 2164 simile
751 2109 897 2181 aliquando
953 2105 1219 2176 qutoipaesolortm
1237 2106 1323 2176 societ
1335 2108 1475 2179 populum
1498 2122 1583 2162 suam
1598 2122 1615 2161 o
1630 2107 1753 2177 peccatis

102 2193 221 2249 mundus
235 2193 359 2265 acecpit?
375 2194 478 2250 «lesus
492 2195 625 2264 Christus,
635 2195 718 2252 Filius
732 2197 793 2267 Bai,
809 2196 897 2253 nasci·
953 2195 1072 2250 eoram?
1087 2194 1197 2262 (licitis.
1212 2210 1232 2259 1,
1247 2195 1304 2263 at.)
1320 2201 1460 2268 autquare
1475 2193 1600 2250 Christus
1616 2191 1752 2248 nominari

105 2289 149 2337 tur
162 2281 190 2336 iu
200 2281 355 2338 Bethlehem
369 2283 456 2339 Judae.
475 2306 486 2334 »
507 2282 531 2340 0
544 2285 628 2341 breve
641 2285 754 2341 verbum
765 2285 799 2341 de
810 2285 898 2341 Verbo
953 2281 1045 2349 voluit,
1058 2283 1109 2337 nisi
1124 2284 1186 2355 quia
1201 2289 1424 2357 computrescere
1432 2286 1521 2355 societ
1527 2286 1630 2356 jupam
1645 2300 1662 2338 o
1676 2283 1751 2354 socie

106 2369 273 2434 abbreviato.
294 2371 344 2425 sed
359 2371 462 2426 coelesti
477 2373 606 2428 suavitate
621 2371 765 2429 refertum!
782 2373 899 2430 Laborat
953 2371 1007 2426 olei
1023 2372 1088 2439 (lac.
1108 2388 1137 2436 x,
1150 2371 1206 2443 27.)
1224 2370 1313 2440 Quare
1327 2373 1409 2428 Filius
1425 2373 1473 2429 Bei
1492 2371 1580 2428 iactus
1596 2378 1638 2427 est
1657 2373 1750 2437 homo,

104 2456 213 2514 allectio
227 2457 364 2514 melliilum
377 2458 529 2515 dulcedinis
544 2461 648 2533 copiam
662 2462 741 2516 iatius
756 2462 898 2518 estundere
952 2458 1005 2513 uisi
1025 2467 1054 2514 ut
1079 2461 1201 2515 homines
1226 2460 1306 2516 iaciat
1329 2459 1398 2517 libes
1416 2461 1488 2517 Bei‘?
1509 2461 1643 2516 Voluntati
1657 2467 1750 2514 autem

50 2577 51 2580 η
104 2547 237 2622 gestiens,
257 2563 309 2604 uec
331 2547 473 2604 inveniens
494 2548 587 2604 verba.
608 2549 694 2604 Tanta
707 2549 842 2623 siquidem
857 2560 899 2606 est
954 2548 1014 2616 ejus
1027 2548 1088 2618 quis
1103 2549 1225 2603 resistit?
1246 2550 1326 2604 lesus
1349 2549 1395 2621 qui
1416 2548 1555 2618 iustificat,
1572 2548 1633 2619 quis
1647 2556 1689 2604 est
1704 2546 1751 2619 qui

103 2635 194 2709 gratia
211 2636 345 2693 sermonis
368 2637 460 2707 buius,
484 2645 513 2692 ut
533 2636 660 2693 continuo
678 2638 790 2709 incipiat
810 2640 899 2694 vuinus
953 2634 1136 2691 condemnet?
1158 2636 1280 2692 Christus
1299 2637 1345 2710 qui
1367 2645 1455 2703 sanat,
1478 2636 1539 2709 quis
1562 2644 1605 2692 est
1629 2635 1675 2707 qui
1690 2635 1749 2691 vui·

105 2740 214 2796 sapere,
227 2724 263 2780 si
281 2740 365 2780 unum
387 2725 444 2780 iota
460 2733 608 2782 mutavero.
627 2747 640 2777 r
662 2728 743 2782 lesus
765 2727 897 2793 Christus,
954 2722 1049 2781 neret?
1066 2723 1151 2780 Filius
1176 2724 1225 2780 Bei
1254 2726 1301 2797 qui
1325 2726 1435 2798 exaltat,
1453 2727 1515 2797 quis
1534 2725 1636 2797 estqui
1659 2724 1750 2779 bumi-

106 2834 121 2863 ι
139 2811 223 2870 Filius
237 2813 297 2878 Boi,
312 2813 432 2870 nascitur
446 2813 474 2869 iu
488 2813 644 2870 Bethlehem
658 2815 745 2871 Judae.
762 2834 775 2867 a
792 2816 815 2872 0
829 2815 900 2871 nati·
953 2809 1021 2868 liet?

104 2900 175 2957 vitas
187 2898 290 2958 illibata
304 2902 456 2974 sanctitate,
474 2902 639 2959 honorabilis
652 2905 764 2969 mundo,
776 2904 898 2959 amabilis
917 2868 938 2947 c
990 2905 1017 2957 3.
1031 2900 1158 2958 Nascitur
1175 2915 1242 2976 ergo
1256 2901 1349 2970 lesus3
1364 2901 1483 2974 gaudeat
1498 2899 1622 2973 quisquis
1638 2899 1684 2957 iile
1699 2905 1751 2969 est,

104 2989 259 3047 hominibus
279 2990 368 3048 collati
383 2991 569 3063 magnitudine
593 2990 729 3059 beneficii,
752 2992 898 3064 investiga·
954 3005 1036 3062 quem
1052 2996 1192 3063 perpetuae
1206 2991 1391 3048 damnationis
1405 3006 1481 3047 reum
1497 2989 1670 3061 adjudicabat
1683 3005 1754 3046 cou-

103 3078 165 3135 bilis
179 3076 261 3136 etiam
276 3079 381 3151 angelis
395 3079 466 3135 sacri
479 3079 664 3152 profunditate
683 3081 816 3152 mysterii,
832 3082 899 3137 etin
955 3079 1069 3136 scientia
1092 3089 1276 3152 peccatorum.
1305 3079 1420 3135 Excedit
1447 3079 1550 3152 quippe
1575 3078 1663 3150 pietas
1688 3079 1754 3134 lesu

102 3168 145 3224 his
158 3168 284 3225 omnibus
297 3167 464 3223 admirabilis
482 3168 615 3241 singulari
633 3169 793 3225 excelientia
816 3170 899 3226 novi·
956 3182 1067 3224 omnem
1089 3167 1233 3224 criminum
1253 3168 1434 3240 quantitatem
1445 3181 1493 3222 seu
1517 3166 1751 3223 numerositatem.

101 3257 181 3313 tatis!
196 3263 290 3328 utpote
305 3272 366 3328 quas
381 3271 432 3312 uec
446 3256 561 3328 primam
577 3257 693 3314 similem
708 3258 767 3314 visa
781 3266 832 3326 cst,
849 3274 901 3315 nec
955 3256 1081 3312 Nascitur
1100 3255 1238 3326 Christus3
1256 3257 1362 3312 laetetur
1381 3255 1545 3328 quicumque
1569 3254 1643 3311 vitiis
1666 3255 1755 3326 impu·

102 3345 205 3402 hahere
221 3351 392 3417 sequentem.
408 3344 431 3400 0
446 3351 541 3417 partus
554 3345 697 3402 soiussiue
712 3346 816 3417 dolore,
827 3347 900 3403 solus

103 3430 212 3490 nescius
221 3432 344 3505 pudoris,
357 3432 539 3505 corruptionis
553 3433 682 3505 ignarus3
698 3450 752 3490 nou
763 3450 899 3501 reserans,

103 3522 152 3578 sed
166 3535 332 3578 consecrans
345 3520 485 3594 virginalis
498 3522 566 3578 uteri
581 3522 710 3594 templum
722 3521 728 3578 l
743 3523 902 3580 Ouativitas

36 3604 41 3613 ’
103 3626 186 3682 supra
202 3617 336 3677 naturam,
353 3610 402 3666 sed
417 3625 468 3681 pro
483 3617 593 3680 natura;
605 3611 726 3668 miraculi
741 3610 902 3668 excellentia

103 3714 247 3770 superaus,
276 3698 324 3755 sed
348 3714 477 3770 reparans
501 3698 598 3756 virtute
620 3700 758 3771 mysterii!
781 3700 901 3770 Fratres,

102 3787 310 3859 generationem
321 3787 399 3842 istam
415 3787 476 3858 quis
489 3788 646 3844 enarrabit?
655 3787 776 3859 Angelus
788 3788 901 3854 nuntiat,

103 3875 189 3932 virtus
198 3875 343 3930 obumbrat
354 3875 494 3943 ditissimi,
507 3877 664 3948 supervenit
675 3876 805 3949 Spiritus:
820 3876 902 3948 Virgo

103 3963 201 4030 credit,
223 3962 278 4018 lide
302 3963 419 4035 concipit
441 3963 528 4036 virgo,
551 3965 669 4035 parturit
694 3966 783 4038 virgo,
812 3973 903 4022 manet

104 4052 201 4126 virgo:
216 4051 276 4125 quis
301 4067 354 4108 non
369 4051 500 4108 miraturi
514 4053 643 4109 Nascitur
661 4053 794 4109 ditissimi
807 4053 901 4124 Filius,

104 4142 178 4196 Deus
188 4139 223 4196 de
233 4141 292 4196 Deo
306 4139 415 4215 genitus
434 4149 497 4198 aute
513 4141 626 4210 saecula;
651 4140 770 4197 nascitur
783 4140 903 4199 Verbum

104 4228 195 4284 inians
212 4247 219 4282 ε
240 4229 304 4302 quis
319 4230 363 4285 vei
377 4230 444 4286 satis
459 4231 595 4287 miretur?

141 4321 168 4372 B.
183 4319 239 4374 Nec
262 4333 327 4374 sane
350 4318 436 4374 otiosa
459 4319 594 4386 nativitas,
613 4327 660 4375 aut
677 4318 845 4375 iniructuosa
859 4317 905 4373 di-

105 4405 197 4476 gnatio
208 4404 291 4463 156
306 4408 468 4478 majestatis.
489 4409 591 4464 «lesus
604 4407 736 4475 Christus,
751 4405 834 4462 Filius
845 4406 906 4476 Dei,

106 4495 256 4551 nasciturin
265 4496 424 4553 Bethlehem
434 4495 521 4552 ludae.
534 4516 547 4548 a
559 4495 665 4569 vosqui
674 4485 820 4567 iupulvere
830 4495 906 4571 estis,

106 4583 325 4657 expergiscimini
341 4593 368 4640 et
384 4586 503 4642 laudate.
521 4585 593 4641 Ecce
611 4585 743 4641 Dominus
757 4585 832 4640 venit
847 4600 907 4640 eum

107 4674 202 4739 salute,
215 4674 291 4730 veuit
301 4690 362 4729 cum
373 4674 531 4746 unguentis,
544 4673 617 4728 venit
629 4689 688 4729 cum
699 4671 796 4744 gioria.
812 4672 907 4747 Neque

108 4762 180 4818 enirn
191 4762 249 4818 sine
258 4763 346 4819 salute
357 4764 448 4828 lesus,
465 4778 555 4834 noque
565 4761 624 4817 sine
634 4761 763 4819 unctione
772 4762 906 4830 Christus,

108 4867 160 4907 uec
173 4853 231 4907 sinc
242 4852 328 4926 gloria
342 4854 419 4909 venit
430 4851 480 4906 Dei
490 4850 572 4906 Filius
584 4869 591 4904 ι
601 4849 735 4922 siquidem
748 4851 807 4923 ipse
822 4852 904 4917 salus,

107 4941 167 5011 ipse
191 4942 291 5007 utactio,
317 4941 375 5012 ipse
397 4940 493 5014 gioria,
510 4941 580 4995 sicut
602 4941 732 5012 scriptum
748 4943 907 5011 est‚Glorio

107 5030 211 5103 patris,
225 5031 304 5100 filius
318 5031 431 5103 sopiens
442 5031 531 5095 (Proh.
550 5044 578 5094 x,
595 5033 633 5091 i).
648 5030 829 5102 Felixanima,
845 5046 906 5103 quae

108 5127 216 5190 gustato
239 5119 331 5173 salutis
353 5117 441 5171 iructu
466 5118 579 5173 trahitur
602 5127 628 5174 et
655 5120 737 5175 currit
762 5120 790 5175 iu
821 5120 905 5177 odore

109 5216 321 5279 unguentorum,
336 5216 365 5261 ut
375 5205 462 5260 videat
477 5207 589 5280 gloriam
610 5209 681 5279 ejus,
697 5207 810 5281 gloriam
825 5207 903 5286 quasi

956 3342 1092 3416 guabatur
1105 3343 1234 3416 antiquis.
1258 3343 1398 3416 Siquidem
1423 3351 1486 3400 ante
1501 3343 1600 3399 faciem
1620 3344 1755 3399 unctionis

956 3431 1058 3488 Christi
1077 3431 1168 3487 nullus
1182 3431 1293 3488 omnino
1313 3439 1387 3488 stare
1400 3432 1502 3505 poterit
1521 3432 1631 3488 morbus
1643 3432 1753 3502 animae,

957 3519 1106 3592 quamlibet
1119 3512 1295 3576 inveteratus.
1310 3519 1438 3577 Nascitur
1452 3519 1535 3576 Filius
1550 3521 1619 3586 Bei;
1636 3521 1755 3577 exsultet

957 3609 1003 3680 qui
1013 3624 1112 3681 magna
1125 3608 1196 3665 solet
1209 3608 1376 3679 desiderare,
1394 3609 1457 3681 quia
1472 3625 1585 3681 magnus
1593 3617 1754 3666 munerator

957 3697 1074 3754 advenit.
1088 3698 1208 3764 Fratres,
1224 3697 1268 3753 bic
1285 3699 1445 3768 osthanes,
1462 3697 1559 3754 devote
1574 3698 1755 3771 suscipiamus

958 3801 1030 3855 eum,
1046 3784 1084 3842 sic
1097 3801 1169 3842 emm
1190 3793 1218 3841 et
1237 3786 1383 3843 baereditas
1406 3797 1500 3844 nostra
1524 3787 1586 3843 erit.
1608 3787 1660 3856 Qui
1679 3787 1754 3843 euim

958 3873 1097 3945 proprium
1120 3874 1216 3930 Filium
1238 3873 1323 3941 dedit,
1345 3877 1482 3946 quomodo
1501 3890 1556 3931 nou
1570 3874 1662 3932 omnia
1675 3876 1755 3932 nobis

958 3961 1037 4016 simul
1059 3977 1120 4017 cum
1143 3962 1210 4019 Filio
1234 3961 1369 4021 donavit?
1392 3965 1480 4032 (Rom.
1507 3979 1568 4032 vur,
1592 3964 1650 4035 32.)
1669 3965 1755 4020 Nemo

960 4050 1106 4119 discredat,
1136 4066 1216 4107 nemo
1243 4050 1369 4118 haesitat3
1399 4052 1532 4108 habemus
1572 4051 1756 4110 testimonium

960 4139 1191 4197 credibiieuimis:
1208 4141 1392 4200 l'erhamccro
1399 4143 1572 4213 factumest,
1583 4147 1611 4199 et
1620 4141 1757 4199 habitauit

921 4213 945 4290 ὓ
962 4231 992 4286 t'a
1003 4231 1081 4286 coiis
1096 4232 1185 4300 (loon.
1202 4245 1221 4298 r,
1240 4231 1294 4299 it).
1312 4229 1421 4285 Fratres
1439 4230 1542 4287 babere
1555 4230 1642 4288 voluit
1656 4229 1758 4306 Unige-

962 4317 1035 4373 nitus
1047 4317 1106 4383 Dei,
1130 4325 1159 4374 ut
1173 4325 1249 4375 esset
1266 4318 1294 4373 in
1308 4318 1397 4374 multis
1415 4317 1543 4374 iratribus
1558 4319 1757 4391 primogenitus

962 4405 1031 4478 ipse.
1052 4408 1142 4478 thtm
1157 4405 1223 4461 nihil
1237 4405 1344 4463 haesitet
1358 4405 1417 4476 ipsa
1431 4406 1637 4478 pusillanimitas
1651 4405 1756 4480 iragiii·

963 4495 1023 4550 tatis
1041 4495 1175 4560 humanm,
1192 4494 1268 4566 prius
1281 4495 1341 4566 ipse
1354 4493 1441 4551 iactus
1454 4506 1496 4551 est
1509 4495 1646 4552 homiuum
1661 4492 1755 4567 irater,

962 4582 1049 4640 iactus
1067 4591 1108 4639 est
1118 4583 1235 4640 hominis
1249 4581 1329 4649 iilius,
1345 4582 1430 4639 factm
1445 4591 1489 4640 est
1507 4584 1597 4639 homo.
1615 4583 1643 4640 Si
1658 4591 1686 4639 et
1705 4584 1757 4641 hoo

962 4674 1042 4730 homo
1050 4672 1154 4744 judicat
1166 4671 1339 4738 incredibile,
1351 4671 1432 4729 iidem
1447 4680 1573 4729 astruunt
1586 4672 1667 4733 oculi⁴

998 4766 1024 4820 l.
1043 4784 1054 4813 ‹
1069 4760 1368 4817 lesusChristusnatus
1381 4769 1424 4818 est
1437 4761 1464 4818 in
1474 4761 1728 4819 Bethlehemludae.
1743 4781 1756 4813 ι

961 4851 996 4906 Et
1017 4849 1078 4906 vide
1101 4847 1297 4923 dignationem.
1322 4851 1383 4906 Nou
1412 4850 1441 4906 io
1464 4849 1625 4915 Jerusalem,
1649 4848 1758 4906 civitate

962 4939 1052 5014 regia;
1067 4936 1330 5006 sediuBethlclrem,
1341 4956 1403 5012 quae
1413 4940 1524 4994 minima
1534 4946 1576 4994 est
1593 4939 1622 4994 in
1639 4939 1758 4994 millibus

960 5027 1039 5082 luda.
1064 5024 1264 5082 OBetlricirem
1288 5044 1383 5100 parva,
1398 5028 1447 5084 sed
1464 5028 1521 5097 jam
1545 5025 1719 5101 magnificata
1742 5044 1759 5083 a

960 5114 1092 5172 Dominoi
1108 5114 1290 5191 magnificavit
1305 5127 1331 5173 te
1344 5118 1391 5190 qui
1408 5116 1494 5173 iactus
1510 5123 1552 5172 cst
1570 5116 1598 5172 in
1617 5125 1643 5173 te
1657 5133 1758 5189 parvus

960 5222 994 5260 ex
1007 5219 1117 5278 magno.
1139 5205 1251 5277 Laemre,
1272 5205 1443 5273 Bethlehem,
1458 5212 1486 5261 et
1507 5221 1557 5278 per
1573 5220 1670 5263 omnes
1684 5206 1760 5263 vicos

147 5358 187 5429 (9)
202 5357 268 5412 lime
284 5356 368 5411 verba
386 5356 514 5426 leguntur
532 5359 560 5413 iu
575 5360 689 5416 Usuardi
704 5358 907 5431 Nartyrologio,
921 5371 976 5429 quo
998 5356 1129 5414 Ecclesia
1147 5355 1293 5414 Guhmoa
1309 5370 1414 5426 omnes,
1436 5363 1482 5414 aut
1499 5356 1558 5414 iero
1578 5373 1675 5414 omncs
1694 5364 1759 5414 tuuc

110 5430 255 5486 utebantur
269 5425 323 5482 imo
335 5427 417 5482 otiam
432 5431 565 5486 Romana.
