3734 5948
116 261 151 320 rr
594 216 1291 313 s.sauriaormelr'rscornaviluansrs

112 400 162 440 sex
176 380 319 452 injustitie,
333 377 477 448 septimam
493 390 602 448 quoque
617 375 732 448 intelligi
742 375 770 431 in
784 374 912 446 jndicio?
927 393 950 473 Α
967 393 1035 448 quas
1064 394 1157 435 secum
1181 379 1345 435 conscientia
1371 385 1475 452 portat,
1494 387 1523 434 ιιι
1547 378 1575 434 iu
1602 394 1680 453 perpe

113 473 212 543 Neque
226 469 299 527 enim
308 466 413 538 justitia
422 465 491 533 sola,
502 465 684 538 sedjustitio,
696 464 910 537 iuquit,etjndi·
965 465 1041 522 dives
1055 466 1111 523 frat.
1125 468 1165 522 De
1179 466 1266 540 gloria
1280 483 1389 540 quoque
1406 467 1470 523 dicit
1485 467 1632 540 Apostolus
1648 487 1655 526 :
1669 471 1680 528 f

112 562 191 616 cium
200 558 374 630 praeparatio
383 555 455 610 sedis
462 555 612 624 teaelPsel.
620 552 912 624 unxxvrrr,lli).Deni-
964 562 1064 612 nostru
1080 557 1197 627 deceat,
1211 559 1404 615 testimonium
1419 558 1600 615 comeieetioe
1608 562 1680 616 nostr

112 665 169 720 que
184 648 208 702 si
222 646 351 717 praelatis,
366 651 394 700 et
408 642 568 714 equalibus,
583 654 610 698 et
625 640 800 697 inferioribus
815 641 909 698 reddi·
960 646 1027 701 Cor.
1045 636 1131 713 ult).
1146 647 1208 701 Haec
1230 655 1272 702 est
1285 645 1381 718 utique
1398 661 1462 702 vera
1485 645 1583 718 gloria,
1599 662 1661 719 quae

113 753 174 793 mus
187 735 260 809 quod
274 740 393 806 oportet,
404 731 506 788 nihilne
519 729 636 800 accipiet
648 730 742 786 Dens?
752 729 911 802 Ateiplane
964 734 1061 804 spiritu
1071 735 1203 792 veritatis.
1212 737 1356 807 lpseeairu
1367 737 1491 808 Spiritus
1501 735 1680 793 testimoniet

113 826 188 898 quod
202 825 286 880 debet
308 822 462 879 retribuere
479 834 560 875 nemo
581 825 681 890 potest,
696 820 769 891 qnod
794 827 848 874 tam
862 836 909 875 eo·
965 823 1680 901 bibetspiritnioostro,qoodriiiiDeisumus(Rom

112 915 191 987 piosa
204 908 418 971 accumulaverit
432 922 516 980 snper
530 923 581 965 nos
595 907 808 964 misericordiam
822 923 910 977 suam,
965 910 1022 982 ld.)
1042 909 1134 967 Gloria
1158 927 1239 977 vero,
1255 928 1336 984 quam
1359 913 1394 967 ab
1418 913 1533 969 invicem
1556 902 1680 985 accipiun

113 1004 187 1076 quod
204 985 257 1058 tam
272 999 356 1055 multa
370 996 565 1069 deliquerimus
579 997 616 1066 ei,
633 997 706 1068 qnod
727 1003 781 1051 tam
800 996 911 1070 fragiles
963 998 1077 1069 gloriam
1095 1016 1156 1071 quae
1180 1008 1221 1054 est
1242 1016 1258 1054 a
1282 1001 1340 1058 solo
1365 1003 1422 1057 Deo
1445 1017 1498 1058 non
1523 994 1674 1075 requirnnt,

113 1102 141 1149 et
156 1091 222 1147 nihil
233 1091 327 1154 aimus,
337 1085 410 1159 qnod
425 1095 479 1142 tam
494 1085 629 1156 plenuset
642 1084 780 1142 sufficiens
788 1085 833 1142 ille
847 1085 909 1150 sibi,
964 1096 1015 1150 est,
1031 1089 1159 1159 qnoniam
1184 1089 1246 1145 vani
1265 1088 1313 1144 lilii
1338 1090 1487 1146 bominum.
1503 1091 1637 1162 insipiens
1662 1098 1680 1147 tt

112 1189 141 1236 et
158 1181 295 1235 bonorum
314 1175 436 1233 omniurn
456 1181 612 1231 nostrornm
632 1190 687 1230 uon
703 1190 799 1246 mens.
814 1174 911 1231 Audivi
964 1192 1070 1232 merces
1084 1192 1237 1250 congregas
1252 1178 1280 1233 in
1295 1195 1402 1235 saecum
1417 1187 1570 1250 pertusum,
1586 1180 1632 1252 qui
1648 1180 1680 1237 tb

112 1276 203 1325 tamen
218 1267 357 1322 dicentem
371 1279 444 1331 eum,
459 1262 504 1319 cui
518 1261 622 1319 incerta
636 1272 664 1319 et
678 1262 783 1320 occulta
797 1262 910 1336 sapien·
964 1279 1024 1319 rum
1046 1271 1119 1320 tunm
1143 1264 1232 1322 alieno
1254 1266 1281 1320 iu
1305 1283 1352 1322 ore
1377 1266 1537 1324 eonstituisl
1555 1267 1668 1339 ignoras

111 1359 156 1414 tie
170 1372 227 1414 sue
240 1353 420 1418 revelaverat,
432 1351 495 1424 qnia
504 1351 593 1411 bonor
608 1353 678 1423 repis
684 1352 831 1423 judicium
845 1353 910 1408 dili·
964 1367 1026 1408 area
1053 1352 1104 1409 ista
1119 1351 1143 1409 1
1147 1351 1201 1410 21
1219 1369 1274 1410 non
1298 1354 1441 1422 clauditur,
1468 1370 1519 1412 nec
1545 1370 1621 1411 seras
1656 1353 1680 1409 br

110 1450 150 1518 pit
167 1439 493 1517 (Psoi.acvrrr,l).llibd
509 1441 583 1513 qnod
597 1439 667 1495 inse
682 1448 723 1497 est
737 1439 909 1497 anoblsexi·
963 1440 1071 1511 Quanto
1096 1442 1192 1497 melius
1216 1443 1334 1516 sapiunt,
1358 1444 1403 1515 qui
1430 1445 1586 1500 thesaurum
1609 1457 1680 1521 suun

110 1536 151 1610 git
165 1533 300 1609 ampliua;
315 1537 419 1587 nutum
435 1529 557 1586 dieamus
574 1528 734 1601 iniquitates
746 1538 865 1601 nostras,
881 1538 910 1585 et
964 1536 1088 1597 servant,
1117 1529 1176 1585 abis
1204 1545 1259 1587 non
1287 1531 1480 1587 committunt?
1509 1533 1611 1587 Verum
1639 1545 1680 1587 uui

109 1621 267 1694 iustificabit
279 1635 331 1677 uos
339 1618 435 1693 gratis,
445 1625 476 1674 ut
488 1618 576 1690 gratia
590 1619 806 1676 commendetur.
816 1617 909 1695 Diligit
963 1634 1072 1686 semper
1095 1617 1261 1676 servabunt?
1278 1620 1407 1693 Numquid
1435 1636 1546 1692 semper
1569 1619 1680 1676 abacont

110 1713 183 1771 enim
200 1711 318 1767 animam
337 1724 398 1781 quae
411 1709 440 1763 iu
453 1715 603 1779 conspectu
616 1709 678 1779 ejus
692 1715 720 1763 et
744 1708 805 1764 sine
819 1708 908 1766 inter-
925 1717 947 1794 fl
963 1706 1063 1763 Veniet
1075 1722 1135 1762 cum
1150 1706 1293 1764 manifesta
1308 1716 1388 1765 erunt
1402 1708 1562 1765 abscondita
1576 1705 1680 1778 cordis,

111 1800 240 1858 missione
255 1797 457 1863 musiderat,et
470 1795 530 1853 siue
538 1794 709 1852 simulatione
725 1795 853 1866 dijudicat
862 1812 908 1852 se·
963 1809 1028 1851 vero
1041 1793 1142 1850 inerint
1165 1801 1312 1862 ostentata,
1329 1811 1383 1852 non
1407 1796 1613 1869 comparebunt.
1630 1794 1680 1851 Hirr

110 1889 264 1962 metipsam.
280 1887 365 1959 idque
379 1885 510 1957 iudicium
524 1884 632 1941 nonnisi
645 1894 758 1956 propter
772 1900 846 1941 nosa
861 1901 910 1954 no-
963 1882 1036 1953 quod
1050 1881 1178 1940 veniente
1193 1882 1309 1939 Domino
1324 1882 1457 1939 fatuarum
1472 1883 1608 1955 virginum
1623 1881 1680 1955 lana

110 1979 153 2034 bis
166 1977 261 2050 exigit,
276 1975 341 2047 quia
363 1975 386 2030 si
409 1974 591 2044 nosmetipsos
613 1973 836 2044 judicaverimus,
854 1991 907 2031 non
963 1971 1173 2043 exstingnuntur
1187 1971 1300 2041 (until.
1311 1985 1380 2038 xxv,
1394 1975 1469 2039 t-lil)
1481 1990 1488 2027 :
1500 1980 1528 2027 et
1542 1971 1588 2045 qui
1598 1984 1680 2045 recep

109 2066 205 2139 utique
238 2063 431 2134 judicabimur.
468 2063 616 2134 Propterea
653 2062 764 2134 sapiens
798 2074 909 2121 veretur
963 2060 1119 2117 mercedem
1144 2075 1221 2114 snam
1250 2059 1362 2131 (lluttlt.
1384 2075 1423 2127 vr,
1450 2062 1506 2132 16),
1530 2076 1545 2114 a
1575 2058 1680 2116 Domini

108 2153 201 2211 omnia
227 2167 313 2223 opera
337 2167 398 2218 sua,
418 2159 564 2219 seruntur,
585 2150 697 2207 discutit
723 2159 752 2207 et
779 2151 909 2223 dijudicat
962 2148 1095 2205 sciuntur.
1111 2148 1258 2220 Propterea
1272 2147 1333 2205 dico
1350 2149 1438 2215 vobis,
1453 2148 1618 2218 clarissimi,
1634 2146 1680 2205 util

108 2244 245 2299 universa.
274 2241 396 2296 lionorat
423 2240 525 2312 quippe
552 2240 704 2307 veritatem,
735 2240 782 2313 qai
811 2249 840 2298 et
866 2259 907 2308 se,
962 2236 1133 2294 abscondere
1148 2239 1330 2309 magisquam
1350 2245 1500 2307 ostentare,
1516 2236 1617 2312 siquid
1631 2234 1680 2293 bob

109 2341 137 2386 et
160 2347 211 2386 sna
233 2329 326 2384 omnia
349 2328 376 2383 in
400 2343 433 2385 eo
456 2335 539 2396 statu,
564 2344 618 2399 qno
640 2329 741 2386 veritas
763 2330 856 2396 habet,
880 2339 908 2386 et
962 2325 1043 2395 boni,
1058 2326 1128 2382 sicut
1142 2335 1169 2382 et
1184 2326 1302 2382 mendici
1311 2342 1371 2381 cnm
1380 2326 1582 2399 eleemosynam
1591 2332 1680 2398 petunt

108 2420 234 2494 agnoscit
246 2417 391 2483 veraciter,
407 2424 436 2472 et
450 2417 586 2473 humiliter
599 2417 754 2475 confitetur.
770 2421 841 2477 Audi
857 2421 907 2476 de·
963 2413 1096 2483 Dreiitlffls
1117 2419 1208 2469 vestes
1231 2413 1388 2481 ⁰⁵2e¹¹d111¹b
1404 2414 1453 2471 ⁸01¹
1468 2414 1608 2470 seminuda
1628 2428 1680 2473 Μ

108 2509 192 2579 nique
205 2506 377 2565 manifestius
390 2522 407 2561 a
420 2512 447 2561 te
460 2505 592 2576 judicium
602 2504 675 2577 exigi
690 2515 750 2576 post
764 2508 906 2577 iustitiam.
963 2509 1008 2556 aut
1022 2501 1123 2567 ulcera,
1140 2501 1163 2556 si
1177 2501 1333 2573 habuerint,
1349 2511 1378 2558 nt
1392 2502 1471 2559 citius
1493 2503 1527 2558 ad
1548 2501 1680 2561 mnenon

110 2599 180 2655 dum
191 2597 330 2670 feceritis,
342 2593 439 2667 iuquit,
452 2595 548 2652 omitia
563 2611 624 2668 qttoe
632 2600 776 2669 precepto
789 2603 908 2662 malon
961 2589 1080 2646 videntis
1092 2593 1198 2644 animus
1209 2590 1363 2647 inclinetur.
1379 2592 1465 2662 Quam
1485 2590 1606 2664 regulam
1630 2586 1680 2647 Pul

108 2683 766 2753 lenitate:minutiasscrnmpunxvn,
779 2686 908 2756 ltt).llaee
962 2694 1013 2734 1¹⁰⁸
1036 2678 1081 2733 ille
1104 2678 1220 2737 Servavit
1242 2679 1324 2735 mulli)
1350 2679 1446 2736 melius
1472 2680 1619 2748 Phtiisffls
1642 2685 1671 2736 ⁶⁸

108 2775 200 2848 plane,
213 2774 305 2848 quoad
319 2772 355 2827 ad
369 2772 517 2839 honinem,
533 2779 575 2828 est
590 2772 673 2844 digna
687 2774 761 2829 sedis
776 2790 908 2847 praepara·
962 2767 1103 2825 descendit
1114 2768 1292 2839 justificatus
1306 2768 1339 2824 ob
1354 2768 1404 2826 illo
1421 2769 1498 2842 (lec,
1512 2784 1593 2838 xvsti,
1610 2766 1656 2840 ll)
1675 2766 1680 2823 i

108 2865 145 2921 tio
158 2863 275 2920 Domino
288 2861 439 2931 maiestatis
451 2869 481 2917 nt
495 2867 523 2918 et
536 2860 646 2933 justitiae
661 2862 786 2919 mandata
800 2863 908 2921 studeat
962 2870 1019 2926 βιῶ
1035 2854 1092 2912 illo·

106 2955 267 3021 observare,
290 2961 319 3009 et
346 2967 456 3023 semper
476 2950 618 3023 indignum
646 2967 707 3008 sese
731 2960 760 3009 et
785 2954 906 3011 inutilem
998 2947 1024 2999 3·
1041 2946 1159 3017 Tempus
1186 2953 1238 3016 esi,
1269 2946 1379 3014 fraires,
1398 2955 1428 3002 ut
1449 2945 1580 3017 iuditium
1608 2944 1680 3019 ῑῦθὶι)

106 3043 265 3100 arbitretur.
961 3032 1043 3089 domo
1056 3034 1116 3089 Dei.
1133 3032 1200 3102 Quis
1212 3032 1274 3090 linis
1289 3050 1383 3091 eorum
1398 3035 1445 3107 qui
1460 3050 1515 3092 non
1529 3033 1680 3092 obedinntl

414 3109 531 3167 SEflMO
551 3108 595 3168 tl·
962 3120 1135 3193 gallearum
1144 3121 1680 3196 judiciumbisquiinboejudiciononr

105 3199 904 3283 Dedupticiodoenle,elstodiooercrumoirtutcmplias,
962 3211 1054 3282 gunt?
1069 3210 1229 3284 Quicunque
1244 3212 1317 3268 enirn
1330 3212 1445 3283 judicari
1464 3211 1636 3269 dissimulant
1657 3226 1680 3269 et

154 3273 192 3329 De
206 3272 314 3347 duplici
327 3271 465 3339 adventu,
482 3274 511 3326 et
523 3287 625 3344 pennas
640 3272 850 3346 deorpentolisl.
962 3298 1033 3354 dicio
1047 3300 1120 3371 quod
1134 3317 1206 3357 nunc
1220 3309 1272 3371 es„
1289 3302 1317 3357 in
1338 3317 1392 3374 quo
1410 3301 1539 3375 princeps
1562 3301 1643 3373 huju!
1665 3316 1680 3357 u

142 3384 168 3436 l.
183 3380 301 3451 Dignum
329 3383 382 3448 cst,
406 3377 515 3447 fratres,
539 3386 569 3434 ut
597 3385 653 3434 tota
672 3395 732 3435 cum
760 3381 905 3438 devotione
962 3386 1070 3458 eJicitnr
1096 3388 1179 3457 foras,
1204 3389 1323 3461 judicem
1347 3397 1517 3461 exspectent,
1547 3389 1591 3447 vel
1612 3389 1680 3467 magi

106 3467 214 3526 Domini
226 3466 373 3525 celebretis
389 3466 556 3537 adventum,
573 3466 701 3524 delectati
718 3476 792 3524 tanta
805 3484 904 3528 conso·
962 3485 1091 3543 meant,a
1106 3493 1159 3550 qno
1172 3493 1234 3534 cum
1249 3477 1309 3551 ipso
1325 3478 1453 3552 principe
1464 3494 1513 3536 suo
1528 3478 1602 3536 foras
1616 3477 1679 3551 ejici

106 3557 226 3624 latione,
256 3553 402 3628 stupefacti
436 3563 511 3612 tanta
543 3555 716 3631 dignatione,
746 3558 905 3617 inflammati
962 3574 990 3621 et
1003 3564 1066 3637 ipsi.
1080 3565 1136 3622 Nos
1150 3577 1240 3624 antem
1255 3567 1279 3623 si
1293 3567 1415 3640 perfecte
1437 3568 1589 3639 iudicamur
1611 3582 1680 3625 nuuc

107 3651 183 3704 tauta
197 3643 354 3702 dilectione.
366 3645 424 3702 Nee
433 3658 500 3703 vero
514 3645 602 3700 solnm
611 3647 737 3720 cogitetis
750 3647 905 3718 adveutum,
962 3653 1019 3709 cnri
1045 3649 1212 3713 Salv'atorem
1238 3664 1429 3730 exspectamus
1459 3657 1602 3714 Dominum
1634 3670 1680 3716 not

104 3750 160 3806 quo
173 3734 249 3793 veuit
264 3749 389 3805 qnaerere
408 3741 437 3792 et
453 3733 557 3792 salvum
581 3733 671 3792 faeere
691 3736 764 3807 quod
776 3738 904 3811 perierat,
960 3742 1052 3798 lesum
1066 3743 1212 3812 Christum,
1231 3746 1278 3819 qui
1302 3744 1460 3803 reformabit
1479 3762 1578 3820 corpus
1600 3744 1680 3819 linuril

105 3822 154 3878 sed
172 3831 202 3879 et
229 3821 304 3877 illuni
334 3821 518 3894 nihilomiuus,
533 3837 588 3896 qno
615 3824 706 3881 veniet
733 3833 761 3882 et
788 3837 907 3885 amumet
963 3839 1073 3900 nostrae,
1085 3832 1282 3906 configuratum
1296 3835 1404 3907 corpori
1414 3835 1543 3893 claritatis
1553 3851 1610 3893 snae
1621 3835 1680 3909 (Plu

105 3926 155 3968 nos
178 3911 212 3965 ad
235 3909 368 3983 seipsum.
392 3909 501 3966 Utinam
521 3911 593 3969 circa
613 3914 664 3970 bos
688 3913 757 3971 duos
774 3916 907 3975 adventus
961 3921 1073 3991 inat).
1094 3920 1169 3976 Tunc
1192 3921 1331 3995 fulgebant
1344 3924 1420 3994 Justi,
1435 3924 1473 3981 ita
1494 3935 1524 3982 ut
1538 3925 1627 3984 videri
1653 3940 1680 4000 pr

100 3999 161 4076 jugi
172 3999 353 4057 meditatione
372 3999 531 4071 versemini,
549 4002 719 4060 ruminantes
732 4003 759 4061 in
778 4005 906 4063 cordibus
960 4008 1033 4065 docti
1045 4008 1149 4082 pariter
1163 4018 1191 4066 et
1205 4009 1306 4069 indocti
1319 4032 1325 4068 :
1337 4011 1481 4088 fulgebunt
1498 4014 1571 4071 enlm
1585 4004 1680 4071 sicuti

101 4088 220 4156 vestris,
245 4095 377 4160 qnantum
403 4087 432 4144 iu
454 4088 551 4160 priore
577 4090 750 4175 praetiterit,
775 4103 905 4166 quantum
961 4112 1046 4173 regno
1070 4098 1158 4154 Patris
1181 4114 1275 4157 eorum
1298 4102 1410 4172 (dotti.
1427 4094 1488 4169 ιἰιι,
1504 4104 1562 4176 43).
1580 4105 1643 4160 uite
1666 4118 1680 4161 ι

102 4175 259 4249 promiserit
272 4177 301 4233 in
320 4174 457 4232 sccundol
471 4176 578 4233 Utinam
592 4186 668 4234 certe
688 4180 828 4239 donnatis
835 4183 906 4240 iuter
960 4186 1078 4244 claritas
1092 4190 1159 4247 solis
1180 4192 1405 4263 septempliciter
1419 4195 1485 4264 (lso.
1501 4207 1572 4266 xxx,
1589 4194 1648 4265 aa),
1660 4190 1680 4248 ir

103 4264 209 4323 medios
223 4264 326 4321 clerosl
343 4265 407 4321 llaec
428 4273 492 4321 sunt
505 4266 579 4322 enim
604 4267 660 4325 duo
674 4269 784 4325 brachia
799 4273 901 4345 sponsi,
959 4275 1027 4332 sieut
1039 4275 1084 4331 lux
1098 4285 1203 4348 septem
1217 4279 1332 4336 dieram.
1663 4267 1666 4277 ¹

104 4355 176 4412 inter
191 4370 252 4427 quoe
267 4369 368 4427 sponsa
387 4353 528 4411 donniens
546 4356 638 4412 alebat
653 4374 660 4415 :
676 4359 756 4416 leun
770 4363 832 4434 ejus
854 4364 942 4450 solu
994 4367 1021 4420 l.
1048 4364 1206 4424 Adveniens
1228 4368 1299 4424 euim
1325 4368 1447 4428 Salvator
1474 4370 1634 4429 reformabit
1658 4386 1680 4429 e

106 4443 902 4520 capitemeo,etdexteraejosnmplecobiturme(Cautio.
960 4456 1117 4512 humilitatis
1139 4466 1249 4528 nostrae,
1270 4458 1471 4530 configuratum
1494 4461 1601 4534 corpori
1624 4444 1680 4517 clar

107 4547 138 4602 u,
154 4531 193 4607 6).
207 4531 277 4588 Nam
290 4533 323 4587 ia
337 4533 458 4588 sinistro
472 4532 581 4605 quidem
597 4536 668 4608 ejas,
679 4537 748 4592 sicut
762 4536 825 4594 abbi
839 4539 905 4614 legi·
958 4561 1029 4615 suae3
1045 4546 1068 4602 si
1083 4555 1176 4604 nmen
1190 4548 1265 4620 prius
1284 4548 1366 4605 inerit
1380 4563 1428 4607 cor
1441 4550 1629 4623 reformatum,
1643 4536 1673 4610 et

107 4618 489 4693 mmdiaitioeetptoriumo
499 4620 904 4707 weterolonpitornitosnitoe
957 4633 1102 4708 figuratum
1125 4636 1269 4694 humilitati
1282 4637 1372 4694 cordis
1394 4637 1487 4710 ipsius.
1504 4641 1620 4713 Pmpter
1638 4656 1680 4714 qu

106 4711 199 4777 (Pron.
218 4723 260 4785 nr,
286 4708 342 4780 lo).
362 4710 396 4765 ln
412 4710 531 4767 sinntro
553 4713 625 4784 ejus,
637 4712 734 4784 inquit,
746 4716 853 4777 divitie
876 4724 903 4777 et
957 4722 1083 4781 dicebat:
1097 4726 1199 4784 Discite
1222 4741 1239 4781 a
1260 4741 1306 4783 aee
1320 4729 1388 4803 poio
1405 4729 1486 4785 mitis
1504 4745 1568 4786 scm
1590 4735 1619 4789 ct
1638 4708 1680 4789 bre

104 4798 203 4866 pieria.
225 4797 284 4853 filii
307 4797 404 4866 Adam,
422 4814 512 4871 genus
535 4815 647 4856 avarum
668 4809 696 4858 et
718 4804 901 4875 ambitiosum,
957 4814 1039 4870 corde
1054 4814 1167 4885 (uncto.
1181 4828 1222 4886 ιι,
1237 4816 1295 4886 it).
1311 4807 1459 4874 Considera
1475 4831 1542 4873 saue
1557 4800 1583 4873 in
1597 4818 1639 4875 bis
1651 4806 1680 4879 vt

106 4883 209 4941 audite.
224 4884 296 4955 Quid
321 4886 483 4944 vobiscum
507 4889 623 4945 terrenis
647 4890 745 4948 divitiis
769 4902 796 4949 et
817 4895 903 4968 gloria
958 4902 1085 4972 quoniam
1110 4903 1246 4960 humilitas
1269 4905 1368 4977 duplex
1393 4895 1680 4982 est1altera'cogniti

105 4974 257 5044 temporali,
272 4991 333 5046 quae
352 4992 404 5033 nee
420 4992 503 5042 verae,
519 4992 570 5034 uec
588 4985 688 5035 vestra
704 4982 787 5036 suut?
801 4986 902 5040 lurum
957 4988 1042 5045 altera
1064 4990 1236 5060 allectionis,
1261 5009 1322 5066 quse
1341 4994 1384 5050 bic
1410 4994 1510 5051 dicitnr
1536 4995 1637 5052 cordis.
1661 4997 1680 5053 Ρ

104 5068 132 5116 et
146 5068 300 5133 argeutum.
316 5064 413 5121 Nonne
437 5072 511 5121 terra
526 5073 568 5143 est
584 5066 666 5123 rubra
685 5078 713 5125 et
727 5069 800 5139 alba,
820 5088 902 5145 quam
957 5080 1147 5148 cognoscimus
1161 5081 1233 5153 quod
1249 5081 1315 5136 nibil
1333 5097 1442 5151 sumus,
1466 5090 1494 5139 et
1507 5085 1578 5141 haue
1592 5085 1680 5145 duan

104 5147 178 5207 solus
201 5149 339 5207 bominum
359 5167 435 5209 error
453 5154 526 5221 facit,
541 5162 587 5211 aut
609 5156 697 5229 magis
711 5167 819 5231 reputat
836 5178 902 5233 pre·
956 5166 1036 5221 nobis
1058 5167 1136 5239 ipsis,
1151 5177 1180 5226 et
1198 5171 1232 5225 ab
1256 5169 1411 5229 infirmitate
1435 5176 1546 5249 propria
1570 5193 1577 5232 :
1602 5183 1680 5250 poste

105 5237 220 5296 tiosaml
233 5238 359 5311 Denique
374 5242 396 5295 si
416 5253 507 5299 vestra
531 5252 595 5300 sunt
611 5245 679 5315 buc,
696 5246 780 5305 tollite
802 5264 836 5307 ea
849 5265 900 5308 vo·
956 5252 1092 5314 calcamus
1111 5256 1224 5329 gloriam
1243 5259 1347 5330 mundi,
1361 5272 1389 5319 et
1409 5262 1480 5320 banc
1494 5264 1529 5321 ab
1544 5264 1592 5322 illo
1612 5265 1680 5325 disci

105 5328 218 5384 biscnm.
248 5326 304 5385 Sed
331 5327 431 5395 bomo,
458 5345 519 5386 enm
548 5332 700 5405 interierit,
731 5351 787 5395 uon
813 5350 902 5396 sumet
957 5343 1003 5415 qui
1020 5346 1166 5403 exinanivit
1190 5347 1378 5421 semetipsum,
1396 5351 1509 5410 formam
1523 5353 1595 5413 servi
1616 5354 1680 5429 accip

104 5416 205 5489 omnis,
223 5432 313 5490 neqm
331 5415 482 5475 descendet
495 5435 557 5476 cum
571 5437 605 5480 eo
620 5422 706 5499 gloria
721 5427 791 5499 ejus.
957 5432 1093 5509 (Pbitipp.
1117 5450 1146 5503 u,
1165 5438 1209 5508 7),
1238 5437 1284 5510 qui
1310 5437 1391 5496 etiam
1410 5442 1539 5515 quesitus
1566 5445 1593 5500 in
1620 5459 1680 5525 regi

138 5511 166 5574 2.
184 5505 265 5567 Vere
279 5523 347 5586 ergo
361 5506 461 5568 mildae
475 5523 609 5584 nonopes
623 5517 753 5584 sunt,sed
766 5516 900 5580 virtutes:
955 5519 1045 5594 iugit3
1072 5524 1201 5597 quesitus
1221 5524 1258 5581 ad
1277 5533 1353 5588 unta
1374 5531 1474 5603 probra
1492 5541 1521 5592 et
1540 5531 1680 5606 ignominia
