3734 5948
591 197 760 262 SBRMONRS
777 198 811 259 IN
830 199 980 263 exultet.
1549 211 1604 274 810

83 330 136 390 ntis
157 330 246 402 (hebr.
270 344 292 402 ι,
312 329 368 402 ιι),
384 326 557 384 devotionem
580 328 700 384 notham
723 324 750 381 in
766 338 791 419 st
806 323 888 382 berit
902 312 1073 384 animuum
1084 331 1148 399 post
1163 333 1190 386 te
1203 327 1520 404 (Pact.axn,9);item:
1537 335 1605 392 llihi

103 419 203 484 ferunt,
218 417 337 475 referunt
359 417 484 490 gratiam.
503 417 673 486 Usurpemus
690 413 751 470 old·
809 418 906 470 cutem
924 415 1068 473 cdlsoercre
1087 417 1142 475 Dec
1158 415 1259 475 bouum
1274 422 1317 475 ert
1331 418 1421 490 (Paul.
1439 437 1529 490 nxxrr,
1546 423 1602 496 28),

83 523 171 567 torum
194 507 321 563 sortimur
343 506 520 572 consortium,
546 512 577 561 'ut
600 503 629 558 in
645 519 692 560 ere
710 503 755 559 iu·
809 504 934 559 videndo
949 503 1115 577 edhaerebat,
1135 514 1162 559 et
1175 506 1338 563 adherendo
1355 507 1476 566 ridebat.
1497 513 1604 570 Animae

87 605 119 657 ιι
130 596 285 653 factentium
304 594 456 666 perficiatur
470 593 625 664 laus(Pscl.
637 608 701 663 ιιιι,
716 591 755 664 3).
810 607 877 664 ergo
892 592 919 646 in
934 591 977 647 his
996 591 1151 649 exercitatae
1169 594 1295 650 coelestes
1308 612 1371 652 sese
1385 597 1473 653 nuntii
1488 598 1605 656 familia-

83 687 148 745 teis
164 705 170 743 :
187 687 306 743 Paullitc
327 689 381 743 Dec
404 690 510 749 rtoatro,
530 683 663 756 psallite,-
677 692 757 754 atque
811 696 854 736 res
875 680 1002 737 exhibent
1016 691 1044 737 et
1064 681 1227 754 frequentes,
1244 684 1395 754 presertIm
1415 683 1439 740 si
1452 685 1607 760 frequenter

83 792 103 833 ts
122 790 171 833 eos
194 773 312 830 ricissim
331 773 550 843 respondentes:
567 772 759 844 Pccttitercpi
812 780 933 824 orantem
951 769 1133 840 persenserint
1148 769 1231 843 [clins
1247 773 1434 847 prespicIantl.
1453 774 1520 846 Quis
1533 775 1609 833 dabit
1637 838 1641 843 ,

86 865 211 939 psallite,
813 856 878 912 mihi
898 874 947 928 per
959 873 1017 927 vos,
1040 874 1057 914 o
1078 857 1190 930 benigni
1211 860 1355 933 principes,
1379 862 1521 931 petitiones
1535 881 1609 922 meas

83 956 160 1010 adem
175 967 241 1024 ergo
255 964 314 1006 cnm
329 947 393 1006 coeli
408 948 564 1005 cantoribus
578 948 605 1003 in
619 963 760 1005 commuue
813 945 981 1002 innotescere
995 947 1065 1016 apud
1084 947 1192 1002 Deum?
1207 948 1267 1005 Non
1290 947 1362 1006 enim
1379 950 1448 1016 Deo,
1468 951 1511 1009 cui
1529 956 1608 1011 etiam

83 1059 105 1112 s,
120 1052 212 1114 utpote
232 1040 305 1098 cives
328 1048 479 1096 sanctorum
499 1046 526 1095 ιι
544 1038 682 1096 domestici
699 1036 759 1107 Ilei,
815 1034 941 1108 cogitatio
960 1034 1075 1090 hominis
1096 1036 1250 1104 confitetur,
1274 1038 1320 1093 sed
1340 1040 1411 1110 apud
1432 1040 1537 1114 Deum;
1559 1043 1610 1100 hoc

103 1133 248 1204 supienter
265 1129 353 1200 (Psoi.
364 1143 442 1196 xuvt,
458 1130 485 1197 7,
501 1130 539 1198 8).
555 1126 637 1184 Cibus
656 1126 685 1182 in
703 1141 760 1193 ore,
815 1130 864 1188 est,
880 1122 946 1194 ipsis
965 1122 1011 1193 qui
1030 1138 1090 1178 cum
1115 1125 1172 1180 Deo
1186 1133 1262 1191 sunt,
1279 1133 1332 1180 tam
1346 1126 1432 1184 beatis
1453 1126 1610 1201 uirtutibus,

83 1236 89 1274 ι
111 1219 139 1275 in
162 1221 243 1275 corde
268 1216 346 1287 sapit.
370 1217 483 1272 Tantum
501 1216 577 1272 illum
599 1225 685 1273 terere
708 1230 763 1272 non
816 1227 897 1283 quam
922 1227 1001 1268 carne
1018 1210 1115 1268 solutis
1138 1213 1291 1284 spiritibus.
1311 1212 1380 1282 Quis
1401 1216 1544 1274 suscitabit
1567 1236 1612 1276 me

83 1307 190 1366 tlldeIIs
199 1317 226 1362 et
240 1308 359 1376 prudeus
369 1304 456 1361 anima
466 1304 630 1378 quibusdam
639 1304 765 1362 dentibus
818 1300 851 1356 de
871 1307 942 1357 terra
959 1299 1080 1371 inopem,
1104 1308 1131 1356 et
1151 1302 1185 1357 de
1206 1311 1328 1359 stercore
1348 1305 1433 1375 eriget
1455 1323 1612 1379 pauperem,

83 1397 153 1452 tndae
168 1410 234 1463 suae,
251 1409 286 1449 ne
299 1393 322 1449 si
335 1392 405 1450 forte
420 1392 553 1468 integrum
568 1393 664 1467 glutiat
674 1402 763 1448 etnon
818 1397 850 1446 ut
859 1390 965 1445 sedeam
979 1405 1041 1446 cum
1056 1388 1221 1462 principibus
1230 1398 1257 1446 ιι
1270 1392 1368 1449 solium
1379 1392 1476 1465 gloriae
1488 1397 1614 1454 mnsam?

83 1501 103 1552 ι,
118 1484 261 1540 frustretur
285 1483 401 1555 palatum
424 1497 520 1555 sapore
541 1480 724 1548 desiderabili,
738 1487 765 1535 et
818 1479 877 1534 Non
905 1476 1017 1550 ambigo
1043 1477 1108 1550 quin
1131 1485 1267 1552 gratanter
1288 1479 1317 1536 in
1345 1480 1445 1553 palatio
1473 1482 1614 1557 colligant,

83 1619 85 1628 .
103 1588 184 1644 super
203 1572 254 1628 mel
276 1582 302 1628 et
321 1572 421 1629 favum.
436 1569 593 1627 Offeramus
609 1584 670 1626 curn
692 1583 763 1641 apo·
820 1582 900 1638 quem
915 1565 1060 1640 dignanter
1072 1566 1101 1623 in
1111 1568 1279 1640 sterquilinio
1292 1568 1412 1629 vinitam.
1426 1571 1548 1645 Denique
1562 1574 1614 1629 lte-

83 1677 95 1717 n
118 1661 220 1718 coelesti
244 1659 365 1716 conuiuio
384 1658 452 1714 etin
465 1658 607 1714 Dominica
620 1655 754 1714 mensale
782 1619 868 1712 Btati
896 1663 959 1712 sunt
982 1655 1016 1713 de
1038 1657 1234 1726 conversione:
1259 1664 1285 1715 et
1307 1658 1334 1714 in
1356 1658 1543 1733 assumptione
1561 1677 1617 1720 non

83 1749 139 1808 allis
153 1750 230 1820 (luc.
247 1764 328 1816 xxiv,
345 1748 402 1819 te).
416 1747 468 1803 llel
483 1747 510 1803 in
524 1760 597 1813 cera,
611 1745 719 1803 devotio
737 1745 764 1801 in
818 1742 987 1817 agnoscenti

83 1846 124 1894 ist.
140 1838 264 1909 Alioquin
284 1837 371 1894 littera
385 1836 491 1901 occidit,
503 1835 527 1891 si
540 1835 641 1906 absque
655 1833 767 1904 spiritus
856 1837 882 1888 8.
898 1833 954 1889 llos
963 1832 1054 1905 itaque
1068 1840 1133 1904 puto
1144 1834 1353 1892 intererandum
1364 1837 1467 1912 alloqui
1478 1854 1617 1912 sponsam,

83 1935 142 1983 anto
174 1926 296 1999 glutieris
325 1927 363 1996 (ll
392 1925 453 1983 Cor.
486 1939 529 1996 ιιι,
558 1925 596 1996 o).
626 1924 655 1980 Si
678 1935 766 1982 autem
820 1930 847 1977 et
869 1920 948 1994 Ipsis,
971 1928 1099 1995 tanquam
1121 1924 1214 1994 sponsi
1239 1924 1395 1983 domesticis
1418 1943 1450 1983 ac
1464 1927 1615 1987 sodalibus.

83 2015 164 2072 lcum
185 2015 315 2091 apostolo
342 2013 439 2086 psallas
479 2013 587 2085 spiritu,
614 2012 714 2084 psallas
740 2021 768 2070 et
821 2010 987 2068 desiderium
1005 2010 1095 2068 cordis
1117 2011 1159 2067 sui
1173 2012 1289 2083 aperire,
1306 2029 1368 2069 cnm
1391 2014 1428 2071 ait
1447 2033 1454 2070 :
1470 2017 1620 2075 decutetur

84 2103 112 2175 (I
134 2104 194 2161 Cor.
219 2119 276 2169 ιιι,
295 2102 357 2173 ιιι),
372 2116 523 2173 cognosces
545 2109 572 2156 et
595 2108 622 2157 tu
644 2101 680 2157 de
698 2100 769 2157 illius
822 2117 867 2159 ute
890 2101 984 2158 osculo
1005 2101 1063 2158 ovis
1082 2101 1136 2157 sui.
1152 2099 1186 2157 Et
1207 2100 1271 2157 uide
1294 2100 1425 2160 familiare
1447 2104 1621 2178 amicumque

92 2189 511 2261 aennonis,quemdixitiesns:
527 2189 768 2263 I'crbcquoelccu-
823 2188 986 2261 colloquium
1010 2188 1108 2243 animae
1130 2189 1253 2245 iocerne
1274 2189 1436 2263 suspirantis
1455 2209 1517 2250 cum
1540 2195 1621 2251 coele·

83 2281 195 2344 scobis,
210 2282 329 2353 spiritus
344 2283 371 2334 ct
386 2279 444 2335 vito
462 2281 530 2333 suut
545 2279 636 2346 (icon.
651 2295 691 2343 ιι,
707 2281 768 2349 bip:
825 2276 910 2332 stibus
933 2275 1120 2347 potestatibus.
1136 2275 1226 2332 Gestit
1239 2275 1267 2334 iu
1282 2278 1384 2346 oscula,
1400 2280 1468 2353 petit
1485 2283 1557 2354 quod
1570 2298 1621 2339 cu·

83 2383 190 2439 tquem
215 2366 330 2437 legimus
345 2364 452 2420 dicente
472 2364 609 2434 Sapientia
625 2381 632 2420 :
649 2365 771 2438 Spiritus
825 2365 882 2436 ιιι,
907 2370 1070 2420 nontamen
1094 2365 1215 2421 nchnat
1238 2382 1320 2438 quem
1348 2377 1437 2435 amat:
1466 2371 1530 2443 quia
1557 2369 1623 2428 illos

83 2455 226 2528 spumet
241 2455 331 2511 dulcia
348 2453 445 2524 (dccli.
462 2468 544 2519 xxiv,
559 2456 603 2521 il)
824 2467 904 2508 nosse
918 2466 973 2509 non
986 2452 1099 2522 dubitat,
1115 2461 1210 2524 utpote
1229 2454 1264 2510 de
1279 2470 1334 2526 quo
1352 2456 1403 2512 sihi
1417 2455 1543 2530 frequens
1559 2476 1623 2517 cum

83 2558 101 2599 ‚c
112 2541 292 2600 delectabitur
310 2542 338 2596 iu
353 2539 532 2597 crassitudine
559 2540 648 2594 anima
662 2545 718 2604 tua,
733 2535 773 2593 sic
825 2540 878 2596 illis
899 2539 985 2597 soleat
997 2556 1059 2598 esse
1082 2541 1275 2598 confabulatio.
1296 2543 1443 2615 Propterea
1460 2561 1514 2604 non
1534 2546 1622 2605 dicit:

82 2642 161 2689 tatum
189 2639 263 2687 tuum
288 2632 390 2701 pingue
404 2627 461 2684 fiet.
476 2628 522 2684 Sic
536 2626 654 2698 placabis
666 2641 771 2697 regem,
826 2628 1022 2686 Osculeturme
1032 2628 1077 2684 ille
1087 2629 1128 2684 vel
1139 2630 1184 2686 ille
1193 2647 1200 2696 ;
1209 2630 1276 2688 aad:
1291 2631 1441 2690 Osculctur
1450 2652 1496 2693 mc
1506 2644 1621 2705 tantum:

83 2720 153 2776 cabis
174 2718 353 2792 prinpribus,
368 2717 407 2773 sic
426 2716 542 2788 deniqne
562 2725 644 2772 totam
661 2714 709 2772 tibi
724 2731 771 2771 cu·
826 2719 894 2773 sicut
908 2725 935 2773 et
948 2716 1031 2774 uaria
1049 2718 1206 2790 lfagdaleua
1217 2734 1273 2775 non
1285 2720 1454 2791 exprimebat
1467 2739 1500 2779 cx
1515 2724 1624 2781 nomine

83 2808 229 2866 scaevolam
244 2807 398 2872 reddcs;'et
412 2803 516 2861 odorati
529 2804 640 2862 odorem
653 2802 772 2859 suavita·
825 2822 905 2879 quem
927 2813 1070 2878 quaereret,
1085 2805 1133 2862 sed
1149 2813 1250 2862 tantum
1268 2808 1356 2865 aiebat
1370 2809 1397 2869 ei
1411 2827 1493 2884 quem
1513 2813 1626 2884 putabat

83 2894 230 2967 celestibus,
246 2895 279 2951 de
294 2905 321 2952 te
338 2908 446 2967 quoque
459 2893 567 2950 dicent:
583 2893 649 2961 Quae
663 2896 704 2949 est
719 2894 776 2949 isto
791 2895 814 2974 Β
828 2895 1019 2951 hortulanum:
1035 2896 1161 2963 homine,
1178 2897 1204 2952 si
1224 2899 1258 2954 tu
1274 2899 1422 2956 sustulisti
1440 2916 1506 2958 eum
1529 2901 1623 2973 (locu.

83 2985 182 3042 :cendit
194 3000 246 3056 per
259 2984 411 3053 desertum,
427 2982 501 3038 sicut
515 2983 625 3054 uirputc
638 2983 723 3054 sumi,
739 2996 775 3036 ec
828 2999 879 3057 xx,
894 2981 951 3056 lb).
967 2980 1054 3050 Quem
1065 2985 1149 3042 cumi
1162 2985 1223 3040 Non
1237 2984 1324 3056 aperit
1334 3004 1342 3059 3
1352 2987 1418 3060 qnia
1430 2990 1520 3060 palam
1537 2992 1625 3047 omni-

83 3074 152 3131 tibus
167 3072 291 3146 myrrha
306 3077 334 3130 et
349 3071 452 3142 thuris,
468 3075 495 3127 et
509 3073 637 3128 unicust·
650 3071 774 3143 pulueris
828 3073 878 3128 bus
890 3087 952 3129 esse
963 3072 1059 3141 credit,
1074 3072 1174 3145 quoda
1187 3087 1238 3129 suo
1253 3074 1336 3130 corde
1351 3075 1445 3131 necad
1457 3080 1625 3134 momentum

83 3163 162 3219 ttorii
175 3162 270 3234 (Ceut.
288 3176 329 3231 ιιι,
347 3161 398 3229 ili
412 3161 569 3235 Principes,
580 3159 675 3231 inquit,
690 3159 772 3230 tudo,
827 3160 953 3218 recedere
976 3168 1074 3232 potest.
1095 3160 1134 3217 Ita
1157 3171 1268 3233 ergoet
1286 3161 1338 3219 ista
1352 3163 1464 3236 loquens
1485 3164 1626 3223 sodalibus

83 3267 174 3320 crum,
184 3254 327 3324 principes
337 3250 621 3324 Zabulou,principes
631 3251 775 3322 Neptclt'uu
828 3249 922 3321 spousi
939 3246 993 3314 sui,
1013 3255 1140 3320 tanquam
1161 3249 1278 3307 consciis
1297 3258 1323 3306 ct
1345 3251 1446 3324 quibus
1460 3269 1490 3310 se
1514 3264 1626 3314 noverat

83 3340 227 3411 aarum),
245 3342 296 3396 hoc
310 3349 351 3395 est
365 3337 559 3406 confitentium,
569 3336 773 3396 continentium,
828 3332 1007 3404 manifestam,
1032 3334 1115 3394 tacito
1136 3337 1246 3395 nomine
1269 3347 1380 3410 repente
1402 3341 1428 3396 iu
1453 3343 1512 3400 hec
1526 3343 1560 3401 de
1582 3344 1625 3399 di·

83 3430 227 3502 rplantium.
246 3430 352 3484 Norunt
375 3427 506 3499 siquidem
528 3425 666 3498 principes
687 3423 775 3481 nostri
828 3426 900 3483 lecto
925 3424 1009 3483 verba
1030 3426 1206 3499 prorumpit:
1233 3427 1441 3488 Orcutaturmc
1458 3433 1625 3491 occuluerit

83 3532 117 3575 uo
140 3528 276 3590 acceptam
301 3532 361 3572 esse
385 3515 550 3588 psallentium
565 3513 772 3581 confessionem,
828 3517 885 3572 aui.
901 3516 940 3572 De
953 3529 1008 3588 quo
1016 3515 1074 3586 jam
1089 3516 1183 3572 osculo
1197 3515 1260 3572 nolo
1275 3531 1325 3573 vos
1339 3517 1438 3575 diutIns
1453 3522 1621 3593 protrahere,

83 3605 171 3663 ¹titium
197 3604 390 3678 fortitudinem,
406 3607 646 3678 contemplantium
668 3602 774 3675 purita-
828 3604 876 3661 sed
899 3620 1024 3662 sermone
1049 3603 1169 3660 crastino
1189 3604 1303 3662 audietis
1325 3606 1458 3678 quidquid
1484 3610 1625 3667 orantibus

83 3703 103 3753 :t
129 3694 238 3753 solliciti
265 3703 328 3750 sunt
354 3695 461 3768 exigere
481 3710 497 3749 a
520 3694 601 3750 nobis
623 3692 773 3749 istiusmodi
826 3692 906 3750 uobIs
919 3707 1068 3766 suggerere
1083 3691 1148 3748 mihi
1161 3691 1224 3748 inde
1243 3691 1396 3766 dignabitur
1416 3697 1508 3753 unctio
1521 3697 1626 3755 docens

84 3800 114 3842 as
142 3784 263 3855 spiritus,
279 3800 339 3856 quae
367 3783 488 3855 profecto
515 3797 570 3839 non
602 3781 674 3838 aliud
702 3789 773 3853 sunt,
829 3783 862 3838 de
875 3781 1011 3838 omnibus.
1026 3782 1123 3854 Neque
1136 3780 1208 3836 enlm
1228 3780 1280 3836 hoc
1298 3789 1432 3838 secretum
1448 3785 1546 3841 revelat
1560 3803 1625 3844 caro

81 3872 161 3947 primi
187 3880 213 3928 ct
238 3872 373 3943 purissimi
399 3873 500 3929 fructus
525 3869 671 3941 sapientiae.
696 3866 776 3938 Quod
828 3880 855 3926 et
869 3870 998 3945 sanguis:
1014 3870 1061 3926 sed
1077 3869 1100 3926 is
1114 3870 1162 3941 qui
1175 3877 1308 3925 scrutatur
1323 3870 1459 3943 profunde
1473 3873 1520 3930 Dei
1535 3875 1624 3948 SpIri·

83 3978 119 4021 on
135 3961 277 4036 ignoratis,
293 3962 379 4017 iudas
396 3962 513 4019 laudens
527 3960 570 4015 ιιι
583 3950 731 4030 confitear,
747 3964 775 4013 ct
828 3967 871 4015 tus
889 3955 1000 4016 mc
1015 3966 1131 4025 sanctus,
1147 3957 1195 4032 qui
1208 3975 1224 4015 a
1235 3959 1313 4016 Patre
1327 3959 1448 4033 I'ilinque
1464 3964 1626 4034 procedens,

83 4050 307 4111 :habitaculum
320 4051 513 4123 fortitudinis,
528 4048 662 4122 Neptalim
676 4064 774 4105 ceruus
826 4063 888 4104 cum
911 4047 979 4120 ipsis
993 4047 1092 4118 pariter
1106 4048 1171 4104 uiuit
1194 4056 1221 4105 ιι
1237 4057 1333 4123 regnat
1353 4048 1381 4105 in
1397 4054 1497 4109 saecula
1511 4056 1625 4111 saeculo-

83 4141 299 4211 sinterpretatur
315 4159 321 4198 :
343 4140 390 4212 qui
404 4139 529 4196 nimimm
558 4137 688 4213 agilitatis
715 4152 773 4193 suae
789 4173 813 4253 υ
828 4152 900 4194 rum.
913 4140 1011 4194 Amen.

83 4244 90 4283 t
108 4228 234 4300 exprimit
257 4229 420 4301 speculantis
434 4245 572 4296 excessus,
587 4228 635 4284 sed
649 4236 676 4283 et
689 4241 773 4297 opaca
1118 4224 1233 4282 SEIIIIO
1261 4224 1331 4284 vttt.

83 4331 119 4371 ue
147 4330 298 4383 nemorum,
333 4329 363 4376 ut
388 4317 432 4374 ille
456 4334 594 4383 sensuum,
623 4315 774 4374 consuevit.
831 4331 1296 4405 Quomopgpprogwpgm07p31pep
1309 4335 1624 4460 ,pqndqpapurspppppw

1373 4351 1383 4390 t

83 4409 189 4459 :aulem
201 4405 246 4475 qui
257 4405 371 4461 dixerit:
385 4406 563 4480 Sacrificium
578 4404 671 4464 laudis
686 4404 773 4463 bono·
862 4407 989 4470 sauctus,
1000 4419 1082 4486 querc
1091 4406 1216 4488 Ecclesia
1226 4404 1279 4460 sibi
1286 4408 1362 4477 petit
1390 4409 1435 4463 cri
1442 4407 1478 4464 od
1489 4411 1624 4466 notitiam

83 4494 105 4549 pp
119 4510 164 4551 m,
178 4492 265 4563 (pgap
281 4509 356 4560 mx,
372 4496 428 4566 23),
864 4479 973 4532 acuctoe
986 4476 1143 4532 Trmttotts.

83 4595 158 4636 erum
172 4580 194 4635 si
211 4595 265 4636 non
279 4588 319 4636 est
333 4581 455 4654 speciosa
476 4582 535 4639 laus
557 4580 584 4638 in
607 4597 655 4639 ore
677 4596 774 4652 pecca·
865 4584 889 4636 l.
907 4580 992 4638 llcdie
1005 4578 1093 4646 uobis,
1110 4579 1181 4636 sicut
1199 4580 1327 4637 hesterna
1346 4582 1524 4653 promissione
1547 4594 1623 4643 tenc-

83 4670 166 4727 Eccti.
191 4685 238 4740 xv,
255 4674 297 4742 9);
316 4685 405 4728 nonne
424 4668 652 4742 pernecessariam
671 4669 775 4725 habetis
828 4670 872 4737 tis,
889 4669 1052 4737 desummo,
1068 4668 1096 4723 id
1111 4676 1152 4725 est
1166 4669 1201 4725 de
1214 4669 1270 4725 oris
1283 4669 1389 4738 osculo,
1401 4672 1542 4746 disputare
1555 4690 1623 4747 pro-

83 4759 149 4816 rntiae
171 4759 309 4826 uirtutem,
326 4774 375 4829 per
403 4773 484 4832 quam
511 4756 557 4815 fiat
584 4767 614 4815 ut
641 4772 694 4814 non
727 4771 775 4812 re·
828 4756 947 4832 positum
961 4765 1012 4816 est.
1028 4755 1129 4815 Audite
1143 4756 1271 4815 attentius
1286 4760 1359 4831 quod
1373 4761 1445 4833 sapit
1466 4762 1614 4831 sutrinse

84 4857 208 4906 eccatum
231 4849 259 4904 in
283 4857 373 4903 uestro
399 4846 505 4903 mortali
526 4847 665 4920 corporei
691 4845 776 4902 Porro
829 4854 954 4921 gustatur
972 4846 1071 4915 rarius,
1086 4856 1113 4904 et
1131 4845 1291 4920 intelligitur
1310 4846 1455 4907 difficilius.
1471 4851 1535 4908 lilihi
1547 4844 1624 4910 atdess

83 4940 143 4996 ιιιίι
169 4955 224 4994 ιιι
252 4939 332 4994 hahet
362 4938 486 4993 meritum
512 4937 583 5007 apud
605 4937 701 5006 Deum,
717 4952 777 5008 quoe
829 4945 882 5003 tur,
909 4946 940 4992 nt
963 4937 1045 5010 paulo
1068 4935 1149 4993 altius
1167 4935 1300 5005 inchoem,
1326 4936 1465 4996 ineffabile
1488 4941 1625 5012 quoddam

83 5044 93 5082 ι
118 5027 232 5100 requirit
258 5028 411 5084 humanam.
437 5024 553 5099 Ideoque
570 5026 688 5084 maxiano
706 5042 777 5098 opus
829 5033 909 5097 atque
934 5026 1106 5099 inexpertum
1138 5025 1213 5083 omni
1241 5034 1371 5083 creature
1402 5029 1527 5086 osculum
1554 5030 1627 5088 desi·

83 5131 122 5171 am
146 5117 265 5188 puritate
285 5115 453 5185 intentionis,
466 5131 521 5190 qna
533 5116 587 5173 soli
599 5131 677 5172 mens
689 5124 778 5174 restra
831 5129 940 5187 guasse,
951 5114 998 5187 qni
1012 5115 1049 5170 ait
1064 5115 1167 5174 :Nemo
1182 5117 1261 5171 uouit
1275 5116 1392 5182 Filium,
1407 5118 1468 5176 uisi
1480 5119 1583 5188 Pater,-
1598 5125 1626 5177 ιι

83 5211 89 5258 ι
112 5203 218 5276 placere
243 5211 363 5276 appetat,
379 5216 405 5260 et
425 5205 511 5262 ualeat
524 5204 666 5261 inhaerere.
680 5204 776 5276 Neque
831 5204 1189 5270 mmoumtttutremmist
1195 5204 1528 5270 l'tttusputcutnctuertt
1536 5210 1627 5266 Filius

83 5290 148 5348 iliud
169 5299 211 5348 est
231 5293 365 5350 inhaerere
387 5294 455 5361 Deo,
471 5308 552 5365 quam
567 5292 657 5349 videre
670 5293 773 5364 Deum,
832 5292 958 5351 recalere
974 5292 1086 5360 (lfctth.
1106 5307 1143 5360 ιι,
1159 5291 1215 5363 at).
1233 5291 1311 5348 Pater
1325 5295 1398 5350 enlm
1417 5295 1627 5373 eitigitlihum,

83 5381 125 5439 ›lis
138 5383 360 5443 mundicordibus
372 5382 501 5456 singulari
513 5381 639 5439 felicitate
652 5382 777 5441 donatur.
833 5388 860 5438 et
880 5379 1012 5454 singulari
1030 5380 1179 5438 dilectione
1198 5380 1375 5453 amplectitur,
1397 5401 1518 5444 summus
1541 5396 1629 5462 mqua-

83 5471 180 5530 tndnm
194 5473 313 5530 habebat
327 5472 424 5541 Dauid,
439 5472 485 5546 qui
502 5471 610 5530 dicebat
623 5473 680 5531 Deo
696 5491 704 5532 :
719 5473 778 5532 lc·
832 5467 897 5537 lem,
917 5477 1035 5528 aeternus
1057 5476 1235 5536 coeternum,
1257 5485 1330 5528 unus
1347 5473 1469 5534 unicum.
1483 5476 1535 5534 Sed
1557 5479 1629 5536 enlm

83 5581 203 5638 Parnon.
224 5580 396 5640 CLXXXIII.
1505 5586 1544 5640 ιθ
