3734 5948
739 216 909 279 stauoltas
941 219 976 280 tlt
994 218 1144 281 umatus.

125 218 194 279 tota
1701 225 1769 287 tuat

159 346 187 399 t.
199 342 286 398 tlenm
303 339 416 413 proinde
429 341 564 409 meritum,
580 342 717 401 miseratio
731 344 848 401 Domini.
858 344 919 402 Non
937 359 960 438 fl
978 352 1031 401 est.
1042 344 1100 401 Hoc
1113 362 1207 401 aurum
1219 347 1396 417 semetipsum
1410 347 1584 419 decoloravit,
1601 352 1773 410 abscondens

124 432 205 504 plane
218 447 278 487 auru
291 429 379 486 meriti
398 429 487 503 inops,
509 430 629 502 quaudiu
647 431 693 488 ille
705 432 918 490 {miserationum
978 434 1091 491 termam
1111 436 1171 502 Dei,
1192 446 1217 492 et
1233 437 1346 492 lormam
1361 436 1429 492 servi
1453 437 1634 507 protendens.
1654 440 1773 497 Decolo-

125 535 180 577 uoa
203 519 291 576 tuerit.
320 516 398 585 Quod
423 520 457 574 si·
471 519 662 597 misericordiae
686 520 795 577 Domini
816 522 916 593 multae,
973 523 1040 578 ravit
1055 532 1081 578 et
1096 524 1253 589 Ecclesiam,
1271 541 1331 596 quae
1346 524 1382 580 ait
1398 541 1404 577 :
1422 525 1514 583 Nolite
1532 543 1577 582 mc
1591 528 1772 586 considerare

125 610 226 667 multus
240 606 416 664 nibilominus
429 623 482 679 ego
506 608 534 663 iu
553 609 659 664 meritis
674 625 744 665 sum.
760 607 832 678 Quid
847 611 919 666 enim
972 611 1044 683 qaod
1052 613 1135 683 saaca
1149 615 1213 682 aim,
1230 613 1297 685 quin
1311 613 1481 671 decoloravit
1496 630 1542 671 me
1555 615 1596 670 sol
1611 613 1735 683 (Contio.
1748 632 1768 683 ι,

122 698 145 751 si
165 697 309 752 maltorum
325 695 376 752 sim
391 695 457 751 mihi
472 696 598 752 conscius
613 697 800 756 delictorum?
817 699 919 770 Nempe

121 787 168 842 ubi
189 784 336 842 abundavit
365 785 504 852 delictum,
534 787 766 859 superabundavit
791 789 918 861 etgratia

123 877 211 944 (Rom.
228 891 257 940 v,
272 875 328 941 20).
345 873 415 928 Etsi
434 875 627 932 misericordiae
646 876 754 933 Domini
768 877 803 932 ab
817 885 917 935 aeterao

119 973 146 1018 et
159 978 246 1034 usque
273 961 301 1016 iu
329 969 461 1018 aeteruum
489 963 578 1035 (Paul.
599 966 916 1040 crr‚17),ogoquoque

121 1050 321 1107 misericordias
346 1050 453 1107 Domini
477 1051 504 1106 ia
527 1059 658 1109 aeteruum
678 1053 793 1110 cantabo
821 1053 914 1123 (Ptol.

122 1155 261 1211 uxxxvru,
277 1141 317 1209 a).
332 1140 459 1211 Nnuqnid
469 1140 588 1210 justitias
604 1143 696 1198 meast
717 1142 844 1209 Domine,
860 1160 915 1200 me

972 698 1011 770 5).
1027 700 1098 774 Ergo
1112 708 1139 756 et
1153 700 1303 771 posteriora
1313 700 1397 772 ipsius
1410 700 1438 755 iu
1451 701 1554 773 pallore
1570 702 1638 769 auri,
1654 702 1741 775 quael
1757 733 1770 746 ·

972 804 1045 843 scum
1071 805 1124 845 uon
1148 789 1257 846 erubuit
1286 789 1383 856 erucis,
1408 789 1545 846 ustionem
1565 789 1700 860 passionis
1714 807 1769 848 uon

971 877 1085 947 horruit,
1101 877 1212 936 livorem
1231 878 1370 934 vulnerum
1390 894 1445 935 noa
1461 878 1569 949 relegit.
1585 879 1673 936 Etiam
1687 896 1768 936 cum-

970 965 1056 1036 placet
1071 965 1121 1021 sibi
1136 965 1162 1020 in
1179 965 1241 1032 illis,
1257 974 1284 1020 et
1305 971 1379 1037 optat
1405 967 1552 1023 novissima
1580 984 1629 1024 sus
1644 969 1703 1025 iore
1717 970 1767 1025 ho·

969 1070 1029 1109 rum
1043 1054 1147 1109 similia.
1163 1055 1266 1110 ldcirco
1289 1055 1405 1128 denique
1429 1057 1503 1113 audit
1519 1074 1526 1111 :
1545 1058 1679 1114 Columba
1701 1076 1766 1116 mco

969 1144 1001 1199 io
1014 1143 1203 1214 foraminibus
1218 1149 1318 1216 petro,
1336 1145 1409 1217 quod
1432 1145 1460 1200 in
1484 1146 1583 1202 Christi
1607 1148 1764 1204 vulneribus

120 1230 248 1284 morabor
272 1227 386 1296 Justitiae
406 1238 459 1285 tuae
486 1229 571 1286 solius
585 1228 673 1301 (Paul.
687 1245 756 1299 ιιι,
774 1231 830 1300 tt).
855 1232 916 1302 ipsa
969 1238 1024 1287 tota
1039 1231 1182 1287 devotione
1195 1239 1326 1303 versetur,
1343 1240 1368 1287 et
1382 1232 1441 1306 jugi
1455 1233 1627 1290 meditatione
1640 1234 1766 1292 demore-

121 1324 162 1371 est
176 1315 247 1370 enim
262 1324 289 1371 et
303 1331 378 1381 mea;
398 1332 495 1388 nempe
510 1316 598 1373 lactus
616 1333 646 1371 es
660 1316 726 1372 mibi
742 1324 770 1373 tu
782 1318 913 1387 justitiae
969 1327 1011 1376 tur
1025 1320 1053 1374 iu
1067 1318 1129 1375 illis.
1145 1319 1211 1375 lade
1225 1320 1346 1391 martyrii
1361 1321 1512 1391 tolerantia,
1529 1322 1591 1379 iude
1609 1323 1648 1379 illi
1665 1339 1763 1399 magna

120 1405 187 1460 Deo.
201 1403 329 1476 Nunquid
344 1404 409 1459 mibi
421 1404 577 1473 verendum,
594 1420 627 1462 ne
642 1420 697 1461 non
711 1421 764 1461 una
782 1407 915 1464 ambobus
969 1406 1066 1464 fiducia
1080 1407 1152 1478 apud
1166 1407 1254 1465 Deum
1269 1408 1437 1465 altissimum.
1451 1410 1511 1466 Noa
1524 1419 1566 1467 est
1579 1412 1652 1484 quod
1667 1428 1763 1470 verea-

119 1492 252 1549 sulficiatl
280 1493 339 1549 Non
359 1503 401 1550 est
420 1494 528 1565 pallium
553 1495 644 1560 breve,
661 1495 748 1566 quod,
765 1496 912 1551 secundum
970 1504 1013 1550 tur
1027 1503 1127 1569 martyr
1152 1512 1315 1568 exsanguem
1345 1496 1506 1571 lividamque
1538 1500 1630 1556 levare
1651 1501 1684 1556 ad
1700 1517 1762 1558 eum

90 1634 92 1643 ,
118 1584 354 1653 propnetamnon
363 1583 450 1655 possit
461 1582 568 1655 operire
578 1584 648 1639 duos
658 1583 736 1655 (lsai.
744 1588 911 1658 insultabo).
970 1583 1169 1653 inclamamus
1189 1583 1273 1640 livore
1297 1592 1406 1641 sanatus
1431 1592 1481 1651 est,
1499 1585 1645 1656 gloriosam
1660 1601 1762 1655 reprae-

117 1670 224 1726 tustitla
239 1680 294 1738 tua,
308 1670 416 1740 justitia
430 1671 457 1726 in
472 1679 606 1728 aeteruum
620 1672 710 1744 (Paul.
727 1687 825 1738 cnvru,
840 1674 912 1745 tta).
934 1635 1077 1727 Bsentare
1092 1671 1292 1728 similitudinem
1313 1672 1408 1728 mortis
1422 1672 1492 1742 ejus,
1509 1673 1603 1744 utique
1617 1675 1644 1730 iu
1660 1675 1763 1746 pallore

122 1758 193 1826 Quid
204 1760 315 1833 lougius
329 1760 496 1816 aeternitate?
507 1761 542 1816 Et
557 1769 583 1815 te
597 1760 698 1829 pariter
712 1769 739 1817 et
754 1776 796 1816 me
806 1761 914 1835 operiet
969 1761 1037 1816 auri.
1053 1760 1123 1829 Quid
1146 1767 1271 1816 vereatur
1292 1761 1336 1817 cui
1359 1761 1439 1818 etiam
1465 1778 1481 1817 a
1507 1762 1625 1820 Domino
1639 1761 1761 1842 dicituro

118 1847 227 1918 largiter
240 1847 316 1921 larga
338 1855 366 1903 et
394 1854 495 1903 aeterua
506 1848 629 1917 justitia.
645 1849 678 1904 lit
693 1848 719 1904 ia
735 1865 778 1905 me
802 1849 911 1922 quidem
966 1849 1087 1906 Ostende
1102 1850 1173 1905 anibi
1185 1850 1290 1920 sociem
1311 1855 1390 1906 tetam
1402 1851 1417 1904 .⁹
1429 1850 1474 1906 td
1488 1850 1553 1922 quid
1566 1852 1581 1907 i
1596 1852 1629 1907 Ut
1644 1852 1709 1907 mibi
1724 1852 1763 1908 vi·

117 1935 203 2006 operit
230 1935 427 1993 multitudinem
448 1945 632 2008 peccatomm3
647 1935 675 1992 in
691 1946 716 1993 le
731 1945 837 2010 autem,
852 1939 911 1996 Do·
964 1938 1053 2003 detur,
1069 1954 1099 1993 so
1114 1937 1198 2011 magis
1208 1937 1353 1994 ostendere
1367 1939 1433 1996 vult.
1451 1940 1491 1994 lta
1505 1949 1547 1996 est
1563 1957 1569 1993 :
1586 1940 1674 1996 videri
1690 1942 1762 2010 vult,

112 2023 194 2090 mine,
205 2023 270 2094 quid
285 2023 336 2079 uisi
351 2024 458 2095 pietatis
472 2024 626 2091 thesaurus,
637 2023 746 2082 divitias
762 2025 910 2084 bonitatis?
963 2041 1016 2083 uon
1032 2026 1135 2082 videre.
1159 2025 1230 2095 Quid
1254 2027 1328 2083 euim
1355 2027 1400 2083 ille
1413 2042 1467 2084 uon
1482 2027 1578 2083 videt?
1594 2028 1655 2084 Non
1680 2036 1721 2086 est
1736 2030 1761 2086 ei

112 2112 158 2168 llae
173 2111 198 2167 in
215 2111 391 2168 foraminibus
405 2125 490 2183 petrae
505 2114 630 2184 repositae
654 2113 729 2169 mihi.
746 2113 832 2184 Quam
848 2133 908 2172 ma·
962 2129 1033 2185 opus
1049 2124 1078 2168 nt
1096 2115 1156 2186 quis
1170 2114 1341 2180 seostendat,
1357 2131 1373 2171 a
1389 2129 1445 2188 quo
1460 2115 1562 2172 uilnon
1578 2114 1693 2184 videtur,
1710 2132 1761 2174 nec

110 2217 164 2272 gna
181 2200 324 2257 multitudo
338 2201 489 2258 dulcedinis
499 2211 552 2259 tuae
562 2202 590 2257 iu
600 2201 661 2268 illis,
672 2210 775 2274 operta
785 2204 908 2278 quidem,
962 2205 985 2261 si
1000 2222 1029 2261 se
1043 2205 1199 2262 abscondat.
1216 2203 1280 2261 Vult
1293 2219 1360 2277 ergo
1374 2204 1469 2271 videri,
1483 2205 1539 2259 vult
1555 2204 1690 2279 benignus
1703 2205 1759 2262 dux

111 2290 159 2344 sed
174 2291 200 2344 in
215 2289 258 2343 bis
272 2291 316 2359 qul
331 2296 444 2362 pereant
460 2288 578 2361 lthuid
603 2289 674 2345 enim
689 2298 810 2348 sanctum
829 2292 908 2349 detur
961 2292 1050 2349 devoti
1067 2293 1157 2348 militis
1174 2293 1278 2349 vultum
1293 2301 1320 2348 et
1341 2293 1436 2348 oculos
1456 2293 1483 2348 in
1508 2308 1557 2349 saa
1579 2293 1684 2349 sustolli
1701 2295 1760 2352 vol-

109 2377 242 2443 canibus,
258 2378 300 2434 vel
324 2378 477 2451 margarita
497 2377 605 2447 porcis?
620 2378 705 2433 Nobis
720 2386 811 2436 autem
827 2396 908 2438 reve⁴

112 2468 176 2521 lavit
190 2467 265 2522 Deus
273 2482 321 2538 per
335 2465 465 2536 Spiritum
480 2482 568 2534 suum,
585 2469 665 2522 etlam
680 2477 706 2524 et
720 2469 819 2541 apertis
834 2469 908 2527 tora-

108 2555 229 2611 miuibus
242 2554 391 2611 introduxit
405 2555 433 2609 in
456 2565 559 2612 sancta.
579 2555 684 2624 Quanta
698 2558 725 2612 iu
744 2558 787 2613 bis
813 2560 906 2616 multi-

109 2645 174 2701 tudo
183 2643 344 2712 dulcedinis,
369 2644 508 2716 plenitudo
533 2648 635 2720 qratia,
647 2646 830 2721 perfectioque
849 2650 907 2704 vir-

109 2741 195 2790 tutum
205 2731 211 2787 l

144 2827 171 2878 o.
193 2823 242 2878 lbo
260 2822 325 2878 mibi
339 2823 373 2878 ad
397 2822 442 2879 illa
460 2822 500 2878 sic
515 2823 613 2879 retorta
633 2825 752 2895 cellaria,
769 2835 849 2900 atque
869 2829 903 2883 ad

962 2398 1035 2449 nem,
1046 2393 1076 2439 ut
1088 2382 1160 2437 illius
1174 2398 1209 2438 ex
1223 2381 1274 2437 boc
1288 2380 1407 2437 animum
1422 2381 1517 2454 erigat,
1535 2390 1561 2439 et
1574 2382 1699 2454 exemplo
1714 2383 1757 2438 sui

960 2470 1054 2525 reddat
1069 2470 1102 2524 ad
1119 2469 1286 2525 tolerandum
1301 2470 1449 2527 laetiorem.

992 2548 1022 2614 ⁸8.
1043 2559 1187 2615 Enimvero
1202 2574 1255 2615 nou
1279 2559 1374 2615 sentiet
1393 2561 1529 2624 suadem
1554 2560 1628 2615 illius
1647 2559 1757 2616 vulnera

958 2647 1117 2704 intuebitur.
1143 2649 1200 2702 Stat
1222 2655 1324 2719 martyr
1353 2647 1505 2718 tripudians
1528 2657 1554 2705 at
1574 2648 1755 2720 triumphans,

960 2741 1016 2793 toto
1039 2733 1101 2792 licet
1121 2735 1209 2791 lacero
1229 2749 1361 2806 corpore3
1377 2742 1404 2790 et
1431 2735 1546 2792 rimante
1568 2736 1651 2793 latera
1666 2735 1749 2804 lerro,

959 2838 1013 2878 non
1031 2823 1112 2879 modo
1128 2822 1244 2888 fortiter,
1266 2823 1357 2879 sedet
1379 2822 1506 2882 alacriter
1520 2840 1628 2881 sacrum
1642 2839 1658 2879 e
1673 2839 1754 2880 cerno

107 2910 319 2967 admonitionem
334 2913 473 2982 prophetae
484 2912 635 2986 relinquam
646 2913 776 2985 civitates,
788 2924 815 2971 et
826 2917 904 2974 hobi·
920 2909 942 2988 c
958 2927 1007 2967 sua
1028 2911 1209 2982 circumspicit
1235 2911 1344 2967 ebullire
1367 2927 1501 2968 amorem.
1527 2912 1578 2969 Ubi
1593 2926 1660 2982 erpo
1688 2919 1754 2968 tono

109 3000 173 3055 tabo
189 3000 301 3072 inpetro
314 3000 427 3072 (lencm.
439 3014 541 3068 xtvm,
554 3003 610 3073 28).
626 3003 680 3060 Ero
694 3003 770 3075 qnasi
781 3003 904 3061 columba

109 3086 249 3145 nidificans
266 3087 295 3143 in
311 3104 417 3146 summo
434 3105 481 3145 ore
501 3089 651 3156 foraminis,
676 3099 705 3148 ut
728 3109 790 3149 cum
810 3095 903 3166 aloyae

109 3178 213 3248 positas
222 3176 249 3231 in
260 3176 390 3234 toramine
402 3188 495 3249 pelrae,
504 3178 788 3247 transeunteDomino,
797 3196 904 3238 merear

107 3266 201 3321 saltem
219 3267 367 3336 posteriora
398 3267 460 3337 ejus
488 3266 645 3338 prospicere
670 3266 771 3336 (and.
795 3285 901 3340 xxxm,

108 3356 153 3419 Ὦ,
169 3356 226 3424 23).
242 3356 307 3408 Nam
336 3353 434 3409 taciem
454 3353 559 3424 stantis,
576 3354 602 3408 id
618 3363 661 3410 est
674 3355 901 3414 incommutabilis

105 3442 264 3509 claritatem,
291 3441 337 3512 qui
358 3441 456 3508 videat,
476 3441 528 3498 nisi
549 3441 595 3513 qui
622 3442 755 3500 introduci
768 3447 825 3516 jam
838 3462 899 3502 me·

105 3530 167 3597 ruit,
185 3546 240 3586 non
254 3531 282 3586 iu
297 3538 406 3602 sancta²
426 3531 475 3585 sed
501 3549 518 3586 n
534 3541 817 3593 sanctasanctorum?
843 3538 899 3593 Nec

102 3619 163 3676 vilis
179 3627 267 3673 manen
291 3628 336 3673 aaut
354 3618 547 3673 contemnenda
575 3621 751 3692 posteriorum
779 3631 898 3680 contem-

101 3710 194 3782 platio.
219 3708 380 3763 Constemuat
407 3707 545 3777 Herodes3
566 3724 617 3780 ego
645 3716 717 3765 tauto
733 3712 817 3786 magis
843 3728 897 3770 aon

102 3806 255 3863 conmmno,
270 3795 472 3869 quantomagis
486 3799 717 3872 contemptibilem
733 3815 763 3856 se
780 3804 897 3859 ostendit

102 3885 211 3942 Herodi.
228 3886 331 3941 liabent
345 3886 425 3940 etiam
454 3885 557 3956 aliquid
572 3898 599 3940 et
619 3887 767 3958 posteriora
789 3890 895 3946 Domini

100 3976 173 4047 quod
203 3976 295 4032 videre
317 3975 442 4032 delectet.
471 3972 538 4042 Quis
565 3976 615 4032 scit
637 3977 659 4030 si
674 3986 846 4032 convertatur
868 3988 895 4035 et

96 4052 227 4135 'ignoscat
241 4065 325 4131 Deus,
339 4071 366 4119 et
381 4064 516 4135 relinquat
531 4070 591 4134 post
612 4079 641 4119 se
656 4063 895 4122 benedictionem?

101 4152 159 4209 Erit
174 4168 235 4209 cum
263 4154 388 4210 ostendet
411 4152 504 4208 iaciant
533 4168 621 4219 salam,
641 4162 668 4208 et
693 4153 760 4208 salvi
779 4155 893 4212 erimus.

958 3001 1047 3055 anima
1065 3000 1216 3071 martyris?
1238 3000 1341 3070 Nempe
1360 2999 1388 3053 in
1403 3007 1471 3069 tulo,
1495 3015 1593 3072 nempe
1619 2999 1646 3053 iu
1665 3007 1752 3070 petra,

957 3103 1055 3158 nempe
1072 3088 1100 3142 iu
1114 3087 1265 3142 visceribus
1278 3088 1353 3153 lesu,
1380 3087 1535 3143 vulneribus
1550 3087 1678 3142 nimirum
1700 3103 1750 3157 pa·
1805 3139 1807 3144 ,

957 3178 1076 3232 tentibus
1092 3177 1123 3231 ad
1135 3175 1338 3231 introeundum.
1351 3174 1379 3229 Si
1394 3175 1421 3230 in
1436 3174 1493 3231 suis
1505 3186 1578 3233 esset
1590 3176 1749 3241 visceribus,

956 3274 1080 3320 strumus
1096 3279 1129 3320 ea
1152 3262 1253 3320 terrum
1274 3263 1392 3334 prolecto
1414 3263 1545 3335 sentiret3
1561 3263 1682 3322 dolorem
1696 3279 1749 3320 non

955 3352 1048 3419 ferret,
1079 3353 1277 3420 succumberet,
1301 3360 1329 3409 et
1351 3361 1473 3425 negaret.
1498 3356 1576 3410 Nunc
1607 3363 1697 3412 aulem
1722 3355 1750 3411 in

954 3451 1031 3515 petra
1050 3443 1187 3509 babitans,
1204 3443 1267 3513 quid
1281 3443 1378 3499 mirum
1393 3443 1416 3499 si
1430 3443 1458 3500 iu
1475 3444 1585 3501 modum
1601 3452 1684 3517 petrae
1696 3445 1749 3500 du·-

954 3531 1063 3588 rucrit?
1078 3531 1130 3587 Sed
1149 3531 1307 3602 usquehuc
1329 3531 1436 3597 mirum,
1462 3532 1485 3587 si
1499 3533 1576 3588 exsul
1595 3548 1611 3587 a
1634 3547 1749 3602 corpore

953 3620 1060 3676 dolores
1071 3634 1126 3675 noa
1141 3619 1237 3675 sentiat
1251 3621 1383 3689 corporis.
1400 3621 1495 3691 Neque
1509 3619 1561 3676 hoo
1570 3619 1633 3676 facit
1642 3629 1747 3691 stupor,

951 3711 997 3766 sed
1016 3724 1101 3765 amor.
1118 3708 1289 3764 submittitur
1311 3707 1381 3762 euim
1404 3723 1511 3774 sensata,
1532 3721 1586 3762 nou
1604 3706 1745 3764 amittitur.

950 3799 1009 3854 Nec
1023 3798 1100 3852 deest
1118 3795 1206 3866 dolor,
1232 3796 1280 3851 sed
1307 3801 1458 3866 superatur,
1488 3795 1537 3851 sed
1551 3795 1747 3864 contemnitur,

951 3887 1023 3953 Ergo
1039 3901 1072 3939 ex
1086 3892 1161 3955 petra
1176 3883 1301 3956 martyris
1317 3883 1456 3951 tortitudo,
1474 3884 1538 3941 iude
1552 3885 1632 3956 plane
1646 3891 1745 3957 puteus

949 3974 982 4029 ad
997 3973 1141 4030 bibendum
1155 3972 1266 4029 calicem
1281 3973 1400 4029 Domini.
1416 3973 1449 4028 Et
1462 3972 1533 4029 calix
1547 3973 1591 4030 hic
1605 3973 1745 4029 inebrians

950 4077 1031 4136 qaam
1047 4062 1190 4134 praeclarus
1204 4059 1262 4115 estl
1279 4061 1365 4130 (Paul.
1380 4076 1455 4131 ιιιι,
1472 4062 1513 4132 5.)
1529 4061 1684 4128 Praeclaram,
1701 4062 1745 4117 iu-

951 4167 1042 4221 quam,
1062 4156 1144 4221 atque
1162 4148 1301 4222 jucundus
1325 4164 1378 4204 uon
1391 4151 1485 4205 'minus
1510 4151 1667 4219 imperatori
1682 4165 1746 4221 spe-

103 4241 158 4297 Soo
175 4240 281 4297 interim
298 4241 442 4311 praeventae
456 4241 542 4298 nosin
554 4242 789 4300 benedictionibus
803 4245 898 4302 dialce-
914 4257 936 4334 ῃ
951 4239 1043 4306 canati,
1065 4254 1144 4309 qoam
1164 4236 1240 4293 militi
1265 4237 1449 4308 triumphanti.
1478 4236 1614 4292 Goooiom
1644 4237 1744 4292 etenim

102 4330 185 4396 dinis,
201 4329 254 4384 illis
268 4329 361 4401 ntique
375 4346 442 4400 qaas
457 4340 518 4403 post
532 4349 560 4388 se
581 4333 731 4404 relinquero
744 4335 896 4392 consuevit,
950 4327 1070 4394 Domini,
1091 4326 1218 4383 tortitudo
1232 4333 1329 4383 nostra
1343 4327 1384 4397 (ll
1395 4326 1476 4383 Dsdr.
1492 4340 1554 4395 vau,
1572 4325 1627 4397 to).
1643 4323 1743 4396 Quidni

103 4419 181 4473 Nunc
210 4416 374 4489 dignationis
396 4432 452 4472 suae
472 4421 621 4488 posteriora
637 4422 813 4490 demonstret,
830 4423 897 4480 alias
950 4417 1068 4490 gaudeat
1081 4418 1114 4472 ad
1128 4431 1223 4475 vocem
1239 4414 1390 4473 iorlissimae
1405 4414 1606 4470 consessionis?
1622 4415 1745 4486 Denique

101 4507 128 4562 in
162 4505 250 4581 gloria
274 4504 415 4577 dignitatis
431 4503 525 4562 taciem
552 4523 626 4563 suam
652 4509 895 4569 demonstraturus.

100 4595 228 4651 Sublimis
242 4593 269 4648 in
292 4607 389 4665 regno,
408 4593 455 4648 sed
470 4594 563 4651 suavis
578 4596 604 4651 io
627 4612 716 4653 cruce.
743 4600 773 4653 lu
786 4600 838 4656 hac
852 4617 895 4658 me

100 4683 203 4742 visione
220 4681 414 4753 praeveniatin
431 4681 476 4736 illa
488 4683 643 4756 adimpleat.
661 4685 830 4759 adimplebis
840 4705 894 4758 mc,

101 4772 146 4833 ait.
172 4772 276 4828 laelltt'n
290 4786 356 4827 cum
372 4770 455 4828 uoltu
471 4775 520 4828 tao
535 4773 622 4840 (Paul.
639 4785 688 4839 xv,
705 4773 760 4846 tl).
776 4776 895 4850 Utraque

102 4861 171 4918 visio
187 4858 322 4923 salutaris,
337 4867 451 4929 utraque
472 4860 578 4932 suavis;
604 4862 653 4916 sed
667 4863 712 4917 illa
727 4863 753 4919 in
768 4865 895 4921 sublimi-

100 4955 163 5014 tate,
179 4946 230 5005 ista
254 4947 281 5001 in
311 4946 481 5013 bumilitate,
497 4946 542 5002 illa
567 4949 594 5004 in
617 4949 772 5023 splendore,
791 4953 849 5010 haec
866 4952 895 5010 iu

100 5037 266 5108 palloreest.

138 5124 250 5184 1411
265 5130 292 5182 7.
309 5128 428 5200 Denique
438 5128 579 5202 inquitltt
589 5130 895 5204 posteriorodorsicjus

100 5231 133 5270 m
146 5216 257 5287 pallore
270 5219 337 5273 nari
356 5219 443 5287 (Ptol.
459 5234 545 5284 uxvu,
572 5216 627 5289 at).
642 5216 785 5288 Quomodo
799 5233 851 5276 non
866 5219 893 5275 in

101 5312 189 5360 morte
217 5306 379 5378 pallescat?
400 5307 455 5362 Sed
479 5307 576 5364 arelius
593 5308 800 5377 pallens-aurum
813 5326 894 5382 quam

101 5391 512 5468 iulgeusaurichalcumetquod
525 5382 632 5453 stultam
641 5397 894 5468 estDeisapientins

100 5482 321 5540 esthaminibus.
346 5484 452 5541 durum
475 5485 601 5554 Verbum,
632 5502 726 5542 aarum
757 5487 893 5558 Sapientia

948 4514 977 4562 et
991 4505 1102 4577 requirit
1113 4521 1172 4560 cam
1186 4520 1248 4561 cum
1262 4502 1399 4559 desiderio
1416 4518 1423 4557 :
1440 4503 1534 4572 Soram,
1545 4502 1679 4574 inquiens,
1691 4521 1745 4561 auc

950 4599 1000 4651 tua
1019 4597 1050 4652 in
1064 4593 1181 4650 namtas
1194 4593 1275 4650 meis.
1289 4594 1344 4647 Nec
1357 4589 1526 4648 caecabitur
1541 4594 1691 4663 rependere
1704 4592 1745 4648 ai-

948 4697 1006 4739 oem
1022 4680 1171 4736 secuudum
1185 4696 1259 4736 suam
1277 4679 1483 4752 promissionem
1500 4701 1507 4740 ι
1528 4681 1654 4738 continuo
1670 4690 1699 4738 ut
1714 4698 1744 4737 se

949 4771 1089 4828 confessus
1118 4769 1199 4826 luerit
1221 4785 1313 4827 coram
1335 4770 1499 4838 bominibus,
1525 4771 1697 4848 confitebitur
1717 4780 1745 4828 et

949 4859 1009 4932 ipse
1023 4876 1085 4916 eum
1100 4877 1190 4916 coram
1205 4861 1284 4916 Patre
1307 4877 1356 4916 suo
1371 4859 1484 4933 (llnttlt.
1501 4876 1531 4928 ι,
1547 4862 1603 4934 32).
1620 4861 1743 4932 Rumpo-

949 4964 1009 5005 mus
1030 4964 1197 5017 serrooncm,
1213 4965 1263 5005 nce
1291 4949 1364 5005 euim
1388 4957 1478 5022 potest
1497 4947 1568 5005 liniri
1595 4948 1694 5019 modo;
1710 4966 1744 5006 ae

949 5041 983 5096 sit
1002 5039 1061 5095 sine
1077 5039 1166 5109 modo,
1181 5041 1202 5094 si
1219 5050 1314 5096 cuncta
1327 5055 1388 5112 qnae
1401 5039 1489 5095 adbuc
1504 5055 1536 5095 ex
1550 5037 1690 5110 proposito
1703 5055 1745 5095 ca·

949 5128 1035 5201 pitulo
1051 5135 1153 5183 restant
1168 5143 1222 5183 uno
1241 5128 1292 5184 isto
1314 5129 1429 5185 velimus
1450 5142 1576 5184 sermone
1591 5127 1742 5200 complecti.

949 5217 1022 5291 Ergo
1043 5215 1114 5286 quod
1127 5222 1249 5285 superest
1261 5232 1400 5272 servemus
1414 5215 1546 5288 principio
1561 5215 1649 5283 alteri,
1666 5224 1695 5272 ut
1709 5218 1744 5271 dc

949 5316 1041 5362 notro
1056 5321 1121 5360 saue
1135 5312 1161 5362 et
1175 5307 1256 5362 verbo
1271 5315 1297 5361 et
1308 5307 1388 5361 inodo
1402 5307 1518 5373 pendeat
1527 5322 1641 5378 sponsus
1651 5306 1745 5363 Eccle-

949 5393 996 5450 sim
1012 5395 1089 5449 lusus
1117 5393 1238 5449 Christus
1262 5396 1394 5451 Dominus
1412 5403 1511 5463 noster,
1531 5397 1576 5469 qni
1602 5405 1743 5468 estsuper

948 5483 1038 5541 omnin
1054 5483 1125 5538 Deus
1140 5482 1296 5540 benedictus
1315 5483 1462 5543 insaecula.
1479 5487 1575 5545 Amen.
