3734 5948
103 197 173 258 lilii

729 182 901 245 stuuulills
920 179 953 240 Hi
972 180 1120 239 Cle'lfld.

1677 184 1747 246 filil

102 323 265 389 lilin,donec
279 319 495 392 uspirctdiea,et
512 318 691 372 inclinentur
704 313 896 370 umbroe:non
913 305 1119 398 flalterutrum,
1147 305 1290 361 dementiae
1317 314 1366 361 est.
1383 305 1435 363 Sed
1456 308 1518 365 vide
1541 325 1574 366 ne
1597 309 1666 368 forte
1680 311 1747 369 alias

102 413 320 469 incantamenta
349 410 452 464 utrovis
480 408 614 477 assignas.
635 405 691 459 lloc
710 416 775 457 sane
801 400 893 459 refert.

102 501 176 572 quod
197 501 282 556 donec
301 499 323 554 si
339 497 426 568 primo
442 494 577 564 junxeris,
602 491 761 547 inclusivum
790 495 896 559 oportet

103 587 239 659 intelligas
252 605 259 653 ;
273 589 295 642 si
311 586 411 649 medio,
428 584 594 639 exclusiaum
609 581 709 636 sentias
723 594 832 635 necesse
843 584 893 633 est.

101 676 165 732 Esto
180 690 277 744 nempe
291 675 363 746 qnod
377 673 504 744 designat
522 686 639 745 sponsus
665 671 738 740 prasci
750 670 807 739 jam
826 667 897 721 inter

102 764 168 833 titia,
182 764 228 818 arbi
254 762 418 834 aspiraverit
437 762 509 817 dies:
527 759 650 832 nunquid
665 759 787 813 similiter
801 772 895 813 cessa-

102 852 231 907 bituriam
253 865 361 922 sponsae
374 849 512 904 intendere
527 858 572 903 aut
590 847 650 918 ipsa
665 847 702 901 illi
718 847 731 901 ‘l
753 845 845 900 Absit!
864 846 894 897 ln

101 950 233 996 aetornum
248 941 462 1011 perseverabunt
475 937 538 1001 sibi,
552 937 603 991 nisi
618 936 689 1007 quod
704 945 765 991 tunc
779 933 895 998 felicius,

101 1045 161 1083 curn
192 1029 401 1093 vehementiusa
430 1036 492 1083 ωηο
511 1026 704 1091 vehementius,
721 1039 783 1080 cum
809 1041 895 1096 erpe-

101 1118 195 1172 ditius.
212 1117 252 1172 Sit
267 1130 332 1187 ergo
350 1116 401 1170 tale
425 1116 475 1170 boc
490 1115 586 1182 donec,
601 1114 680 1186 quale
695 1123 734 1168 est
748 1114 812 1169 illnd
826 1116 897 1185 apud

102 1205 267 1271 llatthaeurn
290 1207 334 1260 ubi
368 1211 492 1258 narratur
520 1218 573 1257 non
606 1200 764 1271 cognovisse
789 1203 897 1259 blaciam

100 1297 214 1366 loseph,
243 1297 329 1351 donec
360 1297 470 1367 peperit
495 1294 596 1350 Filium
620 1309 703 1349 anum
720 1294 897 1365 primcpeai-

103 1391 167 1439 turn
186 1383 298 1453 (lfottlc.
319 1398 337 1448 r,
355 1382 419 1453 til:
440 1381 583 1437 nonenim
611 1388 673 1451 post
692 1381 830 1451 cognovit.
848 1383 897 1437 Vel

102 1479 175 1527 certe
189 1471 267 1543 quale
295 1479 337 1526 est
362 1470 428 1525 illud
454 1470 481 1524 in
502 1469 623 1540 psalmo:
642 1470 720 1527 Oceli
744 1474 835 1527 nostri
863 1471 899 1527 ud

103 1562 254 1616 Dorrrinum
271 1562 358 1616 fleu-m
374 1562 504 1614 nostrum
518 1558 605 1614 donec
619 1560 790 1615 miscreatur
807 1562 899 1616 nostri

102 1649 191 1712 [Paul.
207 1664 293 1713 cxxrr,
311 1651 338 1718 2)
356 1667 363 1702 :
380 1648 518 1703 nonenim
532 1657 696 1713 avertentur,
708 1664 769 1702 anm
784 1650 896 1719 coeperit
914 1598 937 1676 Β

952 394 1005 448 illis
1023 395 1190 458 delectetur,
1220 411 1280 449 narn
1300 403 1404 450 constat
1418 396 1554 463 delectari,
1571 400 1618 454 scd
1633 399 1745 458 forsitan

950 492 1014 554 ηοω
1029 486 1115 556 inagis
1128 500 1207 555 qnam
1224 494 1310 556 pastu.
1330 486 1400 541 Sane
1415 485 1441 539 in
1463 493 1581 557 tempore
1594 495 1620 542 et
1633 505 1747 562 corpore

950 572 1013 638 isto,
1028 574 1104 628 nulla
1119 584 1209 630 nostra
1223 575 1309 629 virtus
1328 574 1365 629 ita
1380 573 1414 630 ad
1428 590 1526 646 purum
1541 575 1744 650 uerecundia,

950 662 1022 717 nulla
1032 664 1068 719 ita
1082 663 1171 719 suavis
1184 672 1210 718 et
1224 680 1308 729 mera,
1324 672 1353 718 ut
1367 679 1469 736 sponso
1485 664 1580 720 babilis
1599 666 1634 721 sit
1647 666 1680 722 ad
1695 685 1746 736 po-

951 755 1070 808 tandum.
1086 753 1137 807 Sed
1156 752 1201 824 qni
1231 753 1289 809 vult
1310 769 1402 809 omnes
1430 755 1553 810 bominrs
1568 754 1658 811 salvos
1677 754 1746 822 fieri,

950 841 1103 897 dissimulat
1117 840 1212 908 multa,
1238 850 1267 897 ut
1290 859 1370 912 quam
1385 859 1439 898 non
1464 851 1550 914 potest
1571 844 1679 914 potandi
1702 845 1747 899 in·

951 932 1028 987 terim
1056 930 1184 987 facilitate
1212 933 1322 1004 glutire,
1344 943 1421 990 curat
1439 950 1472 990 ex
1495 950 1527 990 ee
1555 935 1595 992 vel
1611 937 1748 1009 quidpiam

951 1020 1047 1076 elicere
1066 1021 1199 1091 sapidum,
1215 1021 1292 1092 quasi
1308 1031 1365 1079 arte
1379 1024 1495 1096 quadam
1511 1032 1537 1079 et
1562 1026 1679 1097 quodam
1708 1026 1746 1080 lr-

952 1110 1017 1165 bore
1032 1109 1184 1164 mandendi.
1205 1111 1261 1165 Erit
1276 1126 1336 1168 oum
1363 1117 1414 1167 erit
1432 1114 1518 1169 riuus
1545 1114 1679 1182 colabilis,
1699 1131 1748 1172 nec

954 1206 1092 1269 premetur
1115 1197 1209 1263 derue,
1238 1215 1288 1254 nee
1318 1199 1469 1273 fatigabitur
1488 1217 1504 1256 a
1527 1202 1681 1272 mandente,
1704 1206 1750 1261 nel

952 1288 1112 1360 potiusnon
1130 1287 1251 1360 fatigabit
1265 1290 1447 1360 mandentem,
1463 1306 1522 1364 quae
1536 1291 1672 1349 bibentem
1688 1294 1749 1349 abs·

952 1393 1004 1449 quc
1021 1392 1103 1446 opera
1131 1375 1282 1441 delectabit,
1314 1386 1439 1449 tanquam
1456 1379 1550 1452 utique
1579 1390 1669 1452 potus,
1694 1396 1750 1438 non

952 1482 1022 1522 esca.
1036 1465 1158 1537 Denique
1173 1465 1256 1520 babes
1270 1467 1448 1536 spondentem
1463 1468 1491 1521 in
1504 1467 1663 1543 Evangelio,
1687 1469 1749 1543 quia

953 1573 1010 1613 non
1026 1555 1116 1611 libum
1130 1554 1163 1609 dc
1187 1554 1237 1611 noc
1251 1556 1478 1624 penimineoitic,
1491 1556 1586 1627 inquit,
1602 1559 1689 1616 donec
1708 1561 1750 1616 bi·

953 1645 1017 1701 bnm
1039 1645 1114 1701 illud
1138 1660 1243 1702 neuurn
1258 1644 1398 1702 uobiscum
1422 1647 1453 1701 in
1477 1662 1560 1718 reqno
1576 1649 1672 1704 Putris
1694 1654 1751 1707 mei

102 1737 233 1792 misereri.
247 1738 296 1791 Vel
318 1737 398 1808 quale
412 1736 476 1791 item
493 1737 558 1790 illud
575 1735 680 1791 Domini
693 1737 726 1791 ad
741 1737 894 1808 apostolos:
950 1735 1064 1811 (Muttlr.
1082 1748 1163 1796 xxva,
1184 1734 1240 1803 tlt).
1256 1734 1291 1788 Et
1304 1733 1337 1787 de
1348 1734 1411 1789 cibo
1425 1733 1497 1789 nulla
1512 1737 1614 1793 mentio
1629 1745 1680 1794 est.
1696 1738 1750 1796 Sed

102 1828 224 1898 Eccecqo
239 1825 380 1881 roliacum
399 1842 462 1882 sum
474 1841 563 1898 nsque
580 1825 616 1880 ed
625 1829 898 1884 consummationem
951 1825 1022 1897 apud
1040 1823 1199 1894 Prophetam
1220 1836 1329 1893 quoque
1345 1823 1459 1892 legitur:
1490 1825 1634 1898 Tanquam
1651 1833 1752 1900 potens

102 1915 203 1970 soeculi
215 1913 330 1983 (fdattlr.
342 1928 436 1978 xavrrr,
452 1914 497 1985 tu)
510 1932 516 1967 :
530 1928 586 1968 non
601 1915 673 1969 enim
699 1925 760 1984 post
778 1930 831 1970 non
847 1915 902 1971 erit
953 1913 1124 1986 crapulatus
1134 1928 1151 1966 ο
1163 1909 1320 1979 uino(Psut.
1335 1925 1444 1971 ωηο-νη,
1456 1912 1501 1980 65)
1512 1927 1519 1979 ;
1532 1912 1566 1967 de
1587 1914 1647 1970 cibo
1661 1923 1751 1972 autam

102 2017 165 2057 cum
181 2001 243 2055 illis.
260 2001 358 2056 Verum
373 2002 425 2056 hoc
441 2004 485 2068 ita,
502 2002 524 2056 si
547 2002 635 2060 donec
650 2002 751 2058 referas
765 2005 798 2058 ad
819 2005 898 2060 ‹tilec-
954 2003 1021 2059 nibil
1036 2002 1074 2055 ibi
1087 2001 1193 2070 penitus
1203 1998 1348 2053 invenitur.
1365 1999 1475 2068 Sponsa
1485 2015 1552 2072 ergo
1565 2002 1672 2060 conscia
1683 2020 1754 2076 mys·

104 2094 151 2146 tua
170 2107 248 2148 eneam
262 2090 334 2146 milri
346 2095 375 2148 et
389 2107 436 2164 eqo
456 2091 511 2146 illi.
526 2091 573 2146 Sin
590 2101 677 2146 autem
688 2091 722 2146 ad
742 2095 793 2164 qni
807 2111 899 2166 poscr-
953 2091 1114 2160 teriihujus,
1129 2104 1190 2144 curn
1200 2086 1325 2143 dilectum
1341 2089 1413 2158 pasci
1428 2089 1496 2144 inter
1509 2087 1563 2145 lilia
1578 2092 1753 2163 comperiset

104 2184 155 2236 tur
170 2181 247 2236 inter
263 2180 325 2236 litia
340 2181 474 2252 respicere
495 2179 584 2252 malis,
599 2182 649 2235 erit
672 2182 724 2238 alio
738 2198 818 2238 sensu
831 2185 900 2241 aeci-

104 2267 242 2335 piendum.
256 2271 340 2324 Porro
361 2269 503 2342 operosius
518 2268 672 2326 ostendetur
687 2273 823 2341 quomodo
838 2280 902 2329 tunc

103 2355 220 2411 dilectus
235 2357 308 2426 pasci
323 2357 439 2422 desinat,
455 2374 517 2413 curn
532 2357 694 2427 aspiravcrit
713 2360 780 2414 dics.
796 2361 900 2417 Etenim

104 2444 129 2498 si
154 2445 213 2499 dies
241 2446 448 2502 resurrectionis
481 2447 504 2500 is
530 2459 581 2517 cst,
605 2447 699 2519 quidni
712 2448 798 2505 multo
817 2454 903 2525 magis

107 2533 183 2602 pasci
198 2533 235 2588 ibi
250 2534 319 2589 iuter
332 2533 387 2589 lilia
408 2536 493 2604 juvet,
522 2535 568 2589 ubi
596 2537 690 2590 horum
705 2537 792 2607 major
811 2540 904 2597 admo·

107 2626 171 2676 dum
186 2623 263 2693 copia
281 2622 330 2678 erit
344 2623 401 2678 ‘llit
421 2640 469 2696 pro
485 2625 601 2695 aptanda
613 2625 721 2697 quidem
735 2625 831 2684 litterae
845 2645 907 2685 con·

107 2712 248 2781 sequentia
266 2711 324 2765 baec
342 2711 412 2766 dicta
427 2712 489 2769 sint.

144 2803 170 2854 2.
195 2800 273 2856 Nunc
295 2800 350 2869 jam
366 2801 476 2856 adverte
491 2815 608 2868 mecum,
624 2808 681 2858 toto
695 2803 756 2859 licet
770 2802 834 2859 liliis
848 2805 903 2860 ful-

955 2198 987 2240 ao
1001 2178 1191 2254 perhibuisset,
1202 2176 1342 2232 constituit
1356 2178 1500 2233 terminum
1517 2181 1605 2251 quoad
1615 2179 1753 2255 iddigna·

956 2260 1107 2337 retur,'imo
1120 2267 1296 2323 coustitutum
1310 2267 1419 2338 agnovit
1434 2275 1461 2322 et
1478 2270 1621 2340 perbibuit,
1642 2270 1751 2327 dicens:

957 2363 1046 2417 Donec
1072 2359 1179 2428 aspiret
1193 2355 1263 2423 dies,
1279 2363 1305 2412 et
1315 2357 1495 2414 inclinentur
1509 2358 1625 2415 amore.
1646 2359 1755 2416 Sciebat

958 2449 1029 2506 enim
1057 2445 1202 2502 virtutibus
1220 2460 1282 2500 eum
1298 2454 1391 2516 postea
1406 2447 1553 2516 potandum
1570 2448 1753 2522 potiusquam

958 2539 1131 2610 pascendum.
1148 2537 1298 2592 connivere
1327 2535 1420 2607 [elias
1440 2536 1596 2610 convenire]
1610 2538 1716 2594 uidetur
1729 2549 1756 2594 et

958 2626 1133 2695 consuetudo,
1154 2640 1207 2697 qua
1236 2634 1298 2695 post
1325 2626 1414 2680 cibum
1443 2635 1524 2696 potus
1545 2627 1615 2681 sumi
1630 2627 1664 2681 de
1679 2642 1756 2682 more

959 2716 1036 2772 solet.
1060 2715 1133 2787 Ergo
1156 2713 1201 2785 qui
1221 2713 1263 2767 bic
1291 2713 1444 2781 manducat,
1474 2713 1529 2770 illic
1544 2715 1626 2780 bibet,
1641 2730 1674 2770 co
1693 2725 1758 2772 tunc

960 2805 1071 2860 suavius
1099 2819 1152 2874 quo
1186 2802 1317 2873 securius,
1347 2802 1494 2874 glutiturus
1521 2814 1549 2859 et
1561 2818 1595 2858 ea
1611 2804 1680 2874 ipsa,
1696 2819 1758 2875 quae

107 2887 233 2958 gentibus
261 2903 355 2962 reguo,
382 2904 535 2964 sponsoque
553 2891 907 2949 mediorxistenteetdeli-
925 2879 1147 2966 escrupulosius
1178 2894 1270 2955 modo,
1295 2902 1321 2944 et
1344 2894 1461 2960 quodam
1490 2892 1570 2947 modo
1599 2893 1759 2948 laboriosius

114 2976 211 3046 ciente,
236 2991 290 3031 non
311 2984 399 3031 tamen
416 2979 563 3049 essequod
583 2980 687 3036 dicatur
701 2988 727 3036 et
738 2981 821 3050 pasci,
831 2982 909 3051 juata

110 3064 137 3117 id
154 3063 261 3136 quidem
276 3066 419 3136 quodante
434 3075 624 3123 consueverat.
650 3068 699 3126 Ubi
715 3085 832 3143 namque
851 3071 909 3139 jam

113 3162 283 3222 peccatores,
305 3169 375 3226 quos
394 3155 446 3210 sbi
469 3157 622 3228 tricorporet
640 3156 771 3225 Christus,
800 3174 910 3216 mansos

116 3257 277 3314 morsosque
312 3245 387 3315 quasi
414 3246 575 3316 quibudam
602 3246 730 3301 dentibus
761 3246 910 3320 disciplina

57 3380 62 3389 ,
111 3330 280 3396 austerioris,
323 3332 470 3388 afflictione
511 3334 613 3402 scilicet
637 3334 733 3402 cannis,
764 3343 790 3391 et
821 3339 910 3394 cordis

57 3468 62 3481 ,
111 3418 293 3475 contritione?
307 3420 358 3474 Sed
382 3436 469 3493 neque
491 3422 583 3477 cibum
598 3423 649 3478 sibi
670 3425 727 3494 jam
743 3425 910 3501 erigetVer-

113 3508 175 3564 bum
192 3524 308 3581 sponsus
326 3525 358 3563 ex
376 3509 515 3579 aliquibus
529 3511 608 3566 factis
622 3529 670 3568 seu
689 3514 819 3586 operibus
842 3517 910 3572 obe·

118 3596 296 3665 dientiae,ubi
328 3612 407 3652 omne
435 3600 575 3671 negotium
607 3602 713 3672 otium,
739 3604 851 3678 soloque
883 3606 911 3661 in

112 3683 211 3742 iutuitu
225 3697 252 3741 et
266 3685 366 3740 affectu
390 3702 434 3741 res
457 3687 518 3743 erit.
535 3689 569 3744 Et
583 3691 693 3761 quidem
707 3692 785 3747 cibus
798 3696 858 3764 ejus
880 3703 911 3752 ut

962 2984 1039 3056 qnasi
1050 2981 1201 3037 mentando
1214 2981 1307 3049 liquat.

999 3074 1025 3126 t.
1055 3071 1133 3125 Nunc
1145 3071 1201 3139 jam
1216 3069 1386 3122 intendamus
1407 3067 1578 3123 considerare
1598 3069 1631 3123 de
1646 3068 1689 3123 die
1712 3068 1759 3125 illo

963 3168 990 3215 et
1003 3158 1077 3214 illius
1092 3156 1206 3223 umbris,
1220 3155 1267 3227 qui
1282 3154 1338 3221 ille,
1355 3171 1415 3227 quaa
1427 3155 1503 3210 istac:
1524 3156 1569 3212 ille
1591 3174 1643 3229 qua
1658 3157 1760 3213 ratione

963 3248 1095 3319 aspirans,
1124 3247 1166 3300 hae
1194 3243 1222 3299 in
1249 3261 1303 3314 qua
1334 3250 1465 3314 potestate
1488 3244 1605 3300 habeant
1624 3245 1758 3301 inclinari.

964 3338 1110 3411 Signantor
1120 3333 1229 3390 umrrino
1240 3333 1338 3390 dictum
1353 3342 1404 3400 est,
1417 3334 1504 3392 donec
1513 3335 1622 3406 aspiret
1631 3335 1698 3404 dies,
1707 3334 1761 3389 imo

963 3424 1145 3500 singulariter.
1161 3423 1223 3480 Sofo
1236 3422 1335 3495 quippe
1349 3422 1402 3478 hoc
1416 3422 1487 3490 loco,
1517 3422 1569 3478 nisi
1585 3422 1672 3493 fallor,
1689 3422 1760 3479 diem

963 3515 1128 3588 aspirantem
1143 3511 1305 3583 comperies.
1328 3511 1408 3566 durae
1432 3526 1537 3583 nempe,
1559 3526 1613 3567 non
1641 3519 1762 3581 tempora

964 3605 1067 3679 spirare
1080 3602 1216 3658 dicuntur.
1227 3599 1316 3671 Spirat
1330 3602 1421 3664 bomo,
1439 3599 1543 3670 spirant
1566 3597 1692 3653 animalia
1706 3613 1762 3655 ere-

964 3703 1033 3757 trra,
1062 3690 1160 3759 quibus
1188 3687 1371 3743 indesinenter
1397 3687 1580 3757 reciprocatus
1608 3700 1653 3741 aer
1680 3686 1762 3741 vitam

112 3773 193 3831 faciat
207 3774 373 3830 voluntatem
386 3776 471 3832 Patris
485 3777 527 3832 sui
541 3795 549 3844 ς
565 3777 611 3833 aad
630 3777 683 3850 bic,
705 3796 759 3836 non
775 3780 822 3836 ibi.
838 3780 910 3850 Quid
962 3781 1110 3838 continuat.
1131 3778 1162 3831 Et
1177 3774 1317 3848 quidhoc,
1332 3774 1521 3830 nisiuemust
1548 3772 1639 3844 Spirat
1656 3783 1683 3829 et
1697 3774 1761 3845 Spi-

113 3862 188 3917 enim
199 3861 278 3917 faciat
290 3859 385 3919 factam
398 3863 413 3918 t
425 3862 457 3918 Et
478 3863 622 3936 perfectam
639 3872 702 3921 tunc
716 3883 776 3925 ease
794 3877 912 3927 constat.
970 3871 1037 3926 ritus
1051 3874 1168 3931 sanctus,
1185 3876 1211 3921 et
1225 3865 1286 3919 inde
1302 3863 1423 3937 spiritus.
1449 3862 1510 3932 Quo
1524 3871 1601 3935 pacto
1613 3878 1680 3937 erqo
1703 3862 1764 3919 dies

113 3952 236 4026 Denique
251 3953 367 4025 probare
380 3954 436 4024 jam
451 3960 515 4010 ωηο
525 3960 564 4009 est
578 3955 704 4012 omnibus
723 3958 834 4030 sanctis,
853 3977 913 4031 quae
965 3959 1081 4030 spirans,
1108 3955 1153 4029 qui
1182 3969 1231 4010 nec
1257 3962 1365 4024 ventus,
1390 3967 1441 4009 nec
1460 3951 1581 4025 spiritus,
1604 3968 1653 4011 nec
1666 3950 1764 4007 animal

57 4092 61 4115 ,
114 4042 148 4097 sit
162 4042 286 4098 voluntas
315 4041 364 4097 Dei
383 4044 464 4114 bona,
484 4050 510 4099 et
528 4043 719 4114 beneplacens,
736 4056 762 4101 et
775 4047 905 4119 perfecta.
962 4048 1028 4103 rst‘l
1045 4045 1207 4115 Quanquam
1221 4057 1272 4099 nec
1294 4042 1401 4114 spirans
1414 4040 1534 4114 quidem,
1551 4041 1611 4106 sed,
1632 4041 1705 4113 qaod
1724 4039 1763 4093 si·

113 4130 149 4184 Εῑ
163 4136 232 4186 ὓθΐῑθ
247 4138 308 4201 P⁰⁵¹
337 4131 499 4203 perfectum,
515 4132 670 4189 faciendum
696 4146 818 4207 superest
834 4139 910 4200 nibil,
965 4134 1094 4211 quamius
1109 4142 1197 4199 serrat,
1212 4133 1334 4203 aspirans
1350 4131 1434 4188 [lictus
1448 4132 1492 4185 sit.
1507 4132 1564 4188 Nec
1585 4129 1676 4185 minus
1692 4143 1763 4198 pne-

112 4217 175 4273 Frui
196 4218 229 4273 de
245 4225 347 4276 coetcro
362 4231 453 4294 restat,
465 4238 519 4280 non
538 4222 616 4290 tieri;
631 4227 758 4296 experiri,
774 4245 828 4286 non
842 4247 912 4304 ope.
967 4238 1006 4283 ter
1021 4225 1130 4281 solitum
1144 4223 1257 4290 dictum,
1274 4226 1302 4278 ct
1312 4220 1617 4278 inclinentururnbroe.
1642 4218 1763 4288 Denique

112 4308 184 4379 rari;
201 4325 233 4364 ea
246 4308 348 4382 virere,
363 4327 416 4368 non
432 4314 552 4371 exerceri
566 4315 593 4370 in
609 4333 651 4371 ca.
676 4318 771 4376 Nonne
787 4321 844 4392 ipsa
860 4331 908 4391 est,

112 4413 194 4469 quarn
223 4398 417 4455 instantissima
451 4418 531 4474 prece
552 4404 622 4461 docti
636 4407 741 4479 quidem
754 4425 769 4465 a
783 4409 908 4481 Domino,

112 4488 184 4543 sicut
199 4487 225 4541 in
251 4487 331 4555 cralo,
360 4488 394 4544 ita
424 4496 450 4545 et
468 4492 495 4545 in
525 4501 597 4549 terra
626 4495 718 4566 perfici
742 4502 909 4568 postulamus

111 4576 224 4646 (lfuttb.
242 4591 279 4645 rr,
298 4580 419 4648 ttl),qno
438 4580 496 4650 ojus
508 4581 565 4650 jani
576 4580 689 4639 delectet
704 4585 817 4655 fructus,
834 4598 910 4647 actus

112 4681 168 4721 non
191 4665 283 4741 fatiget
297 4668 311 4720 ‘l
324 4667 385 4722 Non
411 4668 461 4723 erit
490 4668 578 4743 itaque
593 4687 694 4742 sponso
713 4673 805 4732 Verbo
819 4683 910 4750 operis

110 4753 197 4819 cibus,
213 4754 275 4825 quia
289 4762 378 4811 cesset
392 4770 503 4812 necesse
517 4765 558 4813 est
570 4773 650 4815 omne
664 4776 743 4832 opus,
752 4763 797 4817 ¹sbi
806 4765 909 4834 plenius

115 4839 229 4897 tneo
251 4845 284 4897 ab
314 4843 446 4900 universis
462 4845 607 4917 percipitur
626 4849 765 4920 sapientia.
781 4851 849 4908 Nam
863 4857 910 4927 qui

111 4931 282 4988 minorantur
297 4941 367 5001 actu,
386 4933 605 5005 percipiunteam
616 4937 714 5010 (dccli.
725 4947 908 5015 susurrata).

149 5022 177 5076 3.
204 5021 255 5077 Sed
288 5022 431 5078 videamus
460 5039 540 5089 nunc,
556 5025 578 5079 si
606 5029 677 5097 quod
699 5029 812 5086 dicimus
836 5043 909 5089 stare

112 5108 210 5181 possit,
240 5118 268 5165 et
295 5112 445 5167 secundum
475 5113 545 5169 illam
570 5118 738 5187 sententiam,
762 5136 815 5191 qua
838 5124 911 5193 pasci

111 5198 185 5254 iuter
212 5196 276 5269 lilia,
312 5199 458 5256 candidatu
488 5202 618 5258 virtutum
643 5205 782 5271 oblectari,
802 5209 909 5281 quidem

112 5288 340 5359 interpretantur:
358 5304 422 5343 nam
444 5297 471 5345 et
486 5306 537 5347 nos
551 5292 635 5363 ipsam
651 5295 718 5349 iuter
732 5304 842 5353 caeteras
857 5315 910 5355 nun

112 5376 319 5449 praeterivimus.
337 5377 505 5448 Dicemusnc,
523 5390 635 5437 autnon
659 5382 728 5455 fore,
751 5394 797 5439 aut
809 5402 911 5458 sponso

114 5465 228 5523 minime
255 5481 352 5540 sapere
380 5477 445 5526 tunc
473 5468 654 5527 virtutrstEt
681 5471 789 5543 quidem
809 5476 912 5532 sentire

223 5575 342 5629 Parnon.
361 5575 530 5631 ttxxxttr.

966 4317 997 4371 ad
1017 4325 1140 4370 exortum
1156 4313 1236 4385 bajus
1251 4311 1376 4383 corporei
1390 4307 1556 4380 visibilisque
1570 4305 1679 4362 lundnis
1700 4321 1763 4363 um·

966 4405 1021 4459 brae
1036 4419 1090 4460 non
1105 4401 1276 4467 inclinantur,
1293 4399 1339 4454 sed
1359 4397 1539 4454 annullantur.
1555 4396 1637 4454 Extra
1652 4396 1764 4468 proinde

964 4508 1079 4564 corpora
1094 4490 1246 4563 querendae
1261 4489 1303 4542 bae
1318 4504 1371 4543 res.
1386 4487 1420 4542 Et
1443 4488 1466 4542 si
1490 4486 1596 4557 quidem
1612 4485 1765 4558 spirituales

965 4581 1149 4639 invenerimus
1165 4578 1235 4634 diem
1250 4586 1278 4632 et
1293 4576 1412 4642 umbras,
1429 4584 1492 4633 ωηο
1510 4574 1632 4632 forsitam
1646 4586 1672 4632 et
1684 4571 1765 4629 incli-

966 4671 1038 4726 natio
1067 4671 1174 4732 barum,
1210 4674 1237 4721 et
1264 4665 1337 4721 illins
1366 4664 1495 4736 aspiratio
1515 4664 1621 4721 facilius
1637 4661 1764 4720 elucebit.

963 4759 1014 4829 Qui
1030 4756 1106 4814 illum
1125 4756 1208 4822 diem,
1230 4756 1263 4812 de
1276 4770 1330 4828 quo
1357 4756 1488 4825 Propheta
1506 4753 1588 4811 dicit:
1612 4752 1703 4811 llelior
1723 4759 1766 4809 ert

964 4847 1093 4906 diesuna
1108 4848 1140 4902 in
1154 4847 1236 4904 atriis
1257 4847 1315 4902 tuis
1334 4859 1419 4917 super
1435 4842 1530 4899 millia
1542 4841 1629 4914 (Paul.
1641 4855 1764 4909 anxani,

965 4936 1017 5004 lt),
1030 4950 1191 5007 corporeum
1202 4935 1335 5006 opinatur,
1352 4931 1446 4987 nescio
1461 4931 1526 5004 quid
1534 4931 1591 4999 iam
1606 4945 1659 4985 non
1670 4930 1768 4997 corrro-

967 5040 1042 5080 reum
1057 5026 1193 5096 opinetur.
1217 5023 1265 5078 Est
1280 5030 1307 5077 et
1333 5022 1359 5076 in
1381 5021 1450 5075 mala
1470 5018 1668 5095 significatione
1696 5017 1765 5081 dies,

965 5114 1009 5167 oui
1039 5115 1202 5168 maledixere
1223 5114 1360 5182 propbeta
1387 5109 1448 5182 (lob
1470 5112 1553 5178 rn,3;
1587 5110 1690 5166 terem.
1714 5118 1765 5171 xa,

967 5204 1023 5273 tt).
1053 5202 1132 5257 dbsit
1158 5210 1258 5268 autem,
1285 5211 1314 5256 ut
1338 5218 1371 5256 ex
1386 5198 1540 5257 visibilibus
1555 5199 1610 5266 bis,
1625 5213 1693 5270 quos
1706 5195 1768 5252 fecit

967 5295 1118 5354 Dourinusl
1135 5297 1228 5367 ltaque
1243 5293 1446 5368 spiritualisest.

1002 5389 1029 5442 5.
1058 5386 1116 5443 tam
1143 5385 1266 5441 umbram
1290 5383 1351 5457 quis
1379 5382 1498 5458 ambigat
1522 5381 1700 5454 spiritualem,
1714 5399 1767 5455 ᾳιη

967 5475 1058 5531 traria
1084 5474 1274 5530 obumbratum
1289 5483 1330 5530 est
1351 5473 1513 5544 concipienti
1530 5475 1605 5544 (Luc.
1627 5488 1646 5543 r,
1663 5472 1726 5542 3bl:
1742 5481 1769 5527 ct

1663 5580 1697 5638 36
