3734 5948
181 204 235 267 235
632 200 661 257 S.
682 201 860 271 sanabunt
880 200 1028 259 mustus
1048 201 1377 259 cutum-vacunam
1704 230 1709 242 ·
1775 201 1834 269 236

214 332 240 382 9.
256 324 370 395 Quoties
389 341 456 399 ergo
482 325 641 397 gravissima
655 324 776 381 cernitur
799 340 897 398 urgere
913 332 973 385 ten·
988 338 1012 417 g
1029 325 1084 397 geli
1100 325 1197 394 sancti,
1221 323 1271 380 sed
1292 325 1335 381 via
1359 323 1435 378 nnita
1448 321 1533 395 (quod
1548 328 1575 377 et
1602 321 1697 394 utique
1722 321 1777 381 via
1800 322 1836 381 fi-

178 416 254 481 tatio,
283 412 368 471 864
391 423 420 469 et
439 413 574 470 tribulatio
590 415 738 471 vehemens
752 414 904 481 imminere,
924 415 970 470 in·
1028 414 1096 485 nita)
1123 415 1151 469 in
1174 413 1297 470 manibus
1321 411 1426 469 tollunt.
1451 412 1508 467 Nec
1529 410 1603 466 enim
1624 411 1723 467 desunt
1746 411 1830 467 nobis

175 519 242 560 voca
265 503 405 559 custodem
429 509 514 568 tuum,
541 502 681 559 ductorem
706 510 790 569 tuum,
820 503 972 573 adjutorem
1028 509 1113 558 testes
1128 502 1233 559 fideles.
1256 501 1379 557 Proxime
1394 500 1493 556 lectum
1516 507 1558 554 est
1576 499 1654 557 vobis
1675 499 1710 555 de
1724 499 1829 555 beatis·

175 599 249 646 tuum
283 591 540 664 opportunitatibus,
571 592 600 645 in
634 591 821 649 tribulatione.
855 591 973 648 luclama
1028 591 1096 646 simo
1110 600 1187 662 patre
1202 599 1310 646 nostros
1324 605 1388 645 vere
1402 604 1453 660 per
1475 587 1566 644 omnia
1580 586 1738 652 benedicto,
1755 587 1831 659 quod

174 695 248 747 eum,
272 687 300 735 et
320 679 379 735 dic:
407 680 531 750 Domine,
564 678 638 734 salva
667 694 727 745 uos,
757 679 887 751 perimus.
913 681 973 735 Non
1028 679 1091 734 dum
1106 680 1237 736 intentam
1259 678 1398 736 occulorum
1412 676 1499 733 aciem
1512 676 1541 731 in
1555 677 1692 747 spendore
1706 691 1831 732 coruscae

175 768 285 835 dormit,
310 783 400 840 neque
423 767 564 831 dormitat,
585 766 636 821 etsi
659 767 694 821 ad
710 775 817 840 tempus
846 767 973 841 quando·
1028 767 1094 824 lucis
1118 770 1219 823 babere
1233 767 1383 833 videretur,
1407 765 1475 823 vidit
1497 764 1628 820 Germani
1642 764 1760 820 aninum
1774 765 1829 822 Ca-

176 872 230 929 que
253 855 415 923 dissimulet,
440 871 475 910 ne
500 852 570 910 lorte
595 855 776 926 periculosius
799 858 833 912 ab
857 856 928 913 illius
947 864 973 912 te
1029 857 1110 927 puanl
1124 857 1243 929 episcopi
1258 857 1284 910 in
1299 856 1407 927 spbaera
1421 853 1502 926 ignea
1515 854 1550 908 ab
1564 851 1671 927 angelis
1685 853 1714 907 in
1727 853 1829 910 coelum

175 945 300 1002 manibus
323 945 382 1016 ipse
402 942 568 1014 praecipites,
583 944 606 998 si
627 952 653 999 te
668 943 709 999 eis
732 944 903 1015 ignoraveris
927 962 972 1001 su·
1028 944 1128 1001 delerri
1144 945 1210 1016 (32).
1227 945 1281 1000 Sed
1297 944 1362 1016 quid
1386 941 1541 1012 hujusmodi
1559 941 1714 998 testimonia
1730 942 1827 1014 requi-

174 1041 331 1090 stentatum.
355 1031 514 1102 spirituales
538 1031 611 1086 enim
639 1039 703 1087 sunt
726 1049 822 1089 manus
850 1034 920 1100 istoe,
945 1041 974 1089 et
1029 1033 1141 1089 ramus?
1165 1035 1226 1105 lpse
1240 1032 1269 1088 in
1289 1031 1439 1107 Evangelio
1463 1029 1569 1087 Veritas
1583 1029 1618 1086 de
1641 1029 1768 1104 mendico
1799 1039 1830 1086 et

177 1120 274 1179 auxilia
287 1118 382 1191 utiquc
395 1118 556 1193 spiritualia,
568 1135 630 1192 quae
639 1120 755 1192 singulis
765 1122 914 1178 electomm
924 1137 973 1192 pro
1028 1122 1151 1179 ulceroso
1165 1122 1212 1193 ait,
1229 1124 1358 1194 quoniam
1370 1122 1503 1192 portatus
1518 1123 1560 1176 cat
1574 1120 1609 1174 ob
1626 1118 1735 1190 capelia
1746 1119 1778 1176 lst
1787 1121 1830 1175 ει·-

175 1209 308 1280 cujusque
330 1206 492 1263 discriminis
519 1207 599 1265 modo
613 1217 640 1264 et
653 1209 769 1279 objectae
793 1210 971 1276 difficultatis,
1027 1227 1098 1266 oum
1110 1210 1225 1267 Abrabae
1239 1212 1319 1284 (Luc.
1329 1223 1390 1274 xvi,
1402 1207 1458 1279 22).
1470 1208 1568 1278 Neque
1583 1206 1655 1263 enim
1670 1206 1698 1262 in
1712 1205 1758 1260 illa
1773 1211 1828 1261 tarn

175 1305 307 1369 tanquam
329 1295 428 1368 lapidee
454 1295 533 1350 molis
560 1297 722 1368 quantitate,
751 1299 785 1353 ab
805 1298 828 1353 is
850 1299 897 1370 qui
920 1298 973 1353 sibi
1027 1314 1098 1355 nova
1112 1299 1201 1365 nobis,
1219 1305 1319 1369 tanque
1337 1296 1476 1368 incognita
1495 1294 1609 1366 regione
1622 1293 1762 1351 ambulare
1776 1293 1829 1366 ipsi

173 1385 295 1456 deputati
317 1393 381 1439 sunt
404 1384 509 1455 angelis
532 1384 711 1455 spiritualiter
735 1394 763 1441 et
787 1385 973 1458 multipliciter
1027 1402 1179 1459 possemus,
1204 1386 1355 1459 presertim
1376 1400 1437 1440 cum
1460 1390 1548 1439 tactus
1571 1383 1605 1438 sit
1627 1382 1697 1454 lapis
1719 1382 1825 1441 invia.

67 1465 70 1468 ’
175 1474 348 1531 exhibentur.
363 1472 431 1529 Dico
445 1488 498 1544 ego
513 1473 704 1546 tamenaliqua
718 1489 751 1530 ex
771 1475 888 1547 hisquae
902 1491 973 1531 com·
1026 1475 1079 1545 Qui
1092 1476 1184 1547 lapisi
1198 1475 1249 1545 Qui
1276 1474 1303 1529 in
1317 1472 1453 1544 lapidibus
1472 1471 1537 1528 olim
1549 1476 1731 1528 consueverat
1755 1471 1823 1527 ado-

175 1562 267 1618 munia
281 1560 368 1634 magis
385 1561 513 1627 arbitror,
528 1569 556 1618 et
580 1563 673 1633 paucis
695 1563 741 1634 qui
756 1562 889 1619 intervos
910 1572 973 1619 sunt
1027 1564 1091 1629 rari,
1115 1564 1161 1635 qui
1185 1563 1289 1635 lapides
1310 1561 1407 1618 obtulit
1428 1559 1556 1627 Domino,
1581 1558 1689 1615 dicens:
1710 1561 1762 1617 ute
1793 1566 1827 1617 ut

174 1651 328 1721 inexperta.
351 1649 486 1706 Turbatur
505 1649 603 1722 aliquis
626 1651 814 1719 vehementer,
839 1667 888 1708 scu
912 1667 973 1708 cor·
989 1648 1011 1725 B
1028 1652 1133 1724 lapides
1144 1649 1483 1724 estipenesfiuutffluttb.
1495 1648 1580 1722 uv,3l.
1592 1648 1677 1704 Porro
1689 1663 1740 1719 pes
1752 1655 1824 1714 tuus,

175 1738 262 1811 parali
284 1739 380 1810 quous
404 1738 586 1806 incommodo,
612 1755 662 1796 seu
683 1740 855 1797 tribulatione
883 1740 973 1813 aliqua
1028 1739 1136 1796 allectio
1158 1747 1218 1809 tua;
1242 1756 1292 1812 pes
1317 1739 1423 1804 anime,
1446 1751 1528 1808 quam
1541 1734 1570 1792 ia
1588 1736 1714 1793 manibus
1736 1735 1827 1808 angeli

175 1825 307 1898 saeculari,
332 1843 382 1883 seu
395 1827 490 1884 acedia
510 1827 620 1899 spiritus
643 1835 671 1885 et
694 1829 810 1901 quadam
824 1829 906 1885 animi
925 1831 973 1885 de·
1026 1837 1146 1900 portant,
1165 1845 1200 1885 ne
1215 1827 1340 1884 offendas
1354 1826 1388 1882 ad
1405 1824 1524 1897 lapidem
1535 1825 1634 1896 pedem
1651 1832 1733 1881 tuum.
1748 1823 1826 1894 Quo-

174 1916 292 1973 lectione
302 1915 571 1987 languescensruam
587 1918 686 1973 tentari
701 1918 795 1987 incipit
803 1933 884 1989 supra
891 1934 972 1990 quam
1026 1919 1107 1974 modo
1121 1918 1193 1973 enirn
1213 1933 1268 1972 non
1289 1914 1528 1974 vehementissime
1542 1914 1702 1969 turbaretur
1723 1913 1824 1984 anima,

174 2004 264 2062 valeat
286 2004 433 2070 sustinere,
448 2005 505 2075 jam
519 2005 651 2077 impinget
665 2011 693 2062 et
715 2005 841 2062 ollendet
863 2006 891 2061 in
906 2005 973 2077 lapi·
1026 2006 1049 2061 si
1064 2007 1121 2063 sola
1144 2008 1206 2062 binc
1220 2006 1410 2081 egrederetur,
1425 2001 1511 2061 865
1524 2002 1549 2057 si
1563 2000 1624 2058 illas
1645 2001 1705 2057 sine
1720 2016 1823 2059 conso·

171 2095 246 2160 dem,
265 2093 357 2150 sinon
368 2092 449 2150 luerit
463 2093 509 2165 qui
520 2093 675 2150 subveniat.
690 2094 757 2164 Quis
767 2111 833 2152 vero
847 2103 891 2151 est
902 2094 972 2167 lapis
1026 2095 1125 2152 latione
1147 2095 1340 2168 ingrederetur
1352 2093 1421 2160 vias,
1437 2092 1459 2149 si
1481 2091 1553 2147 inter
1566 2088 1626 2147 illos
1639 2089 1744 2161 lapides
1768 2091 1826 2147 suis

173 2182 247 2238 iste‘l
272 2180 329 2253 Ego
356 2182 430 2238 illum
451 2181 575 2254 intelligo
598 2183 718 2255 lapidem
743 2183 918 2250 ollensionis,
944 2192 972 2239 ct
1025 2184 1140 2256 pedibus
1154 2182 1336 2256 graderetur?

172 2276 279 2341 petram
302 2270 433 2335 scandali,
449 2270 477 2325 in
500 2286 583 2343 quam
603 2271 627 2326 si
641 2272 786 2328 ollenderit
809 2273 879 2345 quis,
896 2272 971 2328 colli·
1000 2345 1002 2349 Ι
1061 2277 1089 2331 2.
1116 2272 1265 2329 Enimvero
1297 2269 1467 2328 manifestius
1493 2268 1567 2335 audi,
1600 2283 1682 2340 qnam
1708 2282 1824 2325 necesse

172 2359 270 2416 detur:
286 2374 370 2429 super
393 2374 474 2429 quem
489 2374 556 2418 vero
579 2361 726 2427 ceciderit,
742 2368 868 2418 conteret
890 2377 969 2427 cum;
1026 2362 1129 2419 babeas
1155 2362 1258 2434 portari
1272 2361 1300 2416 in
1314 2360 1439 2415 manibus
1465 2358 1572 2430 alienis,
1595 2372 1648 2412 nec
1666 2355 1726 2411 aliia
1740 2373 1822 2428 quam

175 2445 296 2520 lapidem
310 2445 402 2518 utique
417 2447 586 2520 angularem,
601 2448 730 2515 electum,
749 2450 909 2520 pretiosum,
924 2449 971 2521 qui
1026 2449 1155 2524 angelicis
1166 2457 1266 2506 tamen.
1278 2450 1365 2522 Super
1374 2449 1500 2521 aspidem
1511 2451 1538 2505 et
1550 2445 1712 2503 basilaeorum
1724 2445 1825 2504 omiu-

175 2544 218 2592 est
230 2535 362 2591 Dominus
384 2534 506 2591 Christus
530 2536 607 2607 (laci.
629 2552 688 2603 ιιιι,
710 2540 744 2592 td
767 2544 797 2593 et
810 2540 825 2593 l
839 2541 916 2595 Petr.
937 2553 969 2605 ιι,
1027 2540 1105 2605 labis,
1121 2545 1150 2597 et
1159 2538 1338 2597 conculcabis
1346 2540 1451 2596 bouem
1461 2540 1490 2592 at
1498 2535 1658 2591 draconem.
1671 2530 1742 2603 Quid
1752 2535 1825 2590 iuter

175 2626 244 2697 6-8).
275 2624 304 2679 ln
323 2625 395 2679 bunc
418 2623 536 2694 lapidem
558 2622 715 2690 ollendcrc,
738 2636 780 2681 est
801 2641 972 2681 murmurare
1026 2629 1084 2683 baec
1099 2627 1201 2684 laceret
1215 2644 1265 2699 pes
1284 2624 1439 2682 hemanuel
1453 2623 1654 2696 quidbumanre
1667 2621 1823 2681 allectionis

172 2715 303 2770 adversus
326 2727 399 2778 eum,
422 2711 600 2768 scandalizari
615 2728 631 2767 a
644 2713 863 2784 pusillanimitate
886 2714 970 2787 spiri·
1024 2716 1096 2771 inter
1112 2723 1164 2770 tam
1180 2716 1318 2772 horribilia
1333 2711 1695 2788 [aliorterribllialmonstra
1708 2718 1821 2768 consta-

174 2812 217 2859 tus
230 2810 259 2858 et
273 2808 446 2872 tempestate.
462 2802 557 2873 ltaque
571 2816 641 2873 opus
659 2802 696 2857 illi
709 2810 750 2858 est
764 2803 887 2876 angelica
900 2819 969 2859 con·
1026 2805 1091 2861 reti
1118 2806 1224 2876 Nempe
1248 2804 1376 2876 nequitias
1389 2802 1543 2873 spirituales
1565 2810 1638 2866 aunt,
1658 2809 1687 2857 et
1710 2800 1820 2872 quidem

173 2891 316 2957 solatione,
331 2889 462 2961 angelicis
484 2890 619 2954 manibus,
636 2890 683 2961 qui
702 2893 759 2961 jam
778 2892 887 2959 defecit,
912 2894 968 2962 jam
1025 2907 1080 2950 non
1094 2893 1250 2965 incongruis
1263 2892 1489 2966 appellationibus
1504 2889 1663 2962 designatae.
1679 2887 1820 2961 Siquidem

173 2980 368 3052 propemodum
384 2977 499 3034 ollandit
508 2979 536 3033 in
551 2978 680 3050 lapidem.
695 2981 728 3036 Et
741 2996 806 3037 vere
820 2979 969 3037 otianditin
1025 2982 1099 3039 etde
1113 2982 1155 3037 bis
1167 2982 1279 3049 dictum,
1305 2982 1378 3055 quod
1400 2994 1572 3053 nequaquam
1586 2977 1664 3036 vobis
1686 2977 1821 3035 excidisse

171 3068 289 3140 lapidem
318 3067 365 3141 qui
390 3075 540 3123 murmurat
553 3075 592 3124 et
613 3069 795 3141 blasphemat,
823 3085 853 3126 se
879 3070 968 3141 ipsum
1023 3086 1103 3132 reor:
1123 3071 1255 3129 Gomara
1275 3073 1363 3137 lutere
1378 3075 1428 3128 tuo
1445 3070 1536 3135 mille,
1550 3073 1577 3127 st
1589 3068 1684 3125 mecm
1696 3069 1790 3125 millio
1802 3085 1821 3122 o

172 3157 314 3228 collidens,
329 3171 385 3213 non
399 3172 462 3213 eum
476 3157 504 3212 in
518 3173 599 3229 quem
618 3157 780 3213 lunibundns
798 3158 933 3230 impingit.
1023 3162 1133 3219 destris
1147 3164 1213 3220 tois.
1237 3160 1303 3230 Quis
1315 3174 1382 3216 vero
1407 3157 1478 3215 scire
1491 3165 1582 3230 potest
1599 3171 1635 3211 an
1658 3154 1752 3213 dimsae
1766 3155 1821 3212 sint

207 3248 252 3305 lb.
271 3244 398 3301 Arbitror
411 3261 477 3300 sane
495 3245 570 3302 velut
583 3247 688 3302 duabus
703 3246 864 3319 quibusdam
879 3247 968 3302 mani·
1023 3249 1095 3306 inter
1109 3266 1157 3308 eos
1171 3249 1343 3323 operationes
1356 3248 1475 3317 malitie,
1485 3244 1635 3302 ministeria
1649 3243 1817 3316 iniquitatis:

171 3335 222 3390 bus
237 3333 370 3403 eiusmodi
389 3331 513 3389 homines
532 3333 668 3390 interdum
683 3336 718 3389 ab
732 3335 836 3408 angelis
849 3351 968 3408 suppor-
1022 3346 1051 3394 ut
1065 3356 1099 3397 ex
1115 3339 1229 3395 diversis
1243 3335 1350 3404 oisrciis,
1365 3336 1408 3392 vel
1430 3336 1513 3409 [nlius
1527 3331 1602 3406 quin]
1623 3332 1714 3404 potius
1732 3333 1819 3390 male·

171 3421 233 3487 tari,
248 3430 278 3478 ut
293 3420 494 3493 quodammodo
509 3435 564 3477 non
579 3423 731 3478 sententies
746 3424 968 3496 transeantquod
1023 3428 1099 3494 liciis,
1115 3426 1245 3483 vocabula
1265 3440 1375 3497 quoqne
1389 3424 1497 3482 diversa
1520 3421 1617 3492 sortiti,
1642 3420 1820 3477 nominentur

170 3519 315 3582 tantopere
338 3507 531 3578 formidabant,
555 3524 606 3566 nec
625 3526 722 3582 pamm
736 3510 870 3567 mirentur
891 3522 968 3584 post·
1022 3516 1090 3574 alius
1104 3515 1213 3589 quidem
1235 3515 1320 3587 aspis,
1341 3514 1409 3570 alius
1423 3528 1487 3569 vero
1508 3510 1659 3580 basiliscus,
1678 3509 1747 3566 alius
1769 3527 1818 3565 au-

171 3601 281 3655 modum
301 3607 355 3654 tam
369 3615 452 3670 super
475 3598 621 3670 posteriori
636 3598 775 3668 facilitate,
791 3616 871 3674 quam
886 3617 969 3673 super
1023 3614 1077 3662 tem
1091 3605 1145 3676 leo,
1163 3611 1191 3660 et
1204 3603 1272 3659 alius
1290 3603 1383 3669 draco,
1407 3601 1481 3675 quod
1495 3599 1623 3660 videlicet
1635 3613 1685 3657 suu
1705 3599 1816 3672 quidem

169 3688 328 3745 dillicultate
344 3688 437 3760 priori.
458 3686 545 3744 Vultis
567 3688 638 3744 scire
652 3705 718 3761 quas
736 3689 885 3764 intelligam
900 3683 967 3746 duas
1021 3693 1147 3750 invisibili
1170 3692 1339 3751 modovarie
1364 3698 1489 3757 noceant,
1520 3688 1597 3762 quasi
1620 3687 1689 3744 aliua
1710 3703 1814 3752 morsu,

169 3776 288 3833 manus?
313 3777 456 3849 Duplicem
489 3777 583 3849 utique
597 3778 868 3845 demonstrationem,
902 3779 965 3835 dum
1021 3782 1090 3839 alius
1115 3783 1185 3852 usu,
1205 3781 1274 3838 alius
1297 3781 1388 3852 rugitu
1409 3779 1453 3837 vel
1467 3778 1533 3844 ictu,
1549 3777 1617 3834 alius
1639 3776 1725 3832 llatui
1749 3776 1815 3847 Legi

169 3864 296 3925 uidelicet
325 3865 387 3921 binc
409 3866 520 3936 quidem
544 3867 724 3924 tribulationis
744 3866 872 3939 brevitas,
901 3869 965 3926 inde
1020 3873 1101 3928 etiam
1115 3871 1150 3928 de
1170 3870 1288 3944 quodam
1312 3884 1415 3944 genere
1435 3867 1642 3934 demoniorum,
1668 3865 1740 3938 quod
1761 3879 1816 3920 non

169 3954 307 4011 aeternitas
329 3954 513 4011 retributionis
527 3956 688 4022 ostenditur,
704 3964 751 4012 aut
769 3958 856 4030 magis
877 3958 966 4033 pingi·
1019 3961 1154 4031 eJ'uciatur
1166 3960 1217 4015 nisi
1239 3959 1266 4015 in
1282 3960 1406 4016 oratione
1430 3965 1458 4012 ct
1469 3956 1591 4028 jejunio:
1606 3955 1670 4010 nihil
1690 3959 1817 4026 potuerat

169 4052 212 4099 tur
225 4042 269 4099 vel
291 4041 455 4114 imprimitur
477 4043 563 4111 cordi,
582 4054 612 4100 ut
629 4044 726 4102 intimo
740 4045 841 4103 ellectu
860 4048 964 4103 sentia·
1019 4065 1136 4121 namque
1159 4049 1272 4107 verbum
1296 4047 1449 4121 apostolicae
1476 4043 1670 4118 increpationis
1692 4042 1726 4098 ad
1749 4040 1816 4098 illud

168 4147 228 4188 snus
241 4131 370 4204 qnoniam
380 4141 601 4188 momentaneum
617 4135 669 4189 boc
684 4141 712 4189 et
735 4133 795 4190 leve
811 4136 962 4192 tribulatio·
1018 4139 1215 4212 (narrarint,
1228 4135 1490 4209 tls-20).Quomodo
1505 4149 1561 4189 ιιοιι
1575 4131 1640 4188 illud
1654 4130 1728 4204 aspis
1738 4138 1817 4187 erat:

167 4221 210 4277 nis
233 4226 332 4276 nostrae
352 4235 434 4291 supra
462 4221 571 4277 modum
594 4221 622 4276 in
646 4222 810 4280 sublimitate
833 4231 963 4281 aternum
1019 4227 1064 4283 illa
1079 4227 1171 4299 utique
1184 4225 1219 4282 de
1234 4225 1339 4282 Psalmo
1354 4224 1428 4296 aspis
1441 4223 1532 4287 surda,
1549 4228 1577 4277 et
1590 4220 1721 4276 obturans
1735 4233 1816 4275 aures

165 4309 273 4382 pondus
286 4309 381 4381 gloriae
392 4317 519 4380 operatur
529 4310 556 4364 iu
571 4310 658 4368 nobis.
674 4309 739 4379 Quis
749 4327 815 4369 vero
830 4314 963 4369 istratum
1019 4330 1090 4385 suas,
1107 4330 1142 4371 uc
1156 4330 1250 4371 vocem
1264 4315 1356 4370 andbt
1375 4309 1563 4368 incantantis?
1583 4309 1670 4380 (Prot.
1690 4321 1759 4377 arur,
1774 4310 1815 4377 b.)

168 4399 254 4454 bonas
264 4413 315 4469 per
325 4398 471 4454 bonosnon
481 4398 654 4466 eredatfieri‚
664 4415 726 4457 cum
736 4402 962 4473 certumsitquod
1019 4404 1066 4460 Vis
1080 4418 1135 4460 non
1155 4403 1280 4460 terreris
1295 4411 1349 4459 mm
1360 4399 1479 4458 terrifico
1487 4404 1608 4455 monebo
1618 4395 1632 4450 i
1643 4395 1691 4454 vis
1701 4411 1816 4453 secums

166 4486 329 4543 econtrario
339 4485 416 4542 malae
426 4487 520 4558 utiquc
531 4485 783 4546 fiantimmissiones
793 4492 964 4566 perangelos
1018 4501 1079 4564 post
1097 4499 1211 4548 mortem
1225 4491 1364 4547 ambulare
1383 4503 1467 4560 super
1486 4487 1608 4560 aspidem
1628 4486 1726 4541 istaml
1741 4484 1814 4544 Cave

164 4574 273 4632 malosi
283 4575 416 4632 llabetote
424 4574 571 4631 familiares
578 4577 701 4649 angelos,
717 4579 816 4634 iratres
829 4580 893 4647 mei,
906 4582 961 4636 tre·
1018 4597 1053 4638 ne
1076 4581 1186 4637 interim
1199 4588 1260 4651 post
1279 4596 1338 4637 eam
1364 4578 1498 4647 ambules,
1513 4592 1581 4635 cave
1595 4591 1630 4633 ne
1645 4574 1769 4642 imiteris,
1786 4581 1813 4629 et

165 4665 449 4738 quentateeossedula
458 4665 624 4737 cogitatione
632 4667 763 4724 etdevota
771 4670 903 4734 oratioue,
916 4671 961 4742 qui
1016 4686 1071 4727 nou
1082 4670 1134 4726 erit
1146 4671 1219 4742 quod
1234 4685 1335 4742 paveas
1349 4670 1377 4725 in
1393 4667 1492 4726 lutura.

163 4770 274 4828 semper
286 4754 364 4811 vobis
372 4755 472 4809 adsunt
482 4754 516 4809 ad
526 4755 679 4812 custodiam
689 4765 718 4813 et
736 4758 960 4815 consolationem.
1052 4761 1077 4815 3.
1096 4757 1241 4816 Enimvero
1259 4760 1352 4816 vitium
1368 4766 1419 4827 est,
1445 4757 1489 4815 cui
1504 4771 1567 4814 reor
1579 4751 1715 4826 ejusmodi
1729 4751 1812 4821 spiri-

64 4836 67 4841 “
455 4842 572 4900 SERMO
598 4843 672 4900 Xlll.
1014 4855 1072 4903 tum
1090 4846 1239 4917 dominari;
1255 4858 1283 4905 et
1301 4849 1324 4905 si
1346 4848 1426 4906 vultis
1439 4848 1520 4920 scire,
1539 4846 1598 4916 ipsa
1612 4848 1655 4899 est
1677 4839 1812 4906 circuitio,

163 4931 475 5000 Deversoduoderimcr,
485 4932 672 4990 «inmanibus
679 4935 831 5007 portabant
841 4941 895 5001 ta»
904 4944 957 4992 etc.
1015 4953 1030 4993 a
1044 4954 1098 5010 qua
1112 4937 1189 4995 vobis
1199 4938 1328 4997 hesterno
1338 4954 1464 4996 sannone
1474 4933 1628 4991 monuimus
1635 4945 1696 4987 esse
1710 4944 1813 4986 caven·

198 5024 224 5075 t.
251 5020 396 5075 Possumus
420 5021 491 5075 bunc
506 5035 624 5091 vorsum,
640 5023 729 5095 quiin
753 5024 877 5079 manibus
905 5034 957 5091 est,
1014 5027 1094 5096 dum;
1109 5026 1168 5100 ipsa
1181 5028 1327 5086 obstinatio
1343 5036 1394 5100 cst,
1418 5027 1550 5084 adversus
1564 5035 1646 5094 quam
1668 5018 1756 5091 pridie
1773 5017 1812 5074 lo

162 5105 297 5175 videlicet,
315 5110 346 5163 ln
360 5110 491 5166 mooibrts
500 5111 704 5181 portabamus,
725 5120 790 5179 ete,
807 5127 861 5168 non
876 5114 958 5170 modo
1013 5117 1175 5189 quebamur.
1198 5118 1256 5175 Nec
1270 5119 1344 5175 enim
1367 5118 1450 5189 piget,
1473 5112 1581 5187 quoties
1597 5110 1679 5167 datur
1692 5108 1808 5172 occasio.

160 5197 197 5254 de
211 5194 340 5269 presenti
349 5197 535 5255 consolatione
550 5199 652 5256 dictum
666 5200 801 5273 accipere,
813 5201 861 5258 sed
875 5201 956 5258 etiam
1011 5205 1046 5261 ad
1060 5207 1111 5262 bac
1124 5213 1180 5263 ιιιιι
1193 5207 1271 5280 gravi
1284 5213 1361 5280 peste
1374 5203 1537 5277 praemunire
1551 5216 1610 5272 vos,
1627 5206 1657 5256 ut
1671 5213 1731 5255 earn
1745 5210 1808 5252 οιιι-

160 5280 196 5342 de
211 5285 310 5343 lutura.
329 5286 434 5358 Nempe
446 5287 606 5346 custodiunt
620 5304 671 5347 nos
683 5288 712 5346 in
726 5288 776 5349 viis
789 5289 892 5348 nostris
905 5307 956 5348 an·
1014 5294 1131 5352 raimodis
1157 5295 1285 5370 rugiens:
1313 5297 1385 5367 quod
1419 5294 1477 5351 burc
1503 5292 1613 5366 quidem
1644 5289 1679 5344 sit
1702 5299 1808 5342 summa

200 5395 256 5474 (³².)
276 5392 344 5475 ilinc
362 5400 449 5477 patet,
473 5397 849 5478 sermonembuncbabitum
872 5395 956 5456 luisse
1011 5401 1083 5473 apud
1112 5401 1274 5478 Gregorinm
1308 5403 1434 5476 Magnum
1456 5400 1484 5458 in
1507 5400 1554 5458 lib.
1579 5414 1599 5455 ιι
1621 5393 1808 5469 ulmeam.

157 5476 289 5539 proxume
305 5474 368 5538 post
384 5468 483 5526 testum
498 5466 529 5528 S.
540 5466 690 5538 Benedmti,
700 5468 736 5526 de
749 5485 804 5542 quo
816 5469 845 5526 id
857 5469 957 5546 legitm
1008 5487 1072 5547 cap.
1086 5475 1134 5534 ³5.
