3734 5948
105 210 151 274 :ts
835 209 1029 283 -rt’ttmtsllu
1726 213 1760 272 lb

7 320 11 326 ’
114 360 128 392 ι
143 340 206 413 quia
221 339 305 395 laicus
318 346 388 406 erat,
400 351 454 393 uon
469 337 573 402 Latina,
588 351 669 410 qnam
684 350 739 390 uon
755 334 897 407 didicerat,
913 334 962 391 sed
976 341 1098 389 materna
1114 333 1204 408 lingua
1227 332 1398 405 loquebatur.
1418 353 1430 388 s
1448 335 1486 389 De
1501 333 1631 391 iratribus
1641 349 1757 392 conrar-
1787 317 1798 383 Ι

113 429 151 486 sis
165 429 276 485 hicnon
291 427 406 500 agimm,
428 425 535 483 tametsi
554 426 650 482 eadem
673 432 845 499 argumenta,
864 438 928 494 qua
954 437 1005 494 pro
1028 421 1155 478 iratribus
1173 420 1249 476 laicis
1264 420 1389 488 militant,
1404 422 1508 478 eisdem
1523 423 1604 479 ctiam
1618 425 1758 481 conversis
1788 422 1798 473 Ι

111 518 286 585 conveniunt,
307 517 479 590 probantque
504 532 552 573 eos
576 515 667 572 itidem
693 514 793 586 linguae
821 512 921 568 Latinae
944 511 1124 583 intelligentia
1153 510 1284 567 caruisse.
1304 510 1383 580 Quod
1402 510 1578 568 confirmatur
1603 512 1756 570 {estimonio
1789 506 1798 575 l

110 606 236 663 llerberti
251 606 277 660 iu
294 605 363 662 libro
383 621 391 660 t
406 605 445 661 De
460 603 598 661 miraculis
612 602 894 672 Clarae-Vallensium,
910 616 971 674 cap.
990 605 1033 665 lb,
1048 601 1095 657 uhi
1110 599 1215 672 egilde
1230 600 1346 672 quodam
1361 615 1505 665 conuerso,
1519 619 1532 650 c
1546 599 1663 673 quicum
1679 600 1748 657 dere
1790 604 1798 655 l

109 694 194 750 nisset
208 693 242 749 ad
257 702 384 761 mortem,
400 694 483 764 coepit
497 692 570 766 loqui
582 692 678 749 Latino
692 690 810 763 eloquio,
827 706 888 746 cum
904 703 1041 762 nunquam
1058 689 1171 744 latinas
1185 687 1290 744 litteras
1304 688 1452 743 didicisset.
1474 707 1486 738 s
1500 688 1593 759 ltaque
1606 687 1754 744 universim
1791 684 1798 741 l

108 781 285 855 pronuntiare
300 783 373 853 licet,
388 781 487 854 linguae
506 779 609 836 Latinas
623 795 702 835 usum
721 779 904 851 promiscuum
923 792 978 835 uon
1001 775 1084 833 inisse
1110 793 1195 848 penes
1215 776 1321 848 vulgus,
1338 777 1441 832 etiamsi
1460 776 1560 861 passim
1574 781 1633 831 acta
1648 775 1754 847 publica
1792 769 1798 831 l

108 871 201 928 latine
216 873 409 928 conderentur.
426 871 496 926 Sane
513 871 607 924 Petrus
624 867 790 925 Venerabilis
805 869 831 923 in
846 867 892 923 lib.
909 882 949 937 xv,
964 864 1078 938 epistola
1103 869 1146 934 ts,
1176 864 1210 920 ad
1233 865 1407 922 Caelestinum
1429 879 1527 937 papam
1541 862 1634 921 scribit
1648 880 1678 920 se
1693 864 1751 936 epi·
1793 878 1798 929 t

108 959 205 1018 stolam
228 961 263 1016 de
287 961 346 1031 ejus
361 960 495 1015 electione
516 958 666 1031 accepisse,
682 968 765 1031 atque
780 957 808 1012 in
831 955 948 1029 capitulo
962 956 1069 1023 lectam,
1088 975 1099 1007 s
1118 961 1170 1010 tam
1186 955 1321 1021 litteratis,
1338 970 1418 1027 quam
1434 952 1588 1020 illitteratis,
1602 968 1672 1025 quos
1684 969 1750 1009 cou-
1795 970 1798 1009 l

107 1062 202 1104 uersos
215 1061 380 1112 vocamus·
396 1047 493 1120 inquit,
510 1066 523 1099 ι
541 1046 712 1117 exposuisse,
729 1065 742 1098 n
760 1046 787 1100 id
802 1052 845 1102 est
859 1045 951 1117 lingua
964 1043 1108 1101 vernacula
1122 1042 1289 1114 explicasse:
1305 1043 1378 1116 quod
1393 1042 1488 1099 inutile
1504 1041 1607 1108 luisset,
1623 1041 1646 1096 si
1655 1056 1751 1097 omnes
1795 1045 1798 1102 l

108 1136 230 1192 Lutirum
244 1135 363 1210 linguam
378 1134 545 1192 calluissent.
559 1134 683 1207 Denique
712 1133 826 1208 singulis
841 1133 992 1192 Galliarum
1016 1133 1162 1204 provinciis
1188 1148 1262 1200 suos,
1278 1131 1361 1189 luisse
1375 1134 1414 1188 uti
1431 1139 1459 1189 et
1478 1132 1570 1199 modo,
1586 1131 1750 1197 idiotismos,
1796 1138 1798 1183 i

106 1224 196 1296 arguit
209 1221 340 1279 Demnrdi
360 1222 474 1294 epistola
488 1223 531 1285 ol,
550 1222 584 1279 ad
601 1222 748 1279 monachos
770 1222 960 1279 Flaviacensea
982 1221 1042 1297 agri
1057 1221 1274 1279 bellovacensis:
1291 1221 1337 1279 ubi
1360 1222 1444 1294 ipsos,
1461 1229 1489 1278 et
1508 1236 1573 1279 suos
1587 1218 1749 1277 clareval-

106 1311 199 1369 lenses
214 1331 228 1364 s
243 1310 418 1367 dissimilibus
432 1311 531 1385 linguis
546 1330 562 1363 s
577 1326 642 1367 arsos
655 1311 763 1367 asserit.

142 1401 178 1457 X.
194 1400 404 1472 tarquinensis
419 1409 579 1457 restumse
594 1399 747 1456 habebant:
763 1398 812 1457 sed
841 1399 1015 1457 nihilominus
1043 1398 1173 1456 Bernsrdi
1201 1414 1343 1456 sermones
1369 1399 1397 1454 in
1427 1398 1523 1454 Latina
1549 1396 1640 1472 lingua
1661 1407 1751 1463 natos,

94 1484 200 1545 'latine
216 1489 343 1559 prolatos,
360 1495 442 1562 atque
462 1488 559 1545 eodem
574 1502 687 1560 prorsus
711 1488 793 1545 modo
808 1488 843 1543 ab
857 1489 917 1559 ejus
935 1487 1073 1560 discipulis
1096 1495 1226 1559 exceptos
1246 1485 1329 1544 luisse
1351 1487 1538 1544 indubitanter
1556 1486 1749 1543 existimamus.

107 1578 194 1635 Primo
208 1577 280 1633 euim
304 1577 331 1632 id
353 1579 442 1652 arguit
465 1585 614 1650 perpetuus
636 1577 796 1650 nativusque
818 1580 963 1634 verborum
989 1578 1063 1633 lusus
1085 1578 1112 1632 iu
1127 1577 1239 1634 vocibus
1262 1576 1374 1632 Latinis.
1390 1576 1494 1632 Deinde
1509 1575 1632 1649 ejusdem
1646 1575 1709 1647 styli
1723 1573 1750 1630 in

106 1666 278 1723 sermonibus
292 1675 320 1722 et
343 1666 370 1721 in
385 1667 444 1722 aliis
459 1668 518 1737 eius
543 1666 620 1722 libris
643 1675 672 1723 et
687 1666 844 1723 tractatibus
859 1666 1008 1739 equalitas.
1029 1665 1071 1721 hd
1095 1667 1155 1724 haec
1167 1666 1375 1723 carthusienses
1396 1683 1447 1738 per
1465 1681 1499 1722 ea
1512 1673 1646 1739 tempora,
1662 1665 1751 1739 quiet

108 1756 208 1811 iratres
218 1755 304 1811 laicos
317 1754 507 1822 admittebant,
522 1755 550 1812 iu
565 1754 680 1828 publicis
696 1755 729 1810 sd
744 1755 843 1811 iratres
856 1754 1030 1811 concionibus
1053 1755 1147 1812 latine
1161 1754 1298 1823 dicebant,
1314 1770 1431 1829 eumque
1445 1770 1524 1812 usum
1538 1755 1657 1812 retineat
1669 1754 1751 1810 etiam

108 1859 190 1901 nuuc.
206 1844 342 1900 Praeterea
355 1842 427 1900 idem
443 1843 478 1901 de
505 1843 565 1900 aliis
593 1843 724 1899 Demardi
750 1844 932 1912 sermonibus,
948 1858 980 1900 ac
994 1845 1029 1899 de
1053 1843 1223 1918 expositione
1250 1846 1277 1902 in
1291 1845 1402 1903 Cantica
1415 1845 1584 1903 censendum
1598 1850 1658 1900 est:
1673 1843 1752 1914 cujus

107 1933 283 2007 expositionis
296 1947 439 1990 sermones
453 1933 550 1990 eodem
574 1947 686 2004 prorsus
707 1932 788 1989 modo
810 1933 903 2005 scripti
927 1940 1001 1999 snut,
1016 1948 1069 2005 quo
1083 1933 1261 2004 pronuntiati,
1281 1949 1314 1990 ex
1328 1949 1455 1991 sermone
1469 1936 1515 2001 bb,
1529 1948 1595 1989 num
1610 1937 1636 1997 l,
1652 1933 1680 1988 in
1695 1933 1752 1988 bac

105 2021 208 2079 rerba:
229 2040 241 2074 ι
257 2021 364 2093 Scripta
378 2031 442 2079 sant
455 2030 485 2079 ut
494 2021 567 2079 dicta
580 2028 654 2088 suut,
669 2027 698 2078 et
712 2030 826 2094 excepta
837 2021 918 2093 stylo,
933 2021 1003 2078 sicut
1022 2029 1050 2078 et
1064 2036 1206 2079 sermones
1220 2021 1321 2088 caeteri,
1342 2031 1372 2079 ut
1385 2021 1466 2080 lacile
1481 2030 1657 2093 recuperetur
1676 2020 1751 2094 qnod

105 2110 176 2167 torte
191 2110 349 2168 exciderit.»

141 2200 190 2254 Xl.
206 2200 247 2254 lix
261 2200 312 2254 hoc
332 2197 392 2254 loco
406 2197 556 2270 explicatur
569 2199 694 2270 superius
708 2199 890 2254 testimonium
904 2214 938 2256 ex
952 2198 1067 2270 epistola
1083 2203 1114 2254 lt
1129 2198 1276 2270 objectum,
1294 2198 1340 2254 ubi
1354 2197 1463 2270 quidam
1484 2198 1583 2256 iratres
1600 2212 1634 2256 ex
1647 2197 1689 2254 his
1704 2197 1750 2272 qni

104 2287 270 2344 bernardum
285 2301 376 2343 coram
392 2287 548 2358 loquentem
567 2287 660 2342 audire
683 2288 806 2344 solebant
822 2289 882 2357 eJus
907 2303 1047 2343 saumones
1075 2287 1144 2360 stylo
1172 2287 1312 2358 excepisse
1340 2296 1535 2356 memorantur,
1550 2288 1577 2344 id
1592 2295 1634 2346 cst
1648 2287 1752 2345 calamo

104 2394 154 2434 seu
168 2375 326 2448 scriptione,
342 2391 399 2430 non
419 2376 530 2447 propria
557 2376 692 2433 oratione.
707 2377 751 2432 Sic
777 2376 903 2432 Nicolaus
931 2375 1170 2432 ctare-vallensis
1197 2376 1224 2431 in
1246 2376 1361 2448 epistola
1376 2381 1427 2433 39:
1446 2399 1457 2431 a
1473 2378 1530 2435 Nec
1544 2376 1643 2434 sufficit
1658 2393 1753 2433 mauus

105 2468 139 2522 ad
154 2464 301 2523 tenendum
316 2463 425 2537 stylum.
444 2480 456 2515 s
474 2464 577 2518 Eodem
592 2478 672 2519 seusu
686 2464 862 2536 intelligenda
877 2473 919 2520 est
930 2464 988 2521 hae
1003 2480 1054 2522 vox
1073 2464 1101 2519 in
1115 2463 1170 2521 hue
1187 2464 1311 2537 epistolae
1324 2468 1395 2522 304:
1414 2490 1427 2516 α
1451 2466 1502 2537 Qui
1524 2466 1601 2539 legit,
1621 2473 1752 2540 agnoscat

105 2556 213 2630 stylum,
230 2556 292 2628 quia
305 2555 364 2626 ipse
378 2553 485 2610 dicmvi.
505 2575 518 2604 ι
535 2552 584 2608 Ubi
600 2562 628 2609 et
642 2561 728 2626 stylus
743 2570 794 2626 pro
808 2555 941 2625 scriptura
961 2554 1132 2626 idiographa,
1147 2562 1175 2612 et
1189 2556 1293 2612 dictare
1308 2572 1358 2629 pro
1373 2557 1494 2614 scribere
1509 2555 1619 2614 indubie
1632 2572 1750 2629 usurpa-

106 2652 159 2704 lur.
176 2645 221 2701 Sic
232 2644 262 2699 in
277 2643 331 2699 fine
345 2642 467 2714 epistolae
482 2645 552 2697 3ltl:
571 2663 583 2692 r
601 2645 663 2699 llaec
678 2644 736 2714 ipse
760 2643 871 2709 dictavi,
893 2646 932 2699 sic
955 2659 1000 2699 me
1024 2644 1183 2709 habenam
1206 2660 1257 2716 per
1277 2654 1369 2700 notam
1385 2646 1461 2702 vobis
1476 2662 1584 2702 manum
1598 2647 1752 2721 agnoscatis

102 2735 240 2791 allectam.
257 2754 270 2786 s
287 2733 362 2790 Nihil
372 2732 480 2789 clarius.
496 2732 593 2803 Neque
620 2734 692 2789 euim
721 2732 854 2789 orationis
877 2733 964 2805 stylus
986 2749 1096 2788 menum
1120 2733 1231 2800 iudicat,
1250 2734 1299 2791 sed
1316 2735 1425 2807 propria
1440 2735 1561 2805 scriptio.
1580 2735 1630 2792 llis
1645 2735 1753 2792 accedit

102 2823 235 2880 Guillelmi
248 2821 394 2879 auctoritas
412 2821 439 2876 iu
462 2820 530 2878 libro
544 2837 554 2875 ι
568 2822 602 2875 de
628 2822 755 2878 bernardi
779 2822 848 2888 Vita,
873 2838 948 2880 num.
970 2822 1218 2878 tentassemus
1246 2823 1297 2879 hoc
1320 2824 1424 2894 scripta
1446 2823 1517 2892 eius,
1542 2838 1604 2894 quae
1624 2823 1667 2881 vel
1690 2824 1752 2895 ipse

105 2914 223 2986 scripsit,
242 2913 286 2970 rel
300 2912 344 2968 alii
357 2911 535 2983 scripsemnt,
552 2911 621 2968 sieut
635 2927 668 2967 ex
687 2928 735 2968 cre
750 2913 811 2983 ejus
824 2919 1001 2983 exceperunt.
1020 2932 1032 2963 s
1049 2912 1112 2968 Haec
1125 2928 1191 2969 sane
1206 2927 1256 2969 uos
1270 2919 1393 2978 movent,
1406 2919 1436 2968 ut
1459 2912 1590 2968 Demardi
1610 2928 1753 2970 sermones

105 3019 160 3059 nan
178 3003 231 3058 ulio
243 3000 313 3073 stylo
325 3017 373 3057 seu
388 2999 496 3056 dicendi
510 3015 623 3074 genere,
638 3017 719 3072 quam
734 3016 787 3074 quo
812 3002 846 3056 ab
869 3001 928 3073 ipso
950 3001 1045 3073 prolati
1070 3011 1142 3070 sunt,
1158 3001 1191 3057 sd
1206 3016 1258 3057 nos
1279 3002 1438 3072 pervenisse
1461 3001 1666 3070 existimemus;
1682 3011 1709 3059 et
1725 3004 1752 3057 in

104 3092 197 3149 codice
214 3090 332 3147 Fuliensi
345 3105 400 3146 nou
414 3092 533 3147 nativam
553 3105 648 3145 eorum
672 3091 801 3166 linguam,
829 3091 876 3145 scd
902 3091 1005 3146 Latinae
1028 3091 1231 3148 translationem
1247 3090 1390 3146 contineri.
1407 3090 1443 3145 llt
1461 3090 1570 3162 quidem
1584 3093 1672 3149 codex
1700 3093 1752 3149 iste

104 3195 186 3253 quem
199 3177 398 3251 autographum
413 3193 474 3233 esse
489 3185 626 3248 putamus,
647 3193 701 3233 uon
727 3185 791 3233 ante
813 3178 942 3234 Bernardi
964 3177 1067 3234 obitum
1083 3178 1201 3249 scriptus
1225 3177 1274 3233 luit
1287 3195 1294 3232 :
1309 3176 1337 3232 id
1352 3178 1425 3250 quod
1443 3178 1541 3250 probat
1555 3178 1706 3252 inscriptio,
1722 3181 1752 3234 in

104 3282 158 3339 qua
179 3264 333 3321 Demardus
351 3271 461 3319 sauctus
486 3264 649 3335 appellatur,
672 3273 702 3319 ut
726 3275 819 3335 postea
843 3264 1004 3321 videbimus.
1030 3268 1102 3321 Saue
1121 3266 1259 3322 auditores
1280 3280 1344 3321 auos
1358 3266 1386 3320 iu
1411 3266 1506 3322 litteris
1532 3266 1616 3322 sacris
1631 3267 1752 3323 eruditos

104 3355 169 3411 dicit
183 3369 238 3410 non
254 3353 349 3423 semel,
365 3360 395 3409 ut
409 3368 536 3409 scurrone
552 3353 632 3409 tertio
647 3355 680 3408 dc
698 3355 776 3408 Petro
793 3363 821 3410 et
835 3354 928 3422 Paulo,
945 3370 1019 3409 num.
1036 3359 1069 3410 o:
1089 3375 1103 3406 ι
1120 3353 1279 3409 Meministis
1303 3355 1396 3423 credo,
1412 3355 1560 3411 scientibus
1574 3356 1646 3411 enim
1662 3356 1751 3428 legem

106 3444 214 3514 loquor,
231 3463 243 3493 a
260 3449 326 3509 ete,
342 3447 370 3497 et
382 3455 510 3496 sermone
524 3445 540 3496 'l
555 3441 583 3496 in
608 3442 739 3512 psalmum
754 3458 802 3506 xc,
818 3459 894 3515 num,
910 3445 950 3502 h:
969 3441 1104 3497 «Balaam
1120 3441 1192 3508 dico,
1221 3442 1333 3499 recolite
1356 3445 1401 3515 qui
1427 3444 1554 3501 historias
1568 3445 1663 3502 nostis.
1680 3466 1694 3498 s
1709 3448 1750 3500 td

105 3535 164 3589 haec
178 3547 306 3589 sermone
322 3531 350 3586 iu
370 3530 440 3588 leste
454 3531 574 3597 Paschae,
590 3548 665 3586 uum.
682 3536 734 3590 lo:
754 3552 765 3584 s
783 3533 962 3604 Apocalypsis
976 3533 1059 3588 verba
1069 3541 1149 3587 suut:
1166 3531 1272 3588 discant
1287 3533 1332 3604 qui
1347 3548 1402 3589 uon
1417 3534 1554 3606 legerunt,
1571 3534 1692 3590 recolant
1705 3537 1750 3605 qui

106 3630 249 3680 noverunt.
269 3621 426 3693 »Apertius
439 3636 567 3676 sermone
582 3621 599 3676 l
614 3620 648 3678 de
662 3622 808 3678 Nativitate
832 3621 949 3687 Dorumi,
976 3638 1050 3677 num.
1069 3625 1081 3675 l
1097 3639 1103 3676 :
1122 3643 1133 3673 ι
1151 3620 1306 3678 scientibus
1332 3622 1485 3693 Scripturas
1498 3624 1604 3695 loquor.
1624 3645 1635 3675 s
1652 3625 1752 3680 Confer

105 3727 260 3768 sermonem
281 3714 314 3767 tt)
328 3711 357 3766 in
370 3709 501 3782 psalmum
515 3724 565 3775 xc,
581 3725 654 3769 num.
671 3712 697 3767 2.
710 3711 751 3766 Ex
766 3712 807 3766 his
820 3711 946 3768 omnibus
961 3710 1131 3784 intelligitur,
1147 3711 1278 3767 Demardi
1293 3711 1431 3771 auditores
1452 3713 1597 3784 litteratos,
1612 3727 1644 3768 ac
1658 3713 1751 3769 latine

105 3800 224 3856 scientes
237 3796 330 3864 luisse,

142 3887 204 3943 llll.
219 3887 276 3942 Nec
291 3901 341 3942 nos
356 3886 390 3941 ab
405 3886 456 3942 hac
474 3888 609 3943 sententia
626 3904 755 3946 revocare
773 3888 847 3947 valet
869 3889 989 3960 objectio
1009 3904 1042 3944 cx
1059 3889 1186 3946 iratribus
1203 3889 1286 3958 laicis,
1304 3889 1339 3945 ad
1355 3903 1424 3961 quos
1439 3889 1530 3947 lorsau
1552 3904 1695 3948 sennones
1708 3892 1752 3946 atii

107 3977 277 4032 habebantur
296 3974 382 4046 stragis
404 3975 559 4044 familiares,
581 3977 604 4031 si
624 3992 680 4033 nou
702 3994 763 4034 ctum
783 3979 922 4037 conversis
939 3979 1045 4051 privato
1061 3978 1179 4049 capitulo
1205 3977 1287 4049 (qnod
1310 3978 1424 4054 singulis
1450 3979 1596 4036 Dominicis
1614 3980 1712 4036 diebus
1725 3981 1753 4034 in

108 4068 203 4122 borum
218 4064 333 4137 gratiam
348 4080 381 4119 ex
397 4080 446 4119 usu
461 4065 566 4122 ordinis
579 4082 641 4122 cum
665 4068 810 4124 vernaculo
832 4084 959 4126 sermone
980 4068 1071 4137 liebati
1095 4068 1255 4123 intererant.
1280 4067 1409 4124 Nonnihil
1423 4075 1513 4126 tamen
1528 4070 1629 4145 negotii
1646 4071 1753 4127 lacessit

108 4154 210 4212 Nicolai
224 4152 460 4209 Clarae-vallensis
472 4154 588 4224 epistola
597 4158 643 4220 al,
659 4156 694 4213 de
713 4172 766 4229 qua
781 4156 895 4212 interius
908 4158 1052 4231 agendum.

145 4243 220 4298 xiil,
238 4242 266 4296 lu
283 4242 324 4296 his
344 4257 424 4313 porro
439 4243 680 4304 exhortationibus.
696 4259 765 4314 quas
786 4245 843 4300 sive
866 4245 901 4299 ad
920 4258 1078 4313 couversos,
1098 4258 1146 4299 seu
1167 4243 1201 4298 ad
1222 4253 1366 4301 extraneos
1380 4254 1408 4302 et
1422 4247 1564 4304 saeculares
1577 4247 1700 4305 homiues
1715 4250 1727 4304 i
1742 4279 1753 4290 -

109 4332 202 4390 ciebat
215 4334 256 4388 vir
269 4341 388 4398 sauctus,
404 4331 507 4402 vulgaui
522 4331 650 4388 idiomate
668 4332 763 4404 procul
786 4333 868 4388 dubio
882 4333 1019 4390 utebatur.
1046 4332 1087 4386 hd
1103 4332 1209 4404 priores
1225 4335 1341 4404 pertinet
1358 4337 1459 4392 (lictum
1474 4337 1598 4394 conversi
1612 4339 1754 4408 cujusdam

110 4422 228 4477 animam
241 4421 357 4494 manus,
372 4421 449 4493 quis
467 4420 605 4476 Demardo
632 4421 666 4475 ad
694 4436 770 4492 spem
799 4421 977 4478 Christianam
1001 4420 1144 4488 animatus,
1169 4424 1310 4493 respoudit
1332 4440 1360 4480 se
1390 4424 1424 4480 de
1446 4425 1545 4482 Christi
1568 4426 1754 4484 misericordia

110 4526 236 4567 securum
251 4526 323 4567 esse.
344 4508 413 4565 'lum
427 4510 461 4564 ab
476 4509 573 4566 eodem
588 4525 748 4581 repressus:
766 4531 780 4565 s
801 4510 828 4566 Si
842 4525 908 4567 vera
922 4517 1001 4580 est»
1019 4509 1089 4576 iniit,
1106 4532 1120 4560 r
1136 4510 1348 4582 illapraedioatio
1363 4522 1554 4587 vestra,quam
1564 4516 1642 4572 uobis
1656 4518 1755 4588 saepius

112 4600 278 4666 inculcastis,
307 4597 379 4672 quod
407 4597 509 4655 scilicet
526 4613 642 4670 reguum
669 4598 720 4655 Dei
741 4613 796 4656 nou
819 4599 909 4655 carnis
931 4598 1084 4666 nobilitate,
1109 4613 1164 4656 nou
1188 4600 1305 4656 terrenis
1327 4601 1430 4659 divitiis
1452 4604 1618 4676 possidetur,
1635 4607 1682 4662 sed
1697 4607 1755 4663 sola

110 4688 275 4746 obedientiae
293 4687 394 4744 virtute
408 4686 578 4759 acquiritur;
593 4686 662 4742 hanc
685 4702 767 4743 uuam
786 4686 959 4752 seutentiam,
982 4694 1109 4760 tanquam
1137 4688 1250 4745 verbum
1274 4690 1489 4749 abbreviatuma
1511 4695 1637 4767 Domino,
1661 4696 1755 4752 sedula

109 4779 369 4834 commemoratione
385 4775 456 4849 apud
471 4792 516 4832 me
540 4776 659 4832 continui
676 4777 725 4848 (l),
742 4798 755 4827 s
780 4783 832 4832 ete.
858 4777 1011 4833 bernardus
1036 4778 1127 4850 itaque
1141 4779 1175 4831 ad
1191 4793 1336 4834 couversos
1349 4782 1569 4852 praedicationem
1585 4784 1711 4851 iaciebat,
1728 4798 1756 4843 et

110 4864 222 4938 quidem
237 4866 334 4922 diebus
347 4863 493 4921 Dominicis
515 4863 543 4920 iu
563 4864 669 4936 privato
691 4879 785 4920 eorum
806 4864 933 4935 capitulo,
955 4875 986 4921 ut
1013 4864 1235 4921 Cisterciensium
1258 4869 1375 4940 antiquae
1397 4870 1570 4927 definitiones
1583 4874 1755 4946 praecipiunt,

109 4953 283 5009 distinctione
299 4956 343 5026 ll,
357 4969 408 5025 cap
423 4955 450 5009 l.
740 4959 750 4976 ‘

147 5042 222 5100 xlii.
237 5042 334 5115 Neque
348 5043 430 5098 etiam
445 5041 620 5098 saecularibus
633 5049 662 5099 et
675 5043 786 5111 exteris,
803 5042 826 5097 si
840 5042 950 5113 quaudo
964 5043 1083 5100 charitas
1096 5051 1143 5099 aut
1156 5046 1262 5101 occasio
1282 5047 1420 5118 postulare
1450 5048 1604 5118 videbatur,
1634 5060 1754 5120 sanctus,

111 5133 210 5196 doctor
224 5132 332 5202 deerat,
345 5139 415 5188 teste
429 5131 561 5188 Gautrido
572 5132 600 5188 iu
620 5132 669 5187 lib.
687 5147 716 5188 ιιι
730 5131 766 5188 de
779 5132 867 5203 ipsius
880 5133 940 5189 lita
952 5149 1013 5205 cap.
1030 5137 1057 5201 3,
1073 5150 1101 5188 u.
1117 5138 1151 5189 ιι
1169 5156 1183 5184 ι
1202 5136 1302 5207 Populo
1319 5137 1370 5193 Dei
1380 5153 1489 5210 semper
1502 5142 1633 5211 prodesse
1643 5144 1756 5210 studuit,

119 5237 261 5297 uunquam
272 5236 392 5297 preesse
406 5222 544 5281 sustinuit.
561 5222 633 5279 llaro
647 5229 747 5294 tamen,
762 5222 814 5278 nisi
825 5222 892 5278 lortc
906 5222 940 5276 ad
956 5222 1015 5279 loca
1029 5225 1161 5294 proxima,
1178 5231 1209 5279 ιιι
1223 5226 1483 5298 praedicaretexiuit.
1499 5229 1554 5288 Sed
1569 5233 1675 5306 quoties
1694 5249 1756 5291 eum

147 5474 190 5548 tl)
200 5473 259 5530 Vita
271 5473 300 5529 S.
316 5472 407 5542 Deru,
418 5472 465 5531 lib.
480 5487 599 5546 v11,cap.
615 5477 660 5534 ιι.
