3734 5948
92 195 154 257 aaa
580 191 608 252 s.
629 187 1274 255 εεειιεειιεειιιεειιιιειιιιειειε
1697 201 1749 262 124

102 328 188 394 tores,
207 321 350 382 inveniunt
372 321 446 395 qnod
469 321 504 377 ad
526 333 574 377 eos
588 318 690 375 dictum
713 324 754 376 εει
772 318 895 389 verbum,
914 333 938 413 Α
954 319 1059 390 mnndi,
1076 320 1187 377 damnet
1201 321 1293 378 saeculi
1306 322 1463 382 vanitatem.
1485 323 1609 382 Necdum
1630 326 1752 400 loquitur

104 411 230 470 nuntiant
265 413 352 470 aliis:
379 411 534 483 quicunque
570 409 692 475 audiunt,
717 406 896 463 admirantur.
953 409 1054 481 lingua,
1071 415 1098 466 ει
1124 425 1293 483 quecunque
1316 412 1351 468 de
1367 428 1399 469 eo
1414 421 1487 485 sunt,
1502 413 1630 487 clamant,
1646 417 1750 488 praedi-

103 501 168 559 Haeo
182 510 209 559 et
224 502 266 559 his
281 500 388 571 similia,
403 499 582 570 dilectissimi,
595 498 694 555 divinar
707 497 812 554 virtutis
826 505 897 567 sunt,
952 503 1025 568 eant,
1041 497 1231 571 evangelizant
1247 515 1253 555 :
1270 499 1328 571 ipsa
1346 517 1457 574 quoque
1478 499 1612 559 infantilia
1626 506 1752 562 membra

103 606 159 647 nou
174 590 327 664 fragilitatis
341 592 477 647 humanae.
498 591 571 646 Vasa
585 596 647 644 sunt
665 601 747 643 aurea
758 595 785 642 ει
798 603 897 660 orgen·
951 601 1006 642 non
1030 587 1120 645 silent.
1141 588 1172 643 ln
1192 588 1320 645 omnibus
1343 590 1437 646 mundi
1461 591 1594 662 judicium
1615 594 1750 667 arguitur,

104 686 158 746 tea,
177 681 276 754 quibus
293 696 343 753 pro
359 688 433 736 tanta
448 678 617 736 solemnitate
638 675 773 731 inmensa
791 676 899 732 Domini
951 677 1126 747 subvertitur,
1142 677 1305 737 confutatur.
1321 678 1388 750 Quis
1412 680 1484 737 enim
1499 681 1650 752 hominum,
1667 683 1689 739 si
1704 685 1752 740 da·

104 770 185 826 etiam
202 769 299 844 egenis
313 771 465 843 quibusque
484 766 565 823 hodie
587 765 763 823 ministratur.
782 769 843 824 Non
859 773 900 823 εει
952 774 1029 822 retur
1040 766 1124 838 optio,
1140 781 1194 822 non
1211 767 1300 840 magis
1313 768 1426 840 eligeret
1450 771 1593 828 robustum
1609 788 1708 845 corpus
1723 783 1753 831 et

103 859 182 916 uobis
197 859 291 917 tollere
311 859 371 929 ista,
396 875 449 914 nou
478 856 557 913 nobis
584 856 662 912 datur
685 871 785 912 aureus
809 856 900 912 discus
952 863 1059 913 aetatem
1078 855 1286 927 intelligibilem,
1302 873 1384 929 quana
1403 857 1580 915 infantilem?
1594 860 1617 918 0
1633 862 1751 934 Sapien-

103 955 149 1004 aut
163 950 290 1021 scyphus,
307 948 355 1004 sed
371 946 417 1018 qui
438 945 465 1000 in
476 944 516 1002 eis
531 952 573 1001 est
587 943 662 1000 cibus
677 950 704 1000 ct
722 950 811 1017 potus.
827 945 898 1001 Dili·
953 946 999 1013 tia,
1015 962 1076 1018 qnae
1100 945 1135 1001 de
1154 945 1267 1001 occultis
1292 947 1431 1004 traheris?
1446 963 1463 1005 o
1477 964 1541 1007 vere
1565 949 1708 1007 incarnata
1723 959 1753 1010 et

101 1040 199 1109 genter
213 1035 372 1100 considero,
385 1034 422 1090 ait
436 1033 561 1105 Sapiens,
577 1050 639 1106 puae
650 1032 701 1090 tibi
717 1039 900 1106 opponuntur
952 1034 1041 1090 velata
1065 1034 1220 1107 Sapientia!
1238 1035 1272 1090 Et
1294 1042 1396 1108 tamen,
1413 1036 1523 1107 iratres,
1539 1039 1599 1111 ipse
1622 1049 1664 1097 est
1683 1057 1752 1113 pro-

103 1126 195 1195 (Pron.
206 1139 290 1194 xxrrr,
309 1125 346 1197 ι).
360 1124 395 1179 Ει
405 1139 457 1197 ego
467 1130 542 1180 certe
553 1137 672 1196 igneam
682 1137 744 1178 mea
758 1136 819 1177 esse
829 1121 900 1178 Nati·
951 1122 1051 1179 missus
1066 1123 1130 1179 olim
1145 1136 1195 1196 per
1212 1124 1309 1180 lsainm
1330 1126 1468 1197 parvulus,
1484 1127 1575 1184 sciens
1599 1131 1752 1202 reprobare

103 1211 192 1270 vitatis
215 1213 298 1283 hujus
322 1219 429 1284 tempus
453 1219 480 1266 et
502 1210 600 1280 locum,
623 1207 753 1266 infantilis
777 1209 900 1280 corporis
952 1211 1063 1281 malum,
1077 1219 1105 1268 et
1118 1211 1219 1284 eligere
1234 1213 1422 1286 bouum(lsor'.
1435 1231 1483 1284 vu,
1498 1217 1553 1288 15).
1565 1216 1665 1275 bialum
1684 1235 1752 1293 ergo

66 1317 75 1334 ·
104 1299 328 1368 teneritudinem,
343 1299 447 1372 parvuli
463 1300 570 1376 vagitus
594 1305 622 1356 et
643 1298 793 1370 lacrymas3
809 1297 858 1354 scd
873 1306 900 1354 et
952 1301 1077 1373 voluptas
1090 1301 1223 1373 corporis,
1239 1303 1341 1359 bonum
1361 1320 1427 1360 vero
1454 1304 1565 1362 afflictio
1580 1313 1623 1362 εει
1638 1325 1645 1364 :
1663 1307 1752 1381 siqui-

101 1391 225 1464 ipsomm
239 1390 338 1464 quibus
356 1390 444 1462 primo
458 1390 635 1445 annuntiatur
653 1388 779 1445 nativitas
803 1388 899 1445 Salva·
952 1390 1016 1447 dem
1032 1397 1058 1446 et
1073 1392 1143 1448 haue
1157 1390 1243 1465 eligit,
1260 1398 1288 1448 et
1302 1391 1375 1447 illam
1391 1394 1521 1465 reprobat
1541 1410 1611 1467 puer
1631 1396 1751 1468 sapiens,

104 1479 179 1548 toris,
209 1487 397 1553 paupertatem
426 1488 566 1551 pastorum
592 1486 674 1551 atque
697 1476 813 1552 vigilias.
841 1478 899 1533 lica
953 1480 1074 1537 Verbum
1096 1479 1197 1537 inians.
1216 1480 1335 1538 Verbum
1359 1481 1433 1538 enirn
1456 1498 1521 1540 caro
1542 1483 1644 1541 iactum
1659 1492 1710 1554 est,
1724 1493 1753 1541 et

102 1570 247 1639 suntbaec,
268 1585 318 1640 pro
337 1585 382 1626 me
402 1568 513 1639 iaciunt,
541 1567 608 1624 mibi
625 1579 809 1641 apponuntur,
833 1566 900 1623 mihi
953 1584 1016 1626 caro
1043 1567 1161 1639 infirma,
1190 1584 1254 1626 caro
1282 1568 1427 1642 infantilis,
1455 1587 1520 1629 earo
1549 1579 1659 1642 tenera,
1688 1589 1752 1631 caro

102 1667 291 1733 proponuntur
304 1659 444 1715 imitanda.
459 1658 555 1715 Hieme
566 1665 645 1714 natus
658 1664 709 1728 est,
725 1664 805 1714 nocte
821 1663 900 1714 natus
916 1676 938 1754 p
953 1658 1100 1733 impotens,
1115 1657 1204 1716 omnis
1216 1658 1317 1732 operis,
1332 1659 1421 1715 omnis
1435 1660 1537 1717 laboris
1552 1660 1708 1733 impatiens.

14 1780 17 1785 ,
103 1755 145 1804 est
168 1747 299 1805 Christus.
319 1747 449 1821 Nunquid
468 1747 606 1804 credimus
623 1762 687 1803 casu
702 1745 803 1803 iactum
822 1753 852 1802 ut
872 1746 900 1802 in
990 1752 1016 1805 3.
1031 1749 1065 1804 Et
1078 1763 1153 1818 vere,
1170 1747 1277 1819 iratres,
1295 1749 1417 1805 Verbum
1441 1747 1544 1806 iactum
1568 1757 1612 1806 est
1633 1765 1709 1819 caro,
1725 1758 1753 1808 et

103 1843 177 1892 tanta
200 1837 273 1894 aeris
294 1837 469 1895 inclementia
493 1844 520 1893 et
539 1837 567 1892 in
591 1836 712 1894 tenebris
730 1844 897 1908 nasceretur,
953 1834 992 1893 sic
1010 1834 1141 1892 habitavit
1154 1836 1183 1892 in
1198 1835 1287 1892 nobis.
1308 1836 1378 1891 Dum
1394 1831 1471 1894 'esset
1485 1836 1513 1893 iu
1528 1836 1661 1910 principio
1679 1840 1752 1911 apud

102 1927 181 1998 cujus
196 1933 239 1982 eat
252 1924 340 1982 hiems
353 1933 382 1982 et
410 1933 500 1994 aestas,
526 1925 585 1981 dies
599 1932 626 1981 et
644 1923 727 1983 189
743 1926 819 1983 noxi
837 1926 899 1983 Non
952 1925 1040 1982 Deum
1055 1926 1148 1998 (loon.
1164 1941 1184 1996 r,
1201 1926 1257 1997 at),
1273 1925 1363 1982 lucem
1376 1926 1516 1982 habitabat
1536 1926 1752 1985 inaccessibilem

102 2013 205 2086 eligunt
231 2013 336 2087 parvuli
355 2013 447 2070 caeteri
472 2013 581 2087 quando
604 2022 750 2071 nascantur
773 2034 778 2073 :
798 2013 900 2088 quippe
953 2014 1377 2088 (lle'm.v1‚lti),etnonerat
1397 2015 1444 2088 qui
1459 2023 1571 2088 caperet
1594 2015 1668 2072 illud.
1684 2015 1752 2086 Quis

99 2103 199 2176 quibus
213 2102 302 2160 adhuc
316 2104 359 2160 vix
373 2103 568 2176 incipientibus
582 2103 684 2174 vivere,
702 2105 792 2160 nullus
807 2106 901 2161 subest
953 2103 1026 2160 enirn
1039 2103 1212 2178 investigavit
1226 2121 1337 2160 sensum
1352 2103 1480 2161 Domini?
1491 2111 1536 2160 aut
1551 2104 1613 2176 quis
1624 2105 1751 2162 consilia-

102 2193 215 2249 rationis
235 2209 309 2263 usus,
330 2193 404 2249 nulla
419 2193 539 2269 eligendi
557 2192 680 2263 libertas,
701 2193 813 2250 facultas
827 2195 900 2250 nulla
954 2192 1009 2248 rius
1021 2193 1082 2263 eius
1097 2191 1250 2264 luititlsai.
1260 2209 1308 2262 ιιι,
1319 2193 1375 2265 13.)
1388 2191 1511 2249 carnalis
1523 2191 1604 2250 horno
1621 2208 1674 2250 non
1688 2209 1752 2265 per-

104 2281 282 2338 delibernndi.
308 2281 439 2351 Christus,
470 2282 578 2353 iratres,
599 2282 650 2338 etsi
671 2283 752 2340 bomo
773 2299 827 2341 non
842 2291 901 2340 erat
953 2281 1017 2353 cipit
1032 2297 1064 2338 ca
1078 2298 1140 2353 qnae
1161 2290 1224 2337 sunt
1246 2281 1361 2353 Spiritus
1384 2282 1434 2338 Dei
1448 2282 1475 2352 (l
1489 2272 1550 2341 dor.
1567 2299 1597 2352 u,
1614 2282 1682 2350 til:
1703 2283 1752 2339 sed

104 2370 174 2440 (tu),
191 2377 250 2426 emt
271 2378 363 2426 tamen
391 2370 418 2425 in
433 2370 565 2444 principio
579 2371 651 2444 apud
670 2371 766 2442 Deum,
784 2375 811 2428 et
827 2373 901 2428 Deus
952 2373 1009 2443 jam
1034 2371 1124 2442 capiat
1142 2379 1169 2447 et
1192 2371 1317 2441 carnalis,
1342 2370 1406 2443 quia
1434 2371 1553 2427 Verbum
1580 2371 1681 2427 iactum
1710 2377 1753 2427 est

102 2465 171 2529 erat,
188 2459 323 2532 ejusdem,
339 2460 501 2530 cujusnuno
517 2470 567 2530 ost,
587 2459 728 2533 sapientiae
742 2468 900 2532 etpotesta·
953 2475 1027 2517 caro.
1057 2460 1085 2516 Si
1108 2459 1175 2515 nibil
1200 2468 1300 2530 praeter
1322 2477 1433 2516 carnem
1455 2460 1531 2518 novit
1553 2460 1657 2529 audire,
1685 2477 1751 2516 ecce

103 2548 147 2618 tis,
167 2555 261 2620 utpote
275 2548 324 2605 Dei
342 2548 437 2618 virtus,
459 2556 487 2604 et
507 2549 558 2605 Dei
576 2548 720 2621 sapientia.
741 2548 901 2605 Nasciturus
954 2546 1074 2604 Verbum
1089 2565 1152 2606 caro
1166 2549 1265 2605 iactum
1288 2556 1328 2605 est
1346 2564 1352 2603 :
1369 2549 1460 2605 audiat
1475 2548 1540 2605 illud
1559 2549 1601 2605 vel
1617 2548 1644 2604 iu
1658 2563 1750 2606 carne.

102 2639 195 2713 itaque
210 2639 259 2695 Dei
273 2639 365 2709 Filius,
381 2642 458 2711 cujus
473 2640 501 2695 in
516 2640 628 2696 arbitrio
643 2647 702 2696 erat
716 2642 900 2714 quodcunque
953 2635 977 2693 0
1001 2638 1095 2706 horno,
1121 2638 1147 2693 in
1169 2655 1250 2695 carue
1271 2637 1320 2695 tibi
1343 2637 1487 2695 exhibetur
1510 2637 1649 2709 Sapientia
1674 2655 1681 2693 ι
1707 2636 1753 2693 illa

102 2728 185 2786 vellet
193 2728 295 2802 eligere
306 2737 426 2803 tempus,
439 2729 520 2802 elegit
530 2729 603 2802 quod
613 2728 757 2786 molestius
767 2737 819 2800 est,
831 2747 901 2803 prae·
953 2727 1092 2800 quondam
1115 2726 1230 2798 occulta,
1247 2744 1311 2785 εεεε
1323 2729 1380 2799 jam
1402 2727 1518 2783 trahitur
1532 2729 1566 2784 de
1587 2727 1709 2796 occultis,
1726 2736 1754 2784 ει

103 2819 198 2876 sertim
222 2815 349 2890 parvulo,
374 2825 401 2874 et
420 2818 548 2891 pauperis
570 2817 666 2874 matris
688 2817 754 2890 filio,
775 2835 836 2892 quaa
858 2818 901 2875 vix
953 2817 1020 2888 ipsis
1035 2834 1097 2874 sese
1112 2818 1211 2893 ingerit
1225 2817 1351 2876 sensibus
1365 2817 1455 2875 carnis
1470 2826 1532 2876 toea.
1549 2817 1711 2888 carnaliter,
1724 2826 1753 2874 ut

102 2924 209 2982 pannos
223 2909 337 2966 haberet
351 2908 601 2980 adinvolvendum,
619 2925 744 2982 praesepc
763 2909 797 2965 ad
820 2907 900 2966 recli-
953 2907 990 2963 ita
1018 2907 1143 2977 dixerim,
1168 2907 1331 2981 preadicatur
1358 2907 1407 2965 tibi
1437 2926 1444 2964 :
1475 2909 1547 2981 Fuge
1574 2906 1752 2980 voluptatem,

104 2998 236 3056 nandum.
247 3000 368 3055 Etcerte
378 3014 440 3054 cum
453 3005 526 3054 esset
537 3004 612 3055 tauta
626 2997 785 3068 necessitas,
801 2997 901 3053 nullam
917 3018 939 3097 Β
954 2995 1017 3068 quia
1032 2994 1118 3068 posita
1132 3004 1173 3052 est
1190 3012 1265 3053 mors
1284 3012 1364 3053 secus
1385 2995 1526 3084 introitum
1541 2994 1747 3055 delectationis:

105 3087 186 3146 audio
209 3087 321 3159 pellium
342 3087 402 3144 heri
417 3088 596 3147 mentionem.
616 3085 722 3143 Primus
739 3087 825 3143 Adam
848 3085 902 3160 pel.
954 3100 1005 3157 age
1019 3083 1217 3157 poenitentiam,
1233 3083 1297 3158 quia
1318 3101 1369 3156 per
1391 3085 1462 3141 hanc
1484 3083 1686 3158 appropinquat
1706 3100 1751 3139 re-

103 3176 180 3234 lioeis
203 3176 318 3234 vestitur
340 3178 447 3251 tunicis,
468 3178 565 3252 pannis
585 3174 723 3234 secundus
737 3174 899 3234 obvolvitur.
954 3189 1038 3247 gnum
1053 3172 1103 3229 Dei
1116 3171 1457 3245 (northhantunensi
1470 3172 1602 3245 praedicat
1616 3169 1752 3227 stabulum

104 3266 167 3322 Non
181 3272 223 3321 est
239 3266 291 3321 tale
305 3265 437 3336 judicium
459 3266 574 3323 mundi:
594 3273 641 3321 aut
655 3264 706 3320 iste
727 3263 840 3335 fallitur,
855 3270 902 3320 aut
952 3262 1026 3320 istud
1040 3263 1092 3319 hoc
1107 3278 1230 3335 praesepe
1252 3262 1361 3332 clamat,
1376 3262 1429 3319 hoc
1453 3262 1577 3318 membra
1595 3259 1641 3316 illa
1660 3259 1751 3316 inian-

104 3355 222 3412 mundus
239 3363 323 3412 errat.
347 3355 399 3412 Sed
428 3355 547 3411 divinam
574 3354 631 3411 tali
659 3353 827 3425 impossibile
860 3361 903 3411 est
955 3351 1011 3407 tilia
1034 3350 1179 3407 manifesto
1198 3351 1354 3423 loquuntur,
1371 3351 1423 3406 hoc
1448 3350 1575 3423 lacrymae
1597 3358 1625 3405 et
1647 3348 1754 3421 vagitus

100 3443 275 3515 sapientiam.
304 3444 400 3501 llerito
428 3443 543 3516 proinde
579 3451 607 3499 et
635 3443 724 3500 camis
758 3442 902 3515 pmdentia
953 3440 1153 3514 evangelizant.
1169 3441 1259 3498 Plorat
1272 3440 1374 3514 qnippe
1389 3437 1521 3509 Christus,
1538 3437 1588 3493 sed
1610 3453 1665 3494 non
1681 3438 1752 3494 sieut

104 3531 192 3604 (mors
206 3531 340 3606 siquidem
360 3541 387 3590 et
395 3532 465 3606 ipsa)
481 3531 589 3589 inimica
604 3539 645 3589 est
659 3533 717 3589 Deo
730 3533 821 3604 (Rom.
838 3547 901 3599 vau,
954 3531 1055 3603 caeteri,
1072 3539 1118 3588 aut
1139 3539 1212 3587 certe
1237 3545 1293 3587 non
1314 3545 1399 3604 quare
1420 3528 1511 3585 caeteri
1534 3527 1632 3584 solent.
1648 3527 1677 3582 ln
1693 3526 1753 3583 aliis

104 3623 144 3692 7);
160 3629 188 3678 et
201 3621 293 3679 seculi
316 3639 426 3696 quoque
445 3621 590 3696 prudentie
613 3619 725 3678 stultitia
747 3619 902 3677 nominatur
954 3637 1061 3691 sensus,
1086 3621 1113 3677 in
1139 3619 1244 3678 Claristo
1267 3619 1431 3692 praevalebat
1458 3617 1585 3675 affectus.
1613 3616 1752 3674 Patiuntur

105 3712 134 3782 (l
156 3713 216 3770 Cer.
232 3727 274 3782 ur,
301 3716 355 3785 tu).
380 3712 450 3780 Quid
465 3711 558 3768 enim?
581 3710 702 3767 Christus
724 3711 828 3784 utique,
856 3710 902 3784 qui
954 3709 1002 3783 illi,
1019 3727 1072 3769 non
1095 3717 1189 3785 agunt,
1204 3714 1297 3783 utpote
1320 3724 1373 3765 noc
1394 3706 1479 3781 ipsius
1501 3707 1589 3763 adhuc
1612 3723 1691 3763 usum
1706 3722 1753 3762 vo·

106 3815 161 3855 uon
176 3798 286 3870 fallitur,
303 3801 388 3875 elegit
402 3802 474 3875 quod
489 3799 564 3858 carni
578 3799 720 3857 molestius
732 3810 782 3856 est.
795 3801 824 3855 ld
836 3815 902 3872 ergo
954 3797 1065 3856 luntatis
1090 3800 1233 3855 habentes.
1262 3795 1346 3856 183
1369 3796 1410 3853 llli
1435 3813 1469 3853 ex
1493 3795 1620 3870 passione
1645 3795 1751 3867 lugent,

106 3887 214 3955 melius,
236 3887 262 3942 id
281 3889 381 3960 utilius,
405 3890 432 3945 id
459 3890 548 3964 potius
570 3889 728 3964 eligendum
748 3908 754 3945 ι
779 3889 903 3963 quisquis
955 3890 1077 3948 Christus
1091 3906 1125 3946 ex
1140 3887 1339 3960 compassione.
1355 3886 1396 3942 llli
1408 3887 1506 3959 jugum
1520 3884 1698 3959 grave,quod
1712 3893 1753 3941 est

106 3978 180 4034 aliud
195 3976 292 4034 doceat
302 3977 344 4036 vel
356 3978 478 4050 suadeat,
493 3980 528 4034 ab
542 3995 575 4036 eo
585 3987 714 4052 tauquam
729 3996 746 4035 a
758 3979 903 4036 seductore
955 3997 1037 4052 super
1051 3994 1146 4036 omues
1162 3976 1231 4034 illios
1245 3975 1310 4032 Adae
1323 3993 1330 4031 τ
1341 3976 1465 4034 Christus
1476 3973 1594 4033 liliorum
1607 3974 1672 4030 uda
1686 3989 1753 4045 pcc-

106 4064 267 4122 cavendum.
955 4076 1015 4125 cata
1037 4069 1171 4141 deplorat.
1193 4067 1228 4122 Et
1243 4073 1317 4123 certe
1333 4081 1382 4139 pro
1407 4064 1506 4139 quibus
1528 4080 1600 4121 nunc
1620 4065 1755 4136 lacrymas

143 4156 234 4210 ulam
258 4170 324 4212 vero
347 4155 429 4212 etiam
445 4163 524 4213 nocte
552 4155 635 4212 voluit
658 4157 744 4215 nasei.
765 4159 817 4215 Ubi
841 4167 904 4216 sunt
955 4155 1051 4228 fundit,
1068 4162 1162 4229 postea
1179 4155 1271 4212 fundet
1285 4164 1311 4212 et
1326 4155 1497 4230 sanguinem.
1513 4153 1537 4212 0
1552 4152 1651 4211 duritia
1665 4152 1755 4209 cordis

106 4244 154 4319 qui
169 4251 224 4301 tam
238 4244 413 4318 impudenter
426 4252 565 4302 ostentare
580 4247 702 4320 gestiunt
721 4248 903 4322 semetipsos?
955 4247 1027 4303 mail
1045 4247 1163 4318 Utinam,
1184 4247 1307 4318 Domine,
1331 4244 1400 4302 sicut
1424 4242 1545 4301 Verbum
1568 4259 1632 4300 caro
1654 4242 1755 4300 iactum

105 4333 228 4390 Christus
243 4333 319 4408 eligit
338 4336 410 4407 quod
434 4335 569 4392 salubrius
589 4334 692 4408 judicat
713 4353 785 4394 :ros
804 4336 903 4409 eligitis
956 4343 1009 4406 cst,
1034 4334 1070 4390 ita
1094 4343 1122 4391 ει
1144 4350 1304 4392 cormeum
1326 4350 1457 4392 carneum
1479 4331 1541 4389 fiatl
1567 4330 1702 4406 siquidem
1727 4339 1755 4387 et

106 4424 180 4496 quod
191 4425 319 4496 reprobat
333 4423 388 4481 ille.
400 4424 468 4495 Quis
483 4424 643 4498 pmdentior
657 4426 813 4483 eduobus‘l
825 4429 903 4499 cujus
956 4425 1008 4482 hoc
1028 4424 1160 4496 pollicitus
1174 4441 1205 4481 es
1220 4441 1269 4497 per
1292 4425 1453 4498 prophetam
1470 4441 1477 4480 :
1493 4424 1639 4497 Auserem,
1655 4421 1753 4496 iuquit,

104 4513 237 4585 judicium
260 4514 376 4585 justins?
402 4517 478 4587 cujus
497 4516 633 4573 sententia
655 4515 771 4577 saniori.
781 4518 904 4592 Denique
955 4533 974 4571 o
987 4515 1061 4573 vobis
1075 4531 1123 4573 eor
1147 4515 1299 4589 lapideum,
1315 4517 1343 4571 et
1361 4515 1429 4571 debe
1452 4512 1527 4572 votis
1546 4529 1594 4573 eor
1617 4528 1754 4570 corneum

65 4650 69 4655 .
107 4608 178 4659 tacet
192 4602 326 4668 Christus,
342 4620 396 4660 non
419 4621 449 4660 se
464 4604 577 4676 extollit,
594 4621 648 4662 non
666 4605 832 4680 magnificat,
849 4624 903 4665 non
956 4606 1067 4677 (doech.
1083 4622 1122 4675 nr,
1140 4607 1194 4675 19).

106 4690 238 4763 predicat
263 4710 270 4748 ε
295 4701 323 4749 ει
337 4709 401 4750 εεεε
425 4693 566 4749 annuntiat
590 4710 653 4750 eum
675 4695 799 4767 angelus,
813 4696 904 4755 laudat
992 4697 1018 4750 i.
1050 4695 1168 4762 Fratres,
1197 4691 1324 4763 lacrymae
1351 4690 1450 4749 Christi
1477 4690 1543 4747 mibi
1569 4697 1596 4746 et
1620 4686 1755 4762 pudorem

106 4781 250 4838 multitudo
274 4783 394 4839 caelestis
417 4783 562 4842 exercitus.
580 4784 615 4839 Et
638 4792 666 4840 tu
684 4801 751 4859 ergo
765 4789 811 4860 qui
826 4788 904 4845 Chri·
957 4783 1076 4857 pariunt,
1092 4790 1120 4838 et
1144 4782 1278 4839 dolorem.
1301 4781 1440 4839 Ludebam
1464 4796 1517 4856 ego
1531 4778 1597 4836 ioris
1611 4779 1640 4834 in
1654 4777 1754 4851 platea,

1 4938 5 4946 Ι
107 4877 178 4925 stum
192 4871 327 4943 sequeris,
342 4872 485 4928 inventum
500 4872 638 4928 absconde
652 4874 821 4933 thesaurum.
836 4877 903 4932 Arna
957 4883 985 4932 et
999 4874 1027 4929 in
1050 4879 1158 4929 secreto
1183 4871 1283 4945 regalis
1303 4871 1419 4928 cubiculi
1443 4886 1525 4942 super
1548 4885 1593 4924 me
1617 4868 1757 4925 terebatur

108 4959 218 5027 nesciri,
242 4960 334 5015 laudet
356 4968 383 5015 te
407 4976 438 5016 os
452 4960 582 5030 alienum,
598 4960 675 5017 sileat
699 4971 784 5022 tuum.
810 4967 905 5023 Adhuc
956 4965 1088 5038 J‘udicium
1103 4961 1206 5019 mortis.
1224 4962 1331 5020 Audiuit
1346 4963 1397 5018 hoc
1415 4958 1578 5033 Unigenitus
1591 4959 1652 5029 ejus
1668 4976 1675 5013 :
1692 4958 1756 5015 exiit

108 5054 200 5103 autem
214 5047 242 5101 iu
257 5050 364 5106 stabulo
380 5051 500 5108 nascitur
523 5051 655 5123 Christus,
675 5061 702 5108 et
725 5055 751 5109 in
770 5057 905 5130 praesepio
957 5055 1045 5129 posito
1073 5052 1236 5123 diademate,
1262 5067 1341 5108 sacco
1369 5050 1492 5119 vestitus,
1515 5062 1643 5120 aspersus
1664 5046 1756 5104 cinere

109 5135 265 5193 reclinatur.
289 5136 325 5191 Et
349 5155 439 5196 nonne
462 5141 521 5214 ipse
537 5149 577 5199 est
593 5142 639 5215 qui
661 5142 727 5200 dicit
743 5161 749 5199 :
767 5147 840 5204 Meus
863 5152 906 5204 est
958 5151 1047 5217 caput,
1064 5143 1153 5198 nudus
1175 5143 1271 5216 pedes,
1295 5141 1363 5197 ilens
1384 5147 1412 5196 et
1435 5137 1554 5210 eiulans,
1570 5138 1642 5210 quod
1667 5144 1757 5193 morte

109 5227 286 5291 orbtstcrroe,
300 5228 577 5302 etplcnitudoejns?
587 5232 673 5304 (Psoi.
685 5249 763 5304 ιιιιιι,
773 5235 905 5309 tu.)Quiu
958 5236 1102 5292 damnatus
1118 5239 1191 5290 esset
1205 5230 1329 5288 servulus
1344 5229 1414 5299 ejus.
1431 5230 1542 5286 lntueor
1564 5228 1640 5284 illum
1667 5225 1757 5283 subito

109 5332 176 5390 ergo
200 5315 337 5372 stabulum
367 5318 470 5390 elegit?
493 5319 574 5377 l‘lane
599 5329 629 5378 ut
643 5324 771 5397 reprobet
790 5325 905 5397 gloriam
959 5323 1164 5399 procedentem,
1180 5330 1277 5393 stupeo
1300 5318 1460 5392 novitatem,
1479 5334 1590 5377 causam
1612 5323 1759 5390 percontor

146 5424 203 5498 (le)
217 5424 283 5508 liliis
297 5423 374 5482 deest
384 5425 525 5498 particula,
541 5446 608 5500 nore,
625 5430 673 5486 sed
688 5432 831 5490 retinenda
846 5435 970 5508 omnino,
985 5442 1014 5491 ut
1029 5435 1064 5490 sit
1079 5449 1175 5490 seusus
1197 5429 1333 5504 Christum
1357 5444 1413 5487 uon
1434 5427 1516 5486 inisse
1531 5426 1673 5485 homiuem
1695 5432 1759 5482 ante

109 5496 179 5554 hauc
192 5504 369 5568 nativitatem,
384 5497 434 5556 sed
448 5504 554 5557 tantum
572 5501 671 5559 Deum.
726 5521 730 5529 ·
