3734 5948
132 228 186 289 913
585 222 613 278 S.
634 220 804 282 sustentet
828 221 964 282 bussuli
987 218 1302 281 emen-tebbtttsts

131 370 191 412 nrm
212 353 302 410 :Tota
320 350 363 405 die
390 345 517 419 expandit
534 346 568 400 ad
591 355 618 402 te
639 362 741 403 manus
762 362 825 404 snas
837 348 925 416 (Psoi.
941 365 965 445 Ι
981 343 1059 418 qussi
1084 343 1170 404 viator
1192 341 1327 419 quispiam
1349 342 1536 402 itinerantibus
1564 361 1658 418 spons

130 453 252 507 usuras·
264 438 309 510 10)
318 437 423 493 dimitte
436 435 508 491 illam
522 435 586 504 quie
595 434 692 491 clamat
702 443 762 507 pest
774 443 801 494 te
814 437 926 506 (narrt.
980 443 1062 507 atque
1084 432 1295 492 adolescentulis
1321 448 1383 491 sess
1406 432 1559 502 associans,
1581 437 1658 508 juctt

129 547 175 596 xv,
190 529 236 602 2³)
257 533 438 584 :convertere
461 524 667 595 alquantnlam,
692 532 720 580 et
745 525 925 597 deprecabilis
978 522 1243 579 confabulationibus
1257 522 1341 578 suisa
1364 523 1456 580 labore
1478 523 1530 580 riae
1549 541 1658 585 omen

128 630 187 675 esto
201 631 358 689 supeream
373 615 461 683 (Prot.
476 629 585 679 carru,
600 611 653 683 13).
668 613 783 684 Respice
795 615 830 670 de
842 613 923 682 coelo,
978 610 1192 676 comitatumita
1202 618 1274 666 uteo
1284 609 1443 667 discedente
1453 611 1658 685 loquanturad

128 719 154 764 et
175 709 243 772 side,
266 714 293 762 et
316 703 395 760 visita
415 703 573 761 desolatam.
594 701 693 759 Fidelis
711 705 922 775 paranymphus,
978 705 1112 759 nostram
1126 699 1230 759 ardens
1245 703 1309 756 eret
1322 700 1354 756 in
1369 698 1448 757 nodis
1461 701 1497 757 dc
1509 702 1594 774 lesu,
1610 703 1658 762 drt·

127 797 174 868 qui
200 795 284 852 mutui
308 792 408 850 amoris
422 791 557 855 conscius,
581 790 704 847 sednon
729 791 845 858 invidus,
869 808 923 849 non
977 788 1658 859 retnrnobisinct'nl(boc.xnrv,32.)Facundn

127 900 203 940 suem
216 885 323 958 quaerit,
342 881 390 938 sed
404 881 511 938 Domini
527 880 640 953 gratiam
656 898 663 939 :
679 880 806 939 dineurrit
817 880 924 938 medius
976 877 1024 950 qai
1038 877 1066 933 ln
1088 893 1244 935 sermonum
1258 886 1286 935 et
1303 892 1412 934 morum
1425 879 1562 936 suauitate
1579 897 1658 941 suen

127 972 198 1030 inter
218 973 346 1028 dilectum
368 979 396 1026 et
418 969 555 1033 dilectam,
578 977 642 1025 vote
656 968 787 1040 ollerens,
802 969 923 1026 referens
976 982 1056 1036 quam
1071 967 1098 1023 in
1112 966 1226 1040 quedem
1242 968 1427 1026 suaveolentia
1449 967 1621 1042 spirantium
1636 988 1657 1029 u

127 1060 208 1115 dona.
222 1059 326 1116 Excitat
341 1059 430 1124 istam,
446 1057 631 1128 piscaritiam.
648 1059 788 1116 Interdum
801 1072 921 1131 quoque,
976 1072 1048 1122 rom,
1057 1063 1119 1127 post
1132 1072 1162 1112 se
1174 1072 1284 1114 currere
1295 1055 1374 1114 saciat
1384 1056 1544 1116 universos:
1559 1060 1658 1137 under

126 1147 191 1204 licet
209 1162 283 1217 raro,
304 1152 479 1217 repraesentet
501 1161 549 1204 eos
572 1146 670 1217 pariter
694 1145 756 1214 sibi,
776 1145 834 1202 sire
855 1148 923 1204 banc
976 1144 1658 1225 lnadoreanpaentaramsacrament-ramas«

128 1237 245 1309 rapiens,
265 1237 321 1292 sive
341 1235 414 1290 illum
432 1234 570 1292 adducens
588 1252 595 1292 ι
611 1234 743 1306 siquidem
757 1234 922 1291 domesticus
976 1232 1015 1301 3).
1032 1230 1097 1287 item
1121 1232 1264 1305 aliquando
1278 1249 1422 1304 occurens,
1437 1235 1515 1309 quasi
1535 1237 1658 1308 praediri

125 1332 167 1380 est
193 1333 220 1380 et
248 1335 325 1380 notus
340 1323 368 1377 in
392 1322 500 1395 palatio,
521 1337 572 1380 nec
592 1331 705 1379 voretur
730 1322 877 1396 repulsam,
897 1331 923 1378 et
975 1321 1184 1394 paterfamilias,
1199 1322 1247 1396 qui
1269 1323 1298 1378 in
1321 1324 1404 1381 domo
1427 1340 1477 1380 sna
1497 1325 1627 1386 abundet
1648 1346 1658 1405 1

124 1412 246 1484 quotidie
260 1412 332 1467 sidet
343 1409 440 1467 faciem
454 1411 548 1467 Patris.
975 1407 1030 1465 imo
1043 1419 1172 1483 tanquam
1187 1427 1234 1469 rex
1254 1411 1414 1485 magnificus
1437 1421 1463 1471 et
1477 1423 1593 1486 potens,
1608 1416 1658 1493 qni

161 1506 188 1558 6.
207 1500 272 1557 viee
285 1507 376 1557 autem
389 1511 417 1554 tu
432 1516 465 1555 ne
479 1500 544 1567 quid
555 1514 604 1556 nos
618 1500 645 1556 in
656 1500 708 1557 hec
719 1500 801 1557 Verbi
814 1500 922 1558 animae·
973 1499 1101 1569 pauperis
1120 1500 1244 1558 videatur
1270 1499 1520 1572 pusillanimitatem
1533 1502 1658 1578 erigere.

124 1606 179 1662 que
193 1589 382 1646 commistione
396 1603 557 1659 corporeum
567 1606 613 1645 seu
628 1589 845 1661 imaginatorium
859 1607 921 1647 sen·
975 1600 1036 1641 cure
1050 1586 1236 1659 cupiditatem,
1251 1588 1441 1645 demonstrans
1464 1589 1503 1646 illi
1519 1592 1616 1649 omnia
1641 1591 1658 1650 d

125 1683 175 1734 nra
200 1678 344 1735 existimes.
372 1678 401 1732 le
423 1677 556 1749 loquimur
576 1679 648 1749 qaod
675 1679 826 1751 spostolus
847 1679 918 1752 aicit,
936 1676 959 1754 Β
974 1673 1038 1728 bilia
1057 1674 1231 1746 gloriasse,
1251 1677 1361 1736 divitias
1375 1677 1551 1735 prestariam
1567 1696 1601 1738 ae
1615 1698 1658 1755 pn

123 1768 251 1841 quonism
266 1769 315 1841 qni
328 1767 454 1823 adderet
464 1769 529 1837 Deo,
546 1783 623 1823 enos
632 1768 751 1841 sipritus
765 1772 808 1825 cat
822 1770 848 1837 (l
857 1769 917 1828 Cor.
973 1760 1087 1828 11011111),
1102 1763 1243 1820 hortorum
1257 1773 1285 1821 et
1298 1781 1429 1839 agrorum
1448 1766 1551 1838 copias,
1569 1767 1658 1829 deme

124 1873 161 1923 rr,
178 1859 234 1926 ll).
259 1857 405 1912 Excessum
422 1871 496 1925 purae
515 1855 613 1911 mentis
631 1856 658 1912 in
682 1857 779 1928 Deum,
795 1858 853 1914 sive
871 1859 919 1914 Dei
973 1848 1148 1908 isslwduoesst
1166 1868 1227 1908 ²³¹¹]
1246 1854 1274 1908 1¹1
1297 1853 1358 1922 ἰ1)811
1372 1861 1476 1909 Βθΰΐθῑῑ
1497 1854 1658 1917 cubicum!

123 1947 195 2015 pium
208 1946 369 2003 descensum
395 1941 508 2001 1882
523 1944 693 2009 inanimem,
708 1945 919 2019 nostrisquibus
972 1936 1082 1994 ⁶⁰1¹fidll
1104 1938 1132 1994 in
1155 1956 1186 1997 θλ
1200 1955 1247 2018 101
1272 1941 1322 1996 liri
1344 1942 1396 2010 ⁸113·
1412 1950 1440 1999 θῑ
1462 1953 1578 2002 11011881
1598 1962 1637 2003 ex

121 2049 270 2107 possumus
279 2032 456 2106 exprimimus
470 2034 566 2102 serbis,
577 2035 760 2105 spiritualibus
769 2035 919 2106 spiritualia
971 2027 1046 2100 (tss0d
1066 2031 1100 2083 bb
1123 2027 1168 2084 illl
1181 2027 1317 2086 existimet
1338 2031 1572 2105 abscondendum,
1592 2048 1658 2119 quur

122 2133 320 2196 componentes.
345 2123 438 2194 ltaque
457 2121 484 2177 iu
505 2122 602 2193 spirita
622 2122 652 2177 fit
677 2123 729 2179 ista
749 2123 916 2193 coniunctio,
972 2115 1020 2170 mit
1033 2114 1290 2189 iss⁰pefflslll⁰b³lil
1304 2118 1608 2190 fidelemslfflblffllur
1624 2138 1658 2181 tt

121 2211 182 2284 quia
192 2211 302 2282 spiritus
316 2219 358 2268 est
367 2210 450 2279 Deus,
463 2221 490 2265 et
500 2211 669 2281 concupiscit
678 2211 806 2267 decorem
821 2213 917 2269 snimae
969 2202 1058 2276 dique
1071 2203 1108 2260 ita
1122 2213 1282 2276 1101101881),
1293 2206 1350 2263 sive
1361 2208 1420 2273 hot.
1430 2206 1490 2264 slve
1501 2207 1550 2266 illo
1561 2210 1656 2271 mcdc'

119 2298 283 2371 illiusquam
298 2302 365 2355 torte
378 2299 523 2356 adverterit
535 2298 669 2370 inspicite
682 2299 873 2372 ambulantem
891 2312 918 2356 er
967 2292 1073 2366 jugiter
1086 2308 1218 2366 apparere
1230 2296 1389 2375 conspectui
1403 2296 1586 2367 quaerentium
1596 2315 1658 2369 emt

119 2401 212 2444 curem
227 2389 316 2444 carnis
329 2402 384 2443 non
398 2385 580 2458 perficientem
601 2387 628 2442 in
643 2387 789 2456 desiderio,
800 2405 915 2460 praeser-
970 2382 1125 2457 impleatur,
1134 2399 1216 2455 quem
1226 2383 1294 2440 dixit
1305 2400 1312 2441 :
1324 2386 1393 2443 5⁶⁶⁶
1403 2399 1450 2456 0⁰0
1460 2386 1603 2464 ecdurum
1616 2405 1658 2451 η

120 2473 166 2528 tim
179 2473 203 2528 si
226 2473 268 2528 sui
285 2488 378 2530 emere
401 2473 558 2545 flagrantem
578 2475 761 2544 conspexerit.
776 2475 837 2531 Non
850 2492 917 2551 ergo
969 2470 1007 2527 od
1020 2474 1297 2532 consummationem
1306 2475 1408 2531 seculi
1420 2473 1531 2546 (satta.
1548 2491 1658 2551 nrum¹

118 2560 269 2618 sicsileetn
291 2572 318 2618 et
331 2562 373 2619 sic
391 2561 498 2633 dilecta,
523 2570 648 2618 contentu
667 2563 717 2618 erit
739 2563 851 2620 omnino
872 2565 915 2620 vel
1006 2564 1033 2614 8·
1046 2560 1080 2615 El
1099 2560 1127 2615 in
1151 2560 1193 2616 hie
1214 2560 1339 2618 omnibus
1363 2562 1455 2620 suevis
1477 2570 1504 2620 el
1521 2564 1608 2635 mitis,
1638 2584 1656 2625 e

117 2649 163 2706 illa
177 2666 237 2723 quae
254 2649 349 2706 multis
362 2665 412 2720 per
426 2664 460 2706 ea
474 2666 535 2722 quse
555 2650 625 2706 lecta
640 2662 714 2719 sunt,
733 2652 777 2709 sel
796 2651 915 2724 illaquae
968 2647 1173 2705 misericordie·
1191 2651 1259 2706 Nam
1284 2652 1311 2707 in
1334 2651 1436 2707 osculis
1456 2652 1568 2724 quidem
1591 2652 1658 2715 elles

118 2742 213 2811 paucis
234 2755 283 2810 per
304 2740 364 2796 vise
387 2748 415 2794 et
444 2738 550 2794 somnis
571 2740 640 2795 lacta
668 2750 708 2797 est
735 2739 914 2800 manifestatio
968 2744 995 2792 el
1009 2738 1184 2813 blendumin
1200 2738 1262 2796 olco
1276 2745 1368 2796 sutem
1382 2747 1409 2796 el
1423 2741 1450 2798 in
1466 2742 1616 2815 pigmentis
1629 2754 1658 2803 at

117 2828 222 2900 spana,
246 2827 298 2884 nisi
323 2834 350 2884 et
371 2827 480 2900 speciali
506 2827 683 2902 prerogativa
711 2828 815 2885 intimis
837 2830 913 2888 illum
967 2827 1077 2900 guentis
1094 2829 1254 2887 clementem
1269 2836 1297 2884 et
1310 2829 1465 2887 allluentem
1489 2832 1647 2891 visceribus

116 2917 347 2987 silentibusatque
356 2915 423 2987 ipsis
433 2915 559 2972 medulbs
571 2916 660 2974 cordis
668 2918 778 2975 coelitus
786 2917 913 2993 illapsum
967 2923 994 2972 et
1011 2919 1232 2992 compassionis:
1252 2933 1335 2991 porro
1354 2919 1381 2977 in
1402 2919 1445 2976 via
1467 2919 1591 2992 hilarem,
1618 2920 1658 2981 ed

116 3007 258 3079 suscipias,
287 3006 440 3077 habeatque
465 3013 565 3077 presto
590 3021 670 3078 quem
694 3006 830 3064 desiderat
858 3024 913 3067 non
928 2979 950 3058 Β
967 3007 1077 3077 plenum
1091 3007 1189 3080 gratie
1202 3017 1230 3063 et
1243 3008 1332 3063 solatii
1346 3026 1354 3076 ;
1371 3008 1398 3063 in
1411 3011 1567 3067 ostensione
1582 3024 1648 3068 rere

116 3094 274 3171 figuratum,
295 3095 343 3151 sed
358 3094 494 3162 inlusum
510 3109 565 3150 non
586 3105 771 3169 apparentem,
787 3097 836 3153 sed
850 3097 912 3153 atfi-
966 3111 1025 3150 rum
1038 3110 1071 3152 sc
1083 3095 1288 3173 possessionum
1303 3095 1460 3176 munificum
1473 3112 1502 3152 se
1523 3112 1558 3151 ee
1583 3099 1658 3175 large

115 3187 229 3241 cientem
240 3202 248 3258 3
260 3200 311 3241 nec
321 3183 433 3239 dubium
442 3183 508 3254 quin
521 3197 556 3240 eo
565 3183 752 3253 iucundiorem
762 3199 818 3257 quo
829 3185 912 3256 intus,
966 3183 1041 3257 regia
1059 3184 1219 3241 liberalitate
1233 3189 1462 3240 remuneratorem
1476 3181 1658 3245 demonstrat.

116 3288 171 3341 non
186 3271 263 3332 loris.
280 3271 396 3328 Verbum
410 3287 509 3343 nempe
523 3281 576 3342 est,
592 3289 645 3330 non
665 3290 777 3346 sensns,
797 3277 846 3332 sed
862 3293 913 3349 pe·
966 3285 1073 3329 omnem
1099 3272 1182 3344 hujus
1209 3270 1336 3352 carminis
1366 3277 1469 3327 extum
1499 3271 1623 3340 reperies
1654 3276 1658 3286 “

116 3368 244 3427 netrans;
271 3375 326 3416 non
340 3359 451 3432 loquax,
474 3359 523 3416 sed
543 3359 655 3428 siticen
674 3379 729 3418 non
752 3363 914 3435 obstrepens
966 3360 1120 3417 istiusmodi
1128 3359 1351 3418 similitudinibus
1360 3360 1527 3416 adumbrari.
1543 3359 1658 3421 Under

118 3446 244 3511 auribus.
266 3447 314 3503 sed
336 3446 480 3505 aflectibus
499 3448 651 3505 blandiens.
672 3449 786 3509 Faciens
799 3460 841 3509 est
859 3467 913 3508 non
965 3447 993 3503 id
1013 3447 1194 3522 significatum
1216 3449 1289 3522 apud
1309 3450 1483 3522 prophetem,
1505 3447 1552 3503 ubi
1576 3448 1658 3518 aiei

120 3534 244 3605 lormate,
258 3538 306 3592 sed
325 3535 458 3606 lormans3
472 3553 526 3593 non
543 3539 729 3613 perstringens
743 3542 835 3599 oculos
848 3556 912 3599 cor-
964 3540 1034 3596 onte
1047 3539 1152 3611 faeiem
1165 3542 1297 3596 nostram
1314 3539 1441 3597 cbristus
1458 3539 1609 3607 Dominus·
1625 3540 1658 3598 itt

118 3624 205 3699 poris,
225 3626 274 3681 sed
292 3625 386 3682 leeiem
415 3626 505 3683 cordis
523 3626 660 3685 laetificans
682 3647 689 3688 :
713 3637 792 3703 arata
810 3629 911 3704 quippe
965 3641 1026 3699 spus
1042 3624 1157 3684 ¹888
1170 3628 1295 3687 vicem
1308 3630 1386 3686 inter
1399 3627 1625 3702 pentesllbren.
1641 3641 1658 3686 r·

117 3716 216 3772 umoris
228 3732 351 3782 munere,
367 3731 421 3772 non
435 3716 537 3773 colore.
965 3717 1040 3790 quod
1054 3716 1157 3774 scilicet
1170 3717 1311 3775 rideamus
1320 3730 1394 3774 nunc
1406 3733 1455 3788 per
1464 3716 1608 3790 speculum
1618 3724 1648 3775 et

127 3854 130 3860 .
151 3805 180 3858 l.
190 3805 252 3860 Nou
265 3811 358 3869 tamen
370 3805 457 3860 adbuc
473 3805 548 3862 illam
561 3805 675 3862 dixerim
686 3822 817 3879 apparere
831 3807 911 3865 sicuti
964 3814 1102 3878 amatam
1111 3807 1226 3864 necdum
1236 3806 1305 3864 laeie
1314 3806 1349 3863 ad
1358 3806 1464 3865 taciem.
1473 3807 1509 3862 At
1520 3806 1592 3861 istud
1603 3822 1658 3865 un

113 3898 162 3958 est,
177 3893 300 3962 quemvis
318 3909 371 3950 non
395 3893 506 3949 omniuo
529 3893 602 3949 aliud
621 3895 672 3951 hoc
690 3896 772 3954 mode
785 3897 911 3956 exhibeat
963 3895 1080 3952 risimus
1101 3897 1173 3952 inter
1191 3910 1289 3969 pentes
1310 3912 1396 3952 :nam
1428 3895 1497 3952 inter
1523 3895 1642 3969 angelos

113 3996 193 4052 quam
209 3981 282 4052 quod
296 3991 349 4038 est.
364 3982 458 4053 Neque
473 3982 545 4038 enim
558 3984 601 4040 vel
614 3985 653 4040 sic
670 3985 797 4042 cendone
810 3999 918 4066 presto·
963 3985 1073 4058 quando
1084 3984 1141 4056 jam
1157 3983 1323 4043 indillerenti
1345 3985 1456 4041 omnino
1471 3984 1601 4040 felicitate
1612 3996 1658 4043 eat

111 4069 174 4135 erit,
203 4070 324 4141 quemvis
338 4070 521 4128 devotissimis
542 4073 685 4140 mentibus,
705 4076 754 4131 sed
776 4091 828 4133 nec
845 4077 907 4134 uni·
963 4073 1114 4133 videbimus
1132 4084 1235 4132 sumet
1257 4090 1317 4144 nos,
1332 4073 1413 4131 sicuti
1435 4083 1487 4139 est,
1503 4073 1610 4130 horest
1627 4072 1657 4131 in

111 4154 235 4214 lornriter
248 4159 382 4216 omnibus.
398 4159 511 4233 Oportet
524 4176 639 4232 namque
653 4178 702 4235 pro
717 4163 798 4222 variis
810 4167 907 4221 animae
963 4163 1022 4231 Dei,
1033 4174 1124 4222 etnon
1136 4163 1163 4219 in
1174 4167 1281 4221 umbra.
1292 4162 1436 4232 Quomodo
1447 4177 1565 4235 namque
1575 4163 1652 4234 apud

111 4246 256 4303 desideriis
275 4247 374 4304 divinae
397 4257 508 4320 gustum
527 4250 679 4320 praesentire
698 4250 803 4317 variari,
823 4261 850 4309 et
868 4252 907 4308 in·
924 4286 947 4363 ὓ
963 4253 1072 4326 quidem
1082 4253 1205 4308 umbram
1215 4251 1384 4326 figuramque
1401 4251 1516 4308 dicimus
1525 4253 1658 4313 exstitisse

112 4336 202 4390 lusum
225 4352 349 4407 saporem
372 4352 497 4408 supernae
520 4339 669 4396 dulcedinis
691 4339 798 4397 diversa
815 4355 903 4412 appe·
962 4349 1051 4396 sutem
1074 4341 1253 4414 pergratiam
1268 4340 1370 4399 Christi
1384 4341 1412 4396 in
1426 4332 1658 4413 aaraepraeaemi

112 4427 191 4482 tentis
218 4426 301 4480 animi
325 4428 403 4480 aliter
431 4436 510 4497 atque
545 4429 622 4483 aliter
659 4427 797 4484 oblectare
828 4429 905 4500 pala-
962 4430 1388 4501 perseillucescereveritatem5
1406 4432 1658 4504 itanosquequer

111 4521 179 4570 tum.
208 4517 329 4588 Denique
350 4515 488 4574 advertisti
512 4519 538 4572 in
562 4518 614 4575 hoe
635 4517 765 4574 amatorio
786 4522 905 4575 cerasino
962 4517 1044 4575 futuri
1068 4519 1162 4575 saeculi
1190 4520 1217 4575 in
1245 4521 1360 4593 quadem
1388 4519 1497 4576 interim
1519 4519 1648 4578 veritatis

110 4606 218 4683 quoties
254 4606 399 4661 mutaverit
425 4606 539 4674 vultum,
568 4615 596 4662 et
627 4608 654 4663 in
682 4614 782 4680 quanta
807 4608 902 4664 multi·
960 4608 1121 4666 viserenon
1137 4609 1253 4682 negabit,
1271 4609 1448 4681 nisiqninon
1463 4609 1658 4682 acquiescite

110 4697 201 4750 tudine
228 4696 378 4752 dulcedinis
403 4711 460 4751 sum
481 4710 573 4752 eoram
596 4696 696 4754 dilecte
721 4697 849 4770 dignatus
871 4697 907 4754 sit
959 4697 1605 4772 dicenti,Expcrtccopnascimus,etcaepcrte
1620 4708 1658 4774 p'n

110 4784 292 4839 transformari
302 4801 314 4855 3⁸
343 4792 370 4838 et
404 4785 540 4856 quomodo
576 4800 649 4842 nune
684 4784 796 4857 quidem
824 4786 907 4842 instar
959 4789 1061 4856 masii
1075 4789 1267 4861 Cor.11n.9);
1283 4789 1399 4861 esulae,
1415 4788 1658 4848 Noncrit'trorsr

110 4873 255 4930 verecundi
269 4872 362 4944 sponsi
384 4884 482 4930 seuetae
503 4872 599 4929 animas
622 4883 742 4929 secretos
762 4882 905 4944 petatem·
957 4877 1139 4950 prehendisse
1147 4878 1280 4953 (Philipp.
1292 4894 1335 4946 ιιι,
1348 4881 1404 4950 13).
1415 4876 1561 4947 Quomodo
1569 4880 1652 4935 enirn

108 4959 212 5033 plexus,
236 4973 263 5018 et
284 4962 385 5019 esculis
404 4962 573 5027 delectetur;
593 4976 664 5017 nunc
678 4975 741 5019 vero
760 4960 787 5017 in
802 4962 863 5019 oleo
877 4973 905 5020 et
959 4967 1094 5025 distinctio
1107 4968 1167 5037 ejus
1181 4968 1227 5041 qui
1248 4985 1296 5038 per
1319 4968 1397 5023 tidem
1421 4967 1553 5036 ambulat,
1567 4977 1599 5023 et
1623 4968 1658 5031 tlt

108 5055 255 5124 unguentis
286 5051 418 5109 medicum
452 5052 582 5108 exhibere
610 5060 745 5123 appareat.
777 5051 903 5109 nimirum
959 5072 1007 5126 per
1021 5056 1160 5129 speeiem?
1174 5057 1394 5129 Erpojustusex
1409 5055 1658 5125 fiderivitlllnltcc

105 5153 216 5211 propter
230 5152 334 5197 teneras
349 5153 375 5196 rt
390 5141 511 5197 infirmas
526 5140 629 5198 ammes
643 5140 796 5199 istiusmodi
813 5143 904 5201 erlbac
957 5145 1053 5202 beatus
1075 5147 1189 5202 exsultat
1211 5146 1239 5202 in
1258 5147 1346 5217 specie
1372 5162 1380 5200 :
1405 5153 1433 5202 et
1454 5145 1516 5201 ideo
1540 5141 1658 5206 mactus

107 5231 259 5302 indigentes
280 5230 405 5287 lomentis
420 5240 448 5287 et
462 5229 690 5286 medicamentis:
707 5232 779 5288 unde
792 5239 818 5288 et
829 5231 902 5288 deli·
956 5236 1023 5293 sivit
1035 5236 1143 5292 interim
1157 5235 1184 5292 in
1199 5236 1293 5292 umbra
1316 5235 1425 5299 Christi.
1451 5242 1564 5292 sanctas
1592 5250 1658 5313 ange

103 5326 163 5373 cato
176 5319 435 5395 adolescentularum
450 5319 557 5377 nomine
579 5319 767 5393 designantur.
779 5319 810 5376 Si
825 5337 900 5376 mus·
956 5325 1100 5398 splendore
1114 5323 1203 5381 vultus
1215 5325 1310 5396 glorie
1324 5324 1467 5398 gloriatur.

103 5405 165 5461 siret
176 5408 247 5480 quis,
262 5408 356 5463 audiet
375 5408 509 5479 quianon
524 5414 566 5466 est
580 5426 649 5481 opas
666 5414 744 5467 rann
761 5410 897 5480 medices,
990 5418 1016 5470 9.
1029 5412 1063 5468 Et
1077 5415 1149 5471 bons
1163 5411 1226 5469 lidei
1239 5414 1343 5482 umbra,
1358 5413 1520 5487 quelueem
1530 5414 1658 5487 tempera

85 5495 149 5551 'se'd
164 5497 241 5552 mete
259 5496 426 5555 hobmttibns
440 5496 550 5567 (battle.
564 5512 602 5566 rx,
619 5499 672 5570 11).
694 5499 774 5556 Nunc
790 5515 898 5557 rursum
953 5502 1092 5576 caliganti,
1116 5509 1144 5559 et
1158 5503 1272 5583 ,ceulam
1300 5508 1433 5577 preparat
1456 5502 1530 5573 luci;
1551 5505 1658 5581 ,scripta
