3734 5948
107 228 157 290 135
570 224 599 282 S.
618 220 786 285 stultum
803 224 940 286 tuellis
957 210 1273 285 ellus-vtttsllsls
1699 222 1753 283 lto

105 348 273 421 inidipsum.
288 350 323 405 lt
337 348 407 405 forte
424 347 563 405 criminari
577 348 650 406 volet
670 347 860 419 intentionem,
876 358 904 406 et
918 358 942 444 Α
958 340 1113 422 promissio,
1123 344 1266 403 evidenter
1276 342 1355 401 nobis
1369 328 1498 402 corouam
1512 342 1657 402 fabricaret
1667 343 1753 419 [clius

105 441 134 496 in
149 455 182 496 ea
196 446 272 511 perte
287 437 451 494 calumniam
466 446 571 495 struere
587 437 796 510 machinabitur,
812 439 904 513 inqua
958 430 1095 509 fabricctl.

106 544 158 585 noe
181 529 304 596 fratrum,
337 543 389 583 nee
412 527 498 598 ipsius
520 528 606 600 patris
630 527 814 584 testimonium
838 528 904 584 satis
993 530 1019 581 3.
1036 525 1132 583 Μειίιο
1146 540 1212 581 sane
1227 525 1292 580 dum
1310 521 1659 603 circumciditur'Puerqui
1675 531 1756 580 natur

106 616 204 674 efficax
221 616 355 673 videatur.
380 617 501 673 Necesse
516 626 557 673 ost
579 632 645 690 ergo
670 625 698 671 ut
718 617 747 672 in
761 619 812 674 hac
826 624 905 690 parte
957 622 999 671 est
1012 614 1101 684 nobis,
1127 614 1249 670 Salvator
1270 619 1397 681 vocatum
1415 611 1489 684 qnod
1511 611 1639 669 videlicet
1653 629 1687 670 ex
1701 611 1755 670 hoc

107 694 340 777 opituleturnobis
355 706 432 761 testis
446 706 579 773 internus,
596 705 642 778 qui
658 706 745 781 magis
761 721 808 762 eor
822 722 904 778 quam
956 704 1014 774 jam
1027 703 1141 776 eoeperit
1156 701 1263 775 operari
1278 701 1393 757 salutem
1403 706 1535 770 nostram,
1551 697 1756 756 immaculatum

106 793 205 851 faciem
220 794 341 850 intuetur
356 813 362 848 :
379 811 394 849 a
409 809 463 867 quo
479 809 545 848 sane
561 801 588 848 ot
608 793 792 867 incipiendum
808 802 860 863 est,
875 800 905 850 ut
958 792 1034 848 illurn
1044 792 1181 863 prenobis
1192 791 1355 864 sanguinem
1365 789 1494 845 fundens.
1506 789 1605 862 Neque
1615 788 1690 845 enim
1699 789 1757 859 jam

109 899 165 941 non
185 883 261 955 prius
271 883 418 956 quidquam
433 881 603 953 concipiatur
616 882 644 936 in
661 882 762 951 animo,
774 900 856 956 quam
871 884 905 939 ab
959 878 1757 956 quaerereestChristianis,curvolueritDominusClrristus

108 988 142 1029 eo
158 972 255 1028 salutis
274 987 373 1028 nomeu
387 970 535 1042 acceperit.
555 970 607 1028 Ubi
627 987 693 1028 vcro
716 972 744 1027 in
759 988 828 1045 opus
842 988 906 1045 pro-
959 971 1127 1029 circumeidi.
1144 971 1258 1042 Propter
1280 971 1332 1026 hoe
1355 967 1491 1042 siquidem
1509 966 1690 1025 circumcisus
1703 974 1755 1036 εει,

109 1060 225 1119 cesserit
244 1060 427 1128 manifestum,
444 1059 555 1131 expedit
568 1061 624 1130 jam
640 1060 778 1118 exteriore
796 1076 906 1134 quoque
960 1060 1153 1136 propterquod
1160 1066 1365 1130 natus,propter
1375 1058 1447 1130 quod
1459 1055 1645 1129 passusNilnil
1657 1057 1757 1112 horum

108 1149 161 1205 sibi
177 1147 331 1203 testimonia
347 1146 504 1217 conciliare,
520 1147 591 1203 sietd
603 1147 641 1203 ait
653 1148 800 1220 Apostolus
815 1166 821 1206 ς
837 1151 905 1205 Pro«
959 1159 1071 1224 propter
1085 1166 1125 1221 ae,
1142 1150 1191 1205 sed
1206 1147 1297 1205 omnia
1313 1155 1425 1218 propter
1438 1145 1551 1203 electos.
1566 1145 1624 1203 Nec
1645 1146 1673 1201 in
1693 1160 1759 1216 pec·

109 1236 235 1294 uidentes
250 1235 321 1292 boue
335 1253 392 1293 uon
413 1240 527 1292 tentum
547 1252 642 1293 eorum
657 1239 723 1304 fleo,
747 1237 795 1294 sed
818 1239 905 1294 etiem
960 1239 1153 1314 calogenitus,
1174 1251 1257 1293 neca
1274 1243 1388 1309 peccato
1402 1233 1590 1304 circumcisus,
1605 1222 1660 1290 uec
1677 1248 1757 1289 mor·

89 1380 93 1385 .
108 1340 204 1383 coram
219 1325 378 1382 bominibus
391 1325 431 1395 (ll
443 1326 504 1382 Cor.
520 1341 579 1393 rur,
596 1327 654 1396 el).
959 1337 1023 1385 tuus
1040 1335 1082 1386 est
1094 1343 1145 1401 pro
1159 1334 1273 1398 peceato
1296 1340 1356 1395 suo,
1373 1323 1460 1397 magis
1473 1331 1566 1381 autem
1579 1331 1693 1397 propter
1705 1322 1758 1404 de·

426 1411 541 1469 SERMO
561 1413 595 1469 lf-
959 1417 1023 1476 licta
1037 1426 1138 1474 nostra.
1162 1416 1238 1486 Quod
1256 1421 1388 1472 uocatum
1412 1416 1464 1479 est,
1486 1411 1584 1485 inquit,
1600 1413 1635 1469 ub
1654 1412 1757 1485 cepeto

280 1506 320 1560 fle
334 1502 421 1560 coriis
438 1502 541 1559 Christi
555 1502 729 1561 nominibus.
959 1509 1128 1581 priusquam
1156 1507 1188 1561 iu
1213 1508 1295 1562 utero
1321 1503 1528 1575 conciperetur.
1553 1501 1688 1558 vocaturo
1712 1508 1755 1558 est

146 1597 172 1649 l.
185 1595 337 1666 Postquam
352 1594 545 1650 consummati
558 1597 627 1649 suut
636 1592 695 1651 dics
717 1598 790 1663 octo,
805 1597 839 1650 ut
853 1595 907 1651 cir·
960 1595 1052 1667 plane,
1063 1609 1119 1651 non
1134 1592 1313 1665 impositum:
1328 1605 1429 1661 nempe
1444 1590 1497 1646 hoc
1510 1588 1536 1646 ei
1551 1604 1652 1647 nomeu
1667 1597 1709 1645 ost
1723 1589 1758 1646 ab

117 1684 329 1742 cumcideretur
343 1684 426 1747 Puer,
441 1686 573 1738 uocatum
586 1688 630 1739 est
644 1697 746 1738 nuncu
758 1685 818 1755 ejus
830 1684 909 1740 lesus
924 1703 946 1781 B
961 1693 1074 1740 aeterno.
1085 1684 1214 1739 ditatura
1224 1680 1338 1752 propria
1349 1667 1437 1735 habet
1446 1687 1476 1733 ut
1487 1677 1524 1734 sit
1534 1677 1669 1759 Salvator3
1679 1677 1759 1735 inna-

111 1772 189 1840 (ιιι.
211 1788 242 1841 ιι,
258 1773 316 1842 st).
333 1771 376 1827 llb
398 1769 474 1825 inifto
496 1770 573 1826 Deus
595 1770 707 1827 modum
726 1778 861 1843 acceptat,
881 1778 909 1827 ει
961 1782 1019 1829 tum
1033 1781 1076 1828 εει
1089 1771 1115 1828 ei
1129 1787 1230 1827 nomen
1244 1771 1307 1839 hoc,
1323 1783 1378 1825 non
1401 1768 1517 1824 inditum
1532 1768 1566 1823 ab
1581 1769 1699 1824 humana
1711 1767 1757 1826 vel

111 1860 178 1916 nihil
201 1876 321 1934 unquam
348 1859 558 1915 immoderatum
581 1858 619 1915 illi
651 1858 753 1932 placuit
776 1858 907 1933 aequitati.
962 1861 1087 1934 angelica
1100 1867 1237 1918 creatura.

111 1948 181 2005 ilinc
195 1948 245 2005 fuit
259 1949 331 2021 quod
345 1962 401 2003 non
420 1949 502 2005 modo
518 1947 681 2020 inpendere
699 1956 726 2004 et
738 1964 868 2004 mensure
882 1956 909 2005 et
999 1953 1025 2006 l.
1041 1949 1096 2007 Sed
1106 1949 1170 2023 quid
1181 1947 1308 2016 dicimus,
1319 1945 1392 2020 quod
1409 1944 1538 2018 egregius
1554 1943 1599 2002 ille
1614 1946 1758 2017 propbeta,

111 2052 227 2093 numero
241 2036 363 2094 condidit
379 2035 516 2106 universa,
533 2036 582 2092 sed
601 2044 628 2093 ει
646 2037 770 2109 protinus
790 2036 843 2110 ipsi
856 2038 909 2094 ho·
963 2040 1035 2096 hunc
1049 2040 1139 2111 ipsum
1153 2053 1268 2110 puerum
1287 2036 1379 2091 multis
1397 2024 1554 2090 nominibus
1569 2034 1760 2106 appellandum

109 2126 178 2183 mini
199 2127 310 2182 modum
333 2126 510 2200 praescripsit,
534 2127 693 2183 mandatum
722 2126 844 2197 contulit,
864 2127 910 2182 di·
964 2128 1022 2186 fore
1036 2127 1198 2201 praedicens,
1214 2126 1267 2182 hoc
1281 2142 1365 2181 unum
1374 2123 1494 2181 tacuisse
1506 2122 1615 2205 videtur
1625 2123 1697 2196 quod
1711 2137 1760 2178 so-

111 2230 178 2272 cens
194 2234 200 2273 :
215 2217 259 2271 Es
265 2218 343 2274 omui
354 2217 429 2288 tiqrto
438 2215 568 2288 peradisi
577 2216 712 2282 comedet,
723 2216 757 2273 de
772 2216 847 2289 liquo
861 2233 911 2273 cu
963 2216 1020 2273 lum
1029 2221 1068 2287 (ut
1081 2214 1243 2290 praemonuit
1259 2214 1385 2288 angelus,
1406 2218 1434 2269 et
1447 2217 1561 2268 testatur
1575 2209 1763 2285 Evangelista)

112 2302 489 2359 temscieutioebcuietmeti
498 2304 751 2373 uecomedusfflen.
761 2320 792 2373 tt,
801 2307 908 2376 lt,l'l).
964 2311 1095 2363 uocatum
1105 2310 1146 2363 est
1156 2320 1257 2362 nomen
1271 2303 1353 2376 ejus?
1367 2299 1519 2357 Exsultavit
1532 2299 1627 2371 isaias,
1644 2308 1674 2357 ut
1687 2300 1764 2358 ride-

18 2410 24 2417 ·
112 2389 295 2445 Levissimum
305 2388 386 2462 plane
400 2390 609 2462 mandatumst
622 2391 697 2466 larga
708 2391 910 2449 omninomen-
965 2404 1007 2454 ret
1021 2396 1094 2451 diem
1108 2395 1200 2459 bunc;
1216 2401 1244 2449 et
1257 2392 1333 2462 vidit,
1351 2398 1379 2449 et
1392 2391 1517 2466 gravisus
1532 2399 1585 2448 εει.
1596 2389 1721 2464 Denique
1736 2399 1764 2446 et

112 2477 193 2533 sttral
210 2477 264 2535 Sed
285 2485 474 2551 transgressus
487 2487 529 2535 est
548 2480 631 2536 homo
646 2481 835 2552 praescriptum
859 2481 911 2538 sibi
965 2485 1130 2558 loquebatur
1143 2482 1360 2558 gratulabundus
1387 2489 1414 2538 et
1435 2481 1551 2537 laudans
1564 2479 1653 2536 Deum
1669 2480 1764 2537 :Puer

112 2565 236 2637 modum,
251 2572 279 2622 et
300 2566 477 2623 constitutum
491 2566 544 2623 sibi
564 2567 711 2624 terminum
728 2578 911 2644 praetergres-
966 2578 1107 2634 natusest
1123 2574 1211 2640 nobis,
1230 2573 1309 2643 filius
1319 2571 1403 2628 dutus
1418 2569 1557 2637 minabis,
1573 2574 1602 2626 ct
1611 2571 1705 2640 [octus
1721 2570 1764 2623 est

111 2670 170 2711 aas.
185 2654 263 2712 Unde
277 2662 306 2711 et
319 2663 447 2712 avertens
460 2657 495 2711 ab
510 2671 544 2713 eo
567 2655 665 2713 facicm
679 2673 757 2713 suam
771 2658 912 2728 Deus,le
965 2665 1149 2738 principatus
1162 2678 1247 2736 super
1257 2660 1411 2718 humerum
1421 2661 1496 2732 ejus;
1511 2663 1540 2716 et
1551 2657 1696 2715 vocabitur
1709 2671 1762 2711 uo·

113 2742 225 2798 taudem
240 2742 268 2798 in
282 2742 381 2799 diebus
396 2741 476 2801 ret
494 2743 611 2800 Abrahae
624 2745 705 2801 amici
714 2745 756 2802 sui
770 2745 913 2818 placabilis
966 2768 1033 2809 men
1047 2753 1108 2823 ejus
1122 2749 1314 2816 Admirabilis,
1341 2747 1538 2811 Consiliorius,
1555 2747 1641 2810 Deus,
1662 2745 1763 2810 Fortis,

112 2829 174 2887 fieri
191 2831 337 2905 incipiens,
353 2848 447 2888 rursus
463 2832 575 2888 modum
589 2833 715 2904 instituit,
730 2835 913 2909 promulgavit
967 2842 1053 2896 Peter
1062 2840 1159 2911 futuri
1167 2838 1275 2900 soeculi.
1292 2839 1425 2910 Princeps
1433 2835 1513 2910 pacis
1527 2834 1593 2906 (loo.
1610 2838 1647 2902 rx,
1658 2834 1697 2897 6).
1709 2830 1766 2886 Μι-

112 2919 215 2993 lecem,
243 2923 294 2978 aed
313 2936 369 2977 non
390 2921 474 2994 priori
502 2921 618 2979 similem
646 2939 853 2997 usquequaque.
876 2929 914 2984 Ea
968 2943 1022 3000 gna
1045 2926 1157 3001 quidem
1171 2925 1298 2999 nomioa;
1322 2925 1372 2982 sed
1393 2924 1447 2981 ubi·
1463 2931 1505 2980 est
1519 2936 1619 2979 nomen
1634 2919 1708 2993 quod
1722 2926 1765 2976 est

113 3007 250 3081 siquidem
264 3009 298 3066 ad
317 3012 453 3067 cautelam
467 3011 565 3081 fuerat,
582 3012 641 3069 haec
656 3012 691 3067 ad
707 3010 859 3082 medelam;
876 3011 914 3067 ibi
929 3047 952 3127 c
968 3032 1053 3088 super
1061 3029 1143 3072 omne
1153 3028 1264 3084 nomen,
1281 3027 1382 3069 nomen
1395 3013 1471 3083 lesu,
1486 3011 1581 3085 inquo
1594 3023 1676 3067 omne
1689 3024 1765 3080 genu

53 3119 55 3124 ·
113 3097 262 3170 pmlribitio
290 3098 373 3169 faeta,
397 3116 433 3156 ne
463 3099 636 3172 superfluitas
664 3101 849 3174 subintraret,
869 3100 914 3160 hic
967 3105 1111 3163 locuturi
1124 3104 1206 3161 Forte
1221 3103 1250 3160 ln
1263 3103 1306 3159 his
1315 3102 1442 3160 omnibus
1455 3117 1541 3157 unum
1552 3099 1617 3156 illud
1628 3098 1762 3169 invenies,

112 3185 170 3256 jam
192 3184 296 3244 indicta
317 3187 451 3245 abscissio
472 3197 525 3258 εει,
547 3197 577 3245 ut
597 3189 766 3247 Sacramenti
780 3189 913 3260 remedio,
969 3194 1018 3252 sed
1041 3210 1203 3266 expressum
1228 3191 1430 3266 quodammodo
1452 3198 1480 3248 ct
1503 3189 1631 3247 effusum.
1657 3190 1763 3260 Nempe

114 3289 177 3346 quae
191 3274 407 3345 subintraverat,
428 3275 583 3344 tolleretur3
599 3287 739 3351 postremo
749 3279 793 3335 illa
803 3278 916 3351 quidem
968 3283 1058 3357 ipsum
1073 3290 1116 3340 sss
1128 3282 1164 3340 de
1174 3295 1228 3356 quo
1238 3296 1339 3354 sponsa
1348 3280 1377 3336 in
1389 3278 1503 3336 eunuco
1512 3278 1613 3336 moris
1629 3294 1636 3333 :
1655 3277 1766 3345 otcum,

115 3360 144 3416 in
168 3363 268 3420 arbore
289 3363 352 3419 data
370 3370 412 3419 est
430 3363 484 3432 lex,
501 3379 535 3420 ne
550 3364 638 3422 imotu
653 3369 714 3439 ejus
735 3373 912 3435 vesceretur,
968 3373 1066 3447 inquit,
1081 3375 1209 3445 effusum
1223 3389 1326 3432 nomen
1342 3375 1427 3428 tuum
1440 3369 1564 3442 (cantic.
1578 3383 1599 3439 t,
1614 3367 1652 3438 2).

114 3447 176 3506 Μ
189 3449 343 3523 inproprie
362 3464 488 3523 ⁰⁰ll>⁰les
503 3460 533 3507 ¹¹²
552 3467 616 3510 08ῐο
630 3455 755 3526 lllaettutii
770 3456 915 3514 scindere·
1004 3467 1031 3519 ὅ.
1047 3461 1138 3517 Habes
1152 3475 1219 3532 ergo
1235 3477 1320 3516 unum
1335 3459 1364 3515 in
1377 3457 1420 3515 liis
1433 3457 1560 3515 omnibus
1573 3454 1768 3529 appellationi·

120 3543 173 3593 tur·
193 3538 251 3595 Neo
264 3536 377 3594 dubium
391 3554 457 3595 sane
476 3538 543 3612 quin
561 3549 660 3597 oaetcra
675 3559 784 3617 quoque
803 3544 916 3600 humani
969 3552 1021 3607 bus
1036 3551 1142 3619 lesum3
1162 3566 1215 3608 nec
1234 3549 1347 3606 omniuo
1361 3555 1409 3605 aut
1422 3547 1512 3606 vocari
1529 3552 1625 3620 posset
1642 3551 1689 3601 aut
1703 3561 1767 3602 esse

115 3626 243 3700 corporis
271 3629 395 3685 membra
424 3627 641 3686 additamentum
668 3631 733 3688 illud
768 3632 916 3691 Levistlran
969 3639 1102 3710 Salvator,
1129 3640 1152 3696 si
1170 3639 1242 3696 forte
1260 3637 1401 3713 quidpiam
1415 3636 1512 3695 nomm
1533 3634 1676 3694 defuisset.
1695 3633 1768 3690 Nun·

113 3726 273 3790 occuparet,
309 3733 447 3778 venenum
486 3718 590 3776 seilicet
622 3720 861 3794 concupiscentiae,
889 3730 917 3779 et
970 3729 1035 3804 quid
1059 3745 1114 3787 non
1132 3744 1197 3787 vere
1209 3727 1400 3784 admirabilem
1415 3741 1479 3783 eum
1494 3723 1594 3800 gingulfi
1609 3739 1705 3781 sumus
1717 3738 1767 3778 εχ.

116 3804 304 3863 ¹¹¹¹¹¹¹⁰d⁸f⁸¹ae
320 3814 403 3881 at(1¹¹0
426 3806 586 3863 i¹¹⁰¹di¹¹²¹ae
609 3806 740 3865 fflefebfi
757 3807 914 3882 V⁰¹1¹l>l²fi⁸s
969 3818 1051 3891 perti,
1067 3819 1095 3874 in
1117 3817 1267 3875 mutatione
1286 3817 1379 3890 utique
1398 3815 1568 3873 voluntatum
1591 3812 1768 3869 nostrarum?

116 3903 147 3951 ut
159 3896 297 3968 generalis
313 3896 439 3970 quaedam
462 3896 595 3955 abscissio
611 3897 742 3956 omnibus
759 3899 916 3956 necessaria
968 3907 1027 3965 Hos
1040 3923 1141 3981 nempe
1155 3915 1198 3964 ess
1213 3904 1379 3964 *salvationis
1393 3910 1496 3962 nostrae
1509 3902 1685 3977 principium,
1704 3914 1768 3959 cum

117 3985 268 4043 lidelmi·
969 3994 1115 4068 incipimus
1129 4011 1260 4069 respuere
1275 3996 1350 4069 quod
1363 3992 1556 4068 diligebamus,
1582 3991 1675 4049 dolere
1694 3988 1769 4048 unde

152 4075 334 4145 zeelemm,
349 4075 413 4149 quia
426 4075 595 4152 singulorum
608 4077 797 4135 membrorum
806 4077 916 4136 abscis-
968 4085 1138 4156 laetabamur,
1157 4084 1288 4158 amplecti
1310 4083 1385 4158 quod
1398 4082 1574 4154 timebamus,
1596 4079 1677 4154 sequi
1695 4079 1769 4153 quod

117 4163 224 4220 sionem
238 4164 364 4220 humanae
382 4165 474 4221 carnis
487 4164 628 4241 fragilitas,
644 4172 671 4223 et
685 4165 816 4222 infantilis
828 4166 916 4223 statis
969 4175 1152 4251 fugiebamus,
1166 4182 1262 4249 optare
1276 4174 1351 4249 quod
1363 4173 1620 4233 mmmmm,
1639 4168 1770 4227 Admin-

119 4251 262 4310 infirmitas
270 4253 427 4311 nullatenus
436 4254 594 4327 sustineret,
605 4255 650 4327 pio
658 4255 846 4313 moderamine
861 4256 917 4313 dis·
970 4264 1031 4320 bilis
1045 4264 1126 4338 plane
1140 4265 1186 4339 qui
1206 4265 1265 4321 haec
1279 4270 1409 4336 operatur
1431 4261 1575 4319 mirabilia.
1591 4260 1647 4317 Sed
1665 4257 1769 4320 nibilo-

119 4342 217 4413 ll⁰⁵ill⁰
233 4360 353 4416 sublima
375 4343 493 4416 providit
510 4350 541 4400 ut
555 4345 583 4400 in
602 4361 635 4402 θα
648 4344 820 4418 polissimum
838 4353 915 4419 parte
930 4390 953 4470 n
970 4354 1061 4412 minus
1075 4363 1103 4413 et
1124 4353 1309 4413 consiliarium
1323 4369 1386 4410 sese
1402 4350 1531 4410 exhibeat
1550 4365 1666 4409 neeesse
1679 4357 1722 4409 εει
1740 4348 1769 4405 in

119 4431 340 4504 c0¹¹⁰⁰l¹i⁸⁰⁰¹¹tia
350 4433 529 4506 mugilem?
543 4433 571 4490 5¹¹
581 4450 635 4508 qua
648 4435 840 4494 vehementius
854 4452 916 4492 08111
969 4443 1104 4502 electione
1128 4442 1295 4516 poenitentiae
1318 4449 1345 4499 et
1359 4441 1422 4501 vitas
1440 4439 1621 4511 ordinatione,
1646 4454 1682 4496 ne
1697 4435 1768 4496 forte

119 4521 217 4579 saevire
226 4523 369 4578 constabat
379 4531 407 4579 et
421 4522 566 4581 violentius
579 4524 729 4597 malignari.
744 4525 775 4580 ln
788 4524 863 4584 omni
877 4525 916 4581 si·
971 4532 1005 4590 sir
1019 4532 1099 4590 nohis
1120 4530 1203 4591 199
1217 4533 1323 4607 absque
1343 4530 1457 4589 spientis
1475 4530 1560 4600 zetus,
1582 4536 1611 4587 et
1633 4527 1766 4586 colunnas

120 4611 231 4683 quidem
252 4612 499 4669 contradicentium
519 4612 626 4686 spiritui
655 4614 807 4673 rebellione
828 4631 917 4673 mem·
970 4621 1050 4678 boum
1063 4619 1208 4694 pmdentia
1220 4619 1306 4676 desit.
1322 4620 1393 4676 Sane
1407 4635 1478 4693 opus
1491 4625 1535 4676 εει
1550 4624 1579 4674 ut
1592 4616 1681 4675 Deum
1694 4631 1766 4691 quo·

119 4701 241 4770 brorum,
258 4701 346 4759 solum
368 4701 436 4758 illud
455 4703 628 4776 usqueadeo
647 4714 793 4761 contumax
807 4703 918 4764 inveni·
970 4726 1024 4785 que
1038 4710 1196 4783 probemus,
1211 4707 1238 4763 in
1254 4707 1416 4766 remissione
1431 4707 1558 4767 videlicet
1578 4705 1702 4780 priorum
1716 4704 1768 4762 de·

121 4796 175 4859 tur,
195 4798 334 4848 utcontra
348 4791 621 4848 omnemvoluntatis
643 4792 869 4852 deliberationem
882 4794 918 4850 ed
970 4786 1096 4858 [ictorum
1112 4815 1118 4855 ς
1135 4799 1198 4873 quia
1220 4814 1273 4856 neu
1293 4798 1352 4856 sine
1375 4799 1427 4857 heo
1450 4798 1524 4856 salus
1540 4797 1620 4854 nobis
1638 4804 1768 4854 comme

121 4876 280 4937 inhonestos
298 4889 325 4937 ot
347 4880 456 4939 illicitos
478 4888 569 4939 motus
588 4890 721 4958 assurgat.
746 4885 816 4940 Nam
843 4882 918 4959 quod
970 4896 1071 4962 potest,
1086 4896 1114 4945 et
1128 4904 1209 4946 nemo
1218 4896 1308 4962 potest
1327 4889 1465 4946 dimittere
1485 4894 1608 4960 peecata,
1625 4884 1679 4942 nisi
1692 4883 1769 4943 solus

122 4965 181 5022 llaec
202 4967 374 5028 circumcisio
387 4978 483 5030 octava
505 4972 550 5029 die
573 4971 666 5043 fiebat,
682 4990 761 5047 spem
774 4990 917 5033 commen·
970 4979 1055 5035 Deus.
1071 4977 1173 5035 Verum
1187 4994 1223 5036 ne
1237 4978 1264 5034 id
1278 4979 1391 5053 quidem
1409 4976 1509 5035 suffieit
1522 4976 1557 5033 ad
1572 4975 1700 5046 salutem,
1715 4973 1769 5031 nisi

122 5052 203 5110 dabat
217 5055 295 5152 regni
309 5057 440 5131 caelestis,
465 5062 538 5135 quod
551 5060 680 5120 videlieet
694 5063 729 5120 ad
739 5063 860 5136 primum
874 5081 919 5121 re·
971 5068 1070 5125 fortem
1094 5082 1204 5142 quoque
1228 5068 1403 5143 experiamur
1417 5067 1446 5123 in
1471 5065 1657 5142 expugnando
1679 5063 1771 5138 impu·

121 5142 209 5243 lienus
221 5142 329 5199 dierum
350 5148 470 5205 circulus
489 5151 621 5223 preferre
640 5154 785 5226 quamdam
808 5169 918 5212 coronae
970 5166 1162 5232 quantesnos3
1179 5175 1215 5216 ne
1229 5160 1264 5217 ab
1282 5158 1388 5216 eisdem
1408 5174 1517 5214 rursum
1537 5154 1771 5229 concupiscentiis

122 5248 245 5331 speeiem
257 5232 405 5294 videretur.
416 5238 485 5296 ilinc
495 5249 537 5298 est
550 5243 623 5316 quod
632 5250 729 5300 octava
746 5244 918 5317 potissimum
971 5265 1144 5322 superemur,
1160 5256 1187 5307 et
1202 5247 1268 5306 dant
1281 5246 1431 5305 novissima
1444 5255 1538 5305 nostra
1556 5247 1654 5321 pejora
1667 5245 1769 5319 priori·

122 5321 182 5378 droa
200 5329 265 5396 post
286 5323 471 5384 solemnitates
492 5330 643 5404 praecipuas
661 5331 827 5403 celebratum
848 5340 876 5391 et
889 5333 918 5389 in
970 5339 1032 5396 bus,
1049 5339 1200 5398 Vidulum
1212 5341 1270 5411 jam
1288 5337 1392 5411 aliquid
1406 5337 1505 5396 ‹100qu
1518 5335 1772 5397 suvavorirplms

121 5425 249 5472 ”mne
265 5412 492 5487 mulslim&
505 5419 667 5478 bellitudini
681 5422 825 5496 copulatur
837 5430 916 5481 octa-
970 5428 1082 5487 deesset
1095 5429 1169 5504 quod
1189 5427 1340 5486 mutuum
1356 5435 1408 5500 est,
1433 5427 1486 5485 nisi
1506 5435 1534 5484 et
1548 5435 1628 5501 pater
1641 5433 1715 5484 esset
1728 5425 1771 5482 fu·

121 5514 155 5562 ra
169 5503 316 5576 (licitus,
330 5508 357 5578 3,
375 5504 919 5586 ιιι),ιιιε(ε1ειιίειεςιιίᾱειιιιιιιιίιειειε
971 5517 1025 5578 turi
1039 5517 1144 5591 seculi,
1168 5525 1198 5577 ut
1210 5533 1262 5592 per
1274 5533 1339 5577 eum
1362 5517 1470 5578 scilicet
1489 5515 1518 5574 in
1535 5515 1771 5577 immortalitatem
