3734 5948
88 244 157 307 1027
565 214 593 272 S.
610 206 778 271 ouillum
791 202 928 265 lllssthS
940 196 1252 262 utnon-tntillum
1457 224 1463 237 ·
1678 184 1740 249 ιω

123 370 151 425 l.
170 361 281 423 Fulcite
292 345 473 422 nonoribus,
497 340 603 412 stipate
622 350 668 391 me
694 332 789 399 mclls,
813 344 923 425 quicq
972 328 999 383 i.
1019 324 1150 382 Caeterum
1178 320 1246 396 quid
1260 328 1387 392 putamus
1413 316 1503 377 Verbo
1524 310 1742 413 mmm!

89 470 185 518 emere
205 455 329 519 haecce.
351 434 501 503 Hocitaqne
509 431 599 485 locuta
613 432 655 480 est
665 436 768 495 sponsa
777 420 883 475 adoles·
938 432 1008 483 esse,
1027 415 1085 470 sire
1112 411 1269 468 dexteram?
1286 407 1395 465 Numid
1413 406 1486 481 quod
1500 405 1613 463 dieitur
1625 402 1741 503 homins

90 542 203 605 centulis
217 539 242 592 iu
256 521 491 605 spousiabscntia‚
507 531 620 573 monens
635 528 681 569 eus
696 511 723 567 in
738 507 884 582 hdeproli·
937 507 1050 564 verbum
1063 499 1212 559 istiusmodi
1225 513 1370 570 corporeas
1390 503 1482 569 partes
1511 496 1602 552 hebel
1618 490 1744 594 ³33⁴*
1774 496 1780 559 ,¹

91 648 152 694 cere
161 641 187 685 et
200 622 329 696 operibus
343 613 424 671 bouis
443 612 530 666 douec
542 607 645 671 veniat,
662 601 781 658 sentiens
801 600 828 653 in
851 611 885 653 eo
939 596 1022 659 visas,
1043 600 1069 648 et
1088 591 1251 647 lineamenta
1263 587 1399 651 distincta,
1421 601 1453 642 ac
1462 583 1744 657 distinguentium

91 721 150 778 lere
162 726 189 773 ει
201 706 401 779 beneplacitum
413 696 517 771 sponsi,
530 704 557 752 et
573 692 694 748 llliarnrn
712 689 837 755 sulutem,
858 690 886 739 ει
940 684 1076 742 sinistram
1100 691 1128 736 et
1151 674 1432 747 dexteraleuauto
1458 672 1547 747 ιιιεςὶε
1583 670 1745 744 1⁸.qu
1786 674 1791 771 q

91 823 166 866 suam
181 802 265 875 ipsius
279 791 501 855 consolationem.
517 783 579 840 Seio
594 797 638 837 me
662 782 734 835 hunc
749 777 837 833 locum
857 773 886 827 iu
940 773 1049 829 etlleus
1068 777 1118 836 est,
1137 781 1223 824 sermo
1242 767 1398 823 varietatem
1413 777 1525 836 prorsus
1553 761 1747 834 aliquemne.
1789 828 1792 835 Ι

92 898 172 955 libro.
190 896 227 951 De
240 889 392 947 dilectione
415 879 465 937 bei
479 875 586 948 plenius
601 868 779 942 explicuisse,
795 874 822 920 et
836 862 887 918 sub
941 860 1066 928 admittit,
1085 858 1134 913 sed
1149 863 1190 912 est
1207 855 1253 927 qui
1268 862 1310 910 est
1332 853 1434 923 rhene.
1455 868 1498 922 ιιι,
1519 850 1580 922 lhl.
1594 849 1626 907 iu
1640 865 1694 907 sua
1707 850 1746 907 ai·
1785 850 1792 951 p

92 985 146 1042 alio
155 981 312 1038 intellectu:
330 970 462 1046 potiorine
473 982 506 1020 au
518 960 648 1019 deteriori
660 959 743 1014 lector
753 953 855 1026 judicet
864 951 887 1006 si
942 950 1149 1006 mirumnatura
1172 954 1225 1000 tam
1252 943 1366 1016 simplex
1398 952 1428 999 ut
1454 957 1510 999 non
1528 941 1636 997 haheat
1659 947 1747 1012 pam
1790 964 1792 981 .

93 1073 138 1131 cui
153 1080 298 1137 utrumque
312 1063 402 1120 videre
419 1053 560 1129 placuerit.
575 1051 634 1106 Non
648 1063 713 1103 saue
727 1061 743 1100 a
758 1043 889 1116 prudente
944 1050 997 1096 tam
1012 1053 1083 1094 unus
1098 1043 1191 1091 utnon
1209 1034 1305 1089 habeat
1318 1047 1458 1089 numeres.
1475 1032 1523 1087 Est
1536 1028 1622 1085 enim
1639 1029 1693 1087 Dei
1705 1046 1746 1085 aa·

93 1162 128 1217 tle
139 1157 295 1216 diversitate
309 1162 439 1207 sensuum
454 1141 606 1214 judicabor,
628 1132 773 1192 dommodo
789 1129 890 1186 veritas
944 1125 1154 1199 pientia,dequa
1167 1121 1298 1192 scriptum
1312 1129 1371 1178 est:
1395 1123 1430 1178 bt
1444 1120 1604 1194 sapientire
1622 1120 1747 1191 ηἰιιιιοι

94 1250 237 1320 utrobique
261 1242 338 1298 nobis
355 1232 540 1311 patrocinetur
552 1246 558 1296 ;
575 1237 603 1282 et
617 1223 734 1281 charitas
757 1219 799 1276 cui
815 1216 890 1274 Scri·
944 1221 986 1276 esi
1000 1229 1135 1272 numerus
1146 1213 1233 1282 (Psoi.
1244 1225 1337 1279 uxuvt,
1351 1209 1389 1281 5).
1401 1209 1437 1266 At
1455 1208 1572 1281 siquod
1592 1208 1750 1266 invariabile

94 1346 187 1412 ptores
204 1331 305 1390 servire
331 1331 448 1399 oportet,
468 1335 501 1376 eo
520 1313 634 1374 aedificet
647 1314 749 1384 plures,
764 1323 818 1381 quo
834 1306 892 1378 plu·
945 1316 997 1372 εει,
1012 1306 1040 1360 id
1061 1299 1341 1375 incomprehensibile,
1363 1314 1394 1354 ac
1411 1315 1458 1370 per
1471 1299 1527 1355 hoc
1551 1299 1643 1355 etiam
1660 1296 1750 1356 insila·

94 1443 139 1483 ree
163 1421 296 1482 excisio
321 1430 391 1489 opus
414 1425 496 1467 suurn
510 1420 589 1463 veros
612 1401 711 1458 eruerit
729 1396 890 1454 intellectus.
945 1394 999 1450 bile
1017 1408 1078 1449 esse
1092 1405 1202 1447 necesse
1230 1394 1287 1454 eet;
1303 1388 1347 1444 ubi
1362 1402 1465 1459 quaeso,
1500 1385 1635 1444 invenias
1661 1387 1748 1453 verbs.

95 1516 164 1572 Cum
185 1510 257 1568 enim
272 1508 324 1564 hoc
337 1503 477 1575 displiceat
491 1498 519 1553 in
534 1494 660 1551 sensibus
681 1490 892 1562 Scripturarum,
948 1481 1046 1555 quibus
1068 1480 1138 1535 illum
1166 1477 1330 1548 majestatem
1356 1475 1398 1532 rel
1427 1476 1511 1549 digne
1531 1475 1680 1548 migues,
1711 1477 1749 1533 rel

96 1601 169 1675 qnod
184 1600 211 1656 in
226 1599 321 1653 usibus
334 1607 428 1649 rernm
442 1587 552 1644 assidue
567 1581 744 1657 experimur?
761 1581 791 1635 ln
806 1592 894 1650 quau·
949 1571 1058 1644 proprie
1076 1564 1256 1641 proloquaris,
1279 1567 1321 1624 vel
1339 1573 1525 1638 competenter
1541 1563 1691 1623 ‘debirint
1704 1566 1749 1622 Τι-

98 1696 151 1757 ιοε,
176 1686 249 1745 verbi
270 1697 365 1751 ceum,
386 1679 446 1735 sola
468 1691 537 1748 aqua
568 1678 722 1729 nostrorum
750 1665 895 1723 assumitur
950 1677 1011 1717 men
1025 1668 1162 1728 utcunque
1190 1656 1342 1728 loquamur,
1357 1654 1430 1727 quod
1445 1654 1749 1731 utcunquedeeuspt·

99 1792 243 1850 corporum
269 1773 352 1831 usus‘l
379 1770 416 1824 lta
444 1761 644 1836 unusquilibet
672 1759 780 1817 divinus
807 1770 896 1813 sermo
950 1751 1003 1807 ritu
1022 1760 1117 1804 sancto
1130 1746 1267 1804 revelante
1281 1744 1423 1802 sentimus.
1440 1745 1582 1801 llocemur
1595 1747 1749 1805 wctoritut

100 1883 155 1925 nou
173 1864 267 1923 eritab
279 1877 318 1930 re,
341 1860 364 1915 si
378 1856 504 1915 diversos
522 1848 609 1924 pariat
631 1847 792 1917 intellectus,
806 1843 895 1900 diver·
948 1841 1069 1906 Petrum,
1087 1846 1114 1892 et
1137 1833 1332 1892 consuetudine
1353 1833 1557 1905 Scripturttrurn
1571 1842 1748 1910 congruente

101 1956 139 2014 sis
165 1955 315 2009 animarum
344 1941 548 2004 necessitalibus
570 1941 597 1995 et
624 1937 718 1994 usibus
742 1947 896 1993 accommo·
949 1927 983 1982 de
1001 1927 1082 1982 robus
1100 1922 1173 1979 nolis
1198 1922 1278 1978 licere
1292 1920 1484 1979 Simililudim
1499 1923 1712 1994 wihmunt!
1725 1931 1750 1980 el

103 2041 219 2098 dandos·
950 2016 1032 2073 verba
1054 2029 1108 2070 non
1123 2027 1194 2069 uera
1216 2010 1347 2082 invenire,
1363 2012 1409 2066 sed
1425 2017 1491 2068 uota
1511 2012 1631 2069 mutuari
1657 2011 1749 2087 latim,

138 2134 165 2188 5.
181 2127 323 2200 Sequitur:
337 2126 418 2181 leva
434 2122 496 2193 ejus
505 2120 556 2176 arth
570 2119 647 2190 cpite
656 2130 728 2181 meo,
742 2117 770 2169 et
779 2112 898 2170 dextero
953 2101 1120 2175 transscribi,
1137 2098 1232 2171 quibus
1245 2101 1327 2173 digne
1343 2109 1371 2158 el
1388 2108 1579 2173 θῡωβιῑθῦίθῐ
1592 2104 1696 2159 mim
1713 2100 1749 2156 δί·

102 2202 900 2293 ejtucmplexebt'turmc.litinsuperhocqneqnninprae.
953 2189 1120 2247 militudiues
1139 2189 1296 2245 vestiantur.
1321 2188 1450 2262 Alioquin
1473 2186 1752 2260 ridiculsignotnpor

102 2306 160 2364 lato
179 2304 313 2377 opusculo
337 2299 448 2357 memini
461 2297 576 2354 uberius
591 2295 756 2366 disputatum
775 2308 783 2358 ς
798 2289 849 2346 sed
864 2289 901 2345 si·
954 2279 1045 2352 {8¹¹0st
1060 2279 1320 2335 dweiowssflbeliss·

104 2411 220 2470 gneneus
247 2390 382 2449 sermonis
403 2386 537 2446 ordinem.
566 2385 663 2457 Liquet
687 2384 778 2439 denne
804 2380 901 2436 selene
991 2372 1017 2423 8.
1045 2368 1120 2442 Ergo
1135 2369 1260 2440 qniaper
1274 2369 1397 2426 dextrum
1420 2378 1447 2427 et
1467 2367 1611 2426 nanuum
1641 2366 1751 2424 sdverss

104 2500 244 2558 sponsum,
259 2477 370 2538 1443
382 2478 475 2545 credo,
496 2483 526 2533 ut
540 2491 589 2532 sua
604 2474 747 2546 presentia
768 2471 902 2541 languen-
954 2458 1042 2514 Sileni
1070 2469 1148 2530 atque
1162 2475 1290 2532 l¹f⁰⁸llera
1308 2459 1463 2532 “millum
1479 2459 1592 2516 iidem?
1618 2455 1689 2513 mihi
1706 2459 1751 2514 Μ

105 2582 161 2630 tem
176 2573 272 2644 erigat.
295 2569 437 2640 Quomodo
465 2566 536 2621 enim
563 2580 616 2620 non
639 2560 825 2633 inpraesentia
843 2559 902 2628 ejus
956 2549 1015 2606 loco
1030 2550 1143 2622 intelligi
1158 2566 1239 2621 posse
1254 2553 1348 2610 laevam
1375 2552 1485 2623 quidem
1499 2549 1596 2618 Verbi,
1613 2550 1753 2606 commiua·

106 2662 313 2728 convalesceret,
341 2672 421 2730 quam
449 2651 568 2710 absentia
589 2650 793 2708 consternarat?
829 2647 902 2719 Ergo
957 2638 1204 2712 tienemsupplicri;
1220 2643 1343 2697 dextram
1357 2656 1423 2697 vero
1437 2639 1517 2714 regui
1531 2638 1752 2713 promissionem

107 2767 163 2809 nen
178 2748 293 2805 sustinet
306 2746 410 2802 dilectae
434 2744 583 2799 molestiam
599 2759 607 2796 :
623 2739 711 2809 adest,
727 2753 814 2810 neque
830 2738 904 2793 enim
957 2727 1180 2784 Etlaulemcttm
1209 2745 1285 2785 mens
1300 2739 1391 2785 nostra
1415 2726 1564 2785 formidine
1593 2744 1687 2802 1)oessoe
1701 2743 1754 2784 ter·

107 2855 211 2897 morum
224 2835 315 2892 lucere
328 2841 418 2907 potest
441 2830 521 2886 taulis
539 2829 682 2886 desideriis
705 2832 841 2883 euocatus.
870 2825 905 2880 Et
958 2818 1044 2874 viliter
1053 2820 1186 2892 premitur
1202 2840 1209 2880 2
1225 2830 1253 2879 et
1268 2833 1332 2878 tunc
1345 2836 1515 2895 nequaquem
1528 2821 1583 2879 sub
1592 2819 1754 2895 “vileid
1799 2884 1801 2895 ,

109 2927 172 3002 quia
185 2927 260 2983 illam
270 2931 440 2995 compererat
454 2921 542 2977 donec
566 2919 665 2974 absens
684 2915 859 2986 luit,lidelem
873 2912 908 2969 ad
924 2918 1043 2997 gauper
1064 2920 1144 2981 ceput
1163 2910 1230 2970 laeva
1248 2928 1308 2968 ease
1327 2911 1442 2969 dicenda
1457 2919 1522 2972 est:
1549 2927 1605 2969 nec
1617 2917 1713 2985 petest
1724 2910 1756 2968 sie

107 3033 192 3089 opera
206 3024 232 3072 et
258 3013 400 3070 sollicitam
416 3010 449 3066 ad
478 3008 596 3066 lucrain
619 3004 806 3073 coniminum,
831 3005 905 3077 qued
959 2998 1056 3054 affecta
1084 3000 1174 3055 emme
1201 3002 1311 3059 omuino
1338 3000 1526 3073 dinemtoem
1554 3003 1624 3074 ejus
1648 3000 1757 3059 sesan

109 3107 192 3164 liores
211 3104 263 3161 sihi
277 3111 304 3159 et
314 3102 418 3158 lructns
432 3105 597 3172 preceperat
607 3095 735 3165 adunari;
752 3093 832 3151 etiam
843 3110 905 3151 cum
959 3094 1019 3162 pite
1030 3106 1100 3150 mee.
1117 3096 1151 3149 ht
1165 3109 1227 3149 rere
1242 3094 1266 3150 si
1281 3094 1421 3166 proficiens
1435 3108 1468 3149 ex
1490 3092 1544 3149 hoc
1563 3094 1674 3166 spiritu
1687 3094 1759 3153 serri-

111 3193 347 3270 propensioribus
375 3191 433 3247 vice
460 3187 679 3245 remuneratione
692 3186 789 3259 gretiae
809 3193 852 3240 est
866 3200 907 3241 re·
961 3179 1026 3236 tutis
1054 3181 1189 3238 transierit
1202 3184 1229 3239 iu
1248 3185 1391 3256 quemdam
1411 3183 1554 3254 spontanei
1568 3184 1702 3258 obsequii
1721 3184 1760 3239 rli⁴

111 3299 216 3341 versus.
231 3280 354 3352 Denique
378 3294 432 3335 uuo
459 3277 628 3334 brachiorum
644 3290 756 3331 snorum
776 3280 908 3330 sustentat
961 3269 1085 3343 gniorem
1104 3270 1242 3338 allectum,
1262 3285 1396 3345 quatenus
1424 3272 1551 3329 videlieet
1568 3274 1690 3343 premiis
1715 3290 1764 3346 po·

110 3370 329 3443 caputjaceutis,
353 3370 465 3423 alterurn
480 3366 514 3422 ad
532 3364 738 3436 amplexandum
752 3379 862 3436 parans,
878 3369 908 3419 ut
957 3365 1016 3420 tius
1034 3374 1197 3435 provocetur
1211 3370 1418 3434 quamarcletur
1434 3362 1583 3437 suppliu'is,
1597 3362 1688 3436 magis
1710 3379 1765 3421 au·
1802 3424 1804 3431 ,

111 3461 175 3517 sinu
198 3460 296 3515 levent.
318 3456 393 3511 Felix
408 3454 497 3510 anima
521 3469 582 3526 quae
597 3454 624 3509 in
652 3452 752 3508 Christi
776 3451 908 3509 recumbit
963 3460 1017 3508 tem
1036 3451 1059 3506 si
1075 3465 1168 3507 umore
1182 3452 1246 3508 honi
1259 3451 1469 3527 ipsiusagetur3
1495 3463 1560 3510 tunc
1580 3450 1765 3510 indubiunter
1800 3434 1805 3535 l

113 3556 232 3623 pectore,
263 3555 290 3601 et
313 3547 383 3601 inter
403 3542 485 3602 llerbi
512 3541 621 3597 brachia
651 3540 804 3612 requiescit.
828 3542 909 3598 Loevc
963 3540 1054 3597 dicere
1069 3540 1465 3615 peterit,quialoeoaejcssttb
1478 3542 1763 3618 capitemeezqutppa
1802 3541 1805 3547 '

112 3629 908 3712 ejussubrepitemeoetdextmcejuscmplexebiturme.
965 3629 1012 3702 qni
1026 3629 1101 3685 illum
1114 3630 1240 3686 servilem
1254 3640 1368 3702 metum,
1390 3631 1479 3706 quiin
1504 3631 1619 3689 sinistra
1634 3640 1689 3700 est,
1711 3647 1763 3689 rne-

112 3727 242 3786 Noueit:
266 3725 462 3796 Amplexetur3
480 3722 529 3779 sed
553 3720 768 3795 amplexabitur
794 3735 850 3788 me,
880 3726 911 3775 ut
966 3718 1026 3775 liori
1041 3728 1119 3792 atque
1134 3720 1322 3778 excellentiori
1342 3721 1500 3779 hebitudine
1517 3721 1605 3777 animi
1624 3721 1762 3796 superstit

113 3817 222 3875 noveris
234 3815 318 3887 priori
331 3815 427 3886 gratiae
441 3813 511 3869 adeo
531 3827 584 3867 uon
608 3810 741 3886 ingratam
767 3819 797 3867 ut
812 3825 912 3867 secun·
967 3816 994 3864 et
1007 3809 1098 3881 dignis
1117 3809 1259 3866 desideriis
1282 3811 1362 3867 etiam
1378 3809 1430 3882 ipsi
1451 3809 1663 3885 appropiaverit
1680 3812 1764 3870 ‹lexis-

113 3905 176 3961 dam
192 3903 340 3976 gratiarum
355 3904 460 3959 actione
474 3901 642 3973 praevenerit.
968 3913 1015 3965 rae,
1041 3897 1069 3953 in
1097 3914 1150 3971 qua
1171 3909 1234 3956 sunt
1247 3914 1343 3957 omnes
1361 3900 1570 3971 promissiones,
1585 3900 1699 3960 dieeute
1711 3902 1768 3959 Pro·

150 3997 178 4048 o.
194 3991 273 4048 Disce
285 3991 313 4046 in
327 3989 469 4047 referendo
481 3990 597 4063 gratiam
615 4005 669 4046 uon
689 4004 749 4045 esse
764 3988 856 4045 tardus
869 3996 917 4045 out
970 3987 1050 4059 pheta
1065 3989 1098 4043 ad
1122 3987 1268 4044 Dominum
1287 3989 1514 4049 :ostentationes
1528 3990 1563 4046 itt
1586 3988 1713 4051 datm
1725 3994 1769 4049 iss

115 4081 216 4156 segnis,
229 4080 303 4137 disce
317 4079 351 4135 ad
366 4077 474 4154 singula
488 4079 560 4136 dona
573 4077 673 4151 gratias
684 4093 775 4150 agere.
787 4079 914 4152 Dilipen·
969 4080 1102 4151 usquein
1118 4077 1206 4147 finem
1231 4077 1319 4147 (Psoi.
1334 4094 1384 4147 xv,
1411 4078 1467 4153 ll'l.
1490 4079 1571 4138 Unde
1594 4088 1626 4139 et
1640 4093 1771 4154 certares

116 4179 174 4243 ter,
187 4172 282 4245 inquit,
297 4168 445 4228 considero
463 4185 525 4242 quae
546 4168 597 4225 tibi
611 4172 795 4242 apponantur
816 4167 910 4241 (Pron.
970 4165 1473 4241 conceptaeumfiducialoquitur:Et
1486 4168 1617 4230 beera
1635 4174 1771 4248 ejurent·
1806 4214 1808 4231 .

115 4278 195 4330 ιιιιι,
213 4265 250 4331 ι),
264 4271 292 4317 ιιι
305 4259 380 4316 nulla
398 4257 524 4316 videlieet
539 4257 589 4313 Dei
605 4257 678 4314 dona
691 4257 782 4314 debita
808 4257 910 4331 gratia·
926 4220 949 4298 ὓ
966 4256 1195 4327 pteeatttnrme.
1806 4236 1808 4260 '

115 4368 176 4408 rum
189 4351 295 4407 actione
318 4349 499 4418 frustrentur;
529 4363 583 4404 uon
607 4347 703 4421 gratia,
727 4362 781 4403 nou
809 4348 915 4405 medlo·
1010 4344 1121 4403 1444
1137 4349 1163 4404 9.
1184 4348 1226 4404 Τιι
1243 4348 1301 4419 jam
1315 4364 1422 4406 mecum
1437 4348 1548 4418 rideris,
1563 4366 1604 4409 uu
1619 4351 1662 4411 ils
1675 4353 1775 4413 ansol!
1806 4390 1809 4397 ·

115 4443 181 4508 cria,
196 4456 250 4497 uon
274 4438 383 4511 pusilla.
408 4438 530 4511 Denique
550 4437 679 4508 Juhemur
712 4436 841 4510 colligere
862 4439 921 4498 lra.
973 4445 1000 4493 ει
1013 4445 1141 4493 assecutae
1160 4439 1232 4494 hunc
1256 4447 1335 4496 tantae
1350 4438 1488 4497 suavitatis
1504 4439 1614 4514 locum,
1631 4444 1702 4503 illud
1716 4460 1777 4518 quo·

116 4538 226 4604 gmenta
241 4545 274 4585 ue
289 4537 399 4601 pereant
415 4528 507 4599 (loco.
523 4543 562 4602 vt,
578 4528 638 4601 ¹2);
659 4527 753 4592 idest,
769 4542 820 4584 nec
837 4528 918 4585 mini·
973 4543 1027 4600 que
1039 4527 1184 4584 conveniat
1209 4528 1244 4585 de
1269 4530 1375 4601 psalmo
1387 4544 1531 4601 usurpare,
1548 4538 1581 4586 ut
1608 4533 1690 4592 dieat
1702 4534 1777 4593 etim

116 4635 162 4675 ma
184 4617 314 4674 beneficia
346 4617 477 4674 aborisci.
506 4617 636 4691 Nunquid
662 4633 717 4674 uon
741 4616 813 4688 perit
843 4617 918 4691 quod
974 4619 1094 4688 ipsezln
1100 4617 1206 4691 paccitt
1216 4618 1342 4693 idipsum
1364 4619 1515 4686 domium,
1536 4624 1566 4678 st
1575 4624 1779 4697 requietem

118 4710 235 4766 donatur
255 4707 372 4781 ingrato.
398 4706 568 4779 lngratitudo
597 4706 707 4764 inimica
735 4714 776 4764 est
807 4708 916 4775 enimse,
974 4706 1201 4778 proesertimcum
1229 4715 1354 4781 suppetat
1364 4724 1444 4765 causa
1458 4724 1520 4781 quae
1533 4712 1700 4784 sequitur:
1722 4712 1781 4785 Ωιι

116 4797 262 4855 exinanitio
277 4799 444 4863 meritorum,
460 4798 588 4853 virtutum
607 4796 750 4868 dispersio,
769 4797 919 4855 beneflcio·
971 4798 1052 4852 niem
1062 4799 1104 4862 lu,
1116 4797 1233 4854 Domine
1242 4798 1519 4872 sinpulcriiert'nspe
1529 4803 1726 4863 constituisti
1732 4818 1779 4871 stc.

120 4905 181 4945 rum
198 4885 503 4961 perditio.llngratitnde
521 4895 618 4944 ventus
641 4902 731 4957 urens,
743 4887 848 4943 siccans
866 4887 919 4943 sibi
972 4886 1060 4960 (Psoi.
1077 4901 1116 4955 tv,
1133 4889 1160 4952 9,
1173 4886 1230 4959 lo).
1241 4886 1318 4955 Quod
1334 4886 1462 4961 equidem
1477 4885 1529 4944 tale
1538 4898 1597 4946 εει.
1615 4892 1717 4951 Dones
1729 4892 1781 4967 qais

120 4976 222 5034 lentem
238 4976 446 5048 pietatisrorem
460 4975 666 5048 misericordiae,
686 4975 788 5032 fluenta
809 4976 914 5047 gratim.
973 4977 1105 5048 premitur
1128 4992 1144 5031 a
1164 4976 1261 5047 spiritu
1285 4977 1434 5043 servitutis,
1459 4992 1622 5052 parumque
1647 4982 1734 5040 hahet
1753 4982 1781 5037 de

67 5091 70 5097 ·
122 5069 234 5139 Propter
248 5067 300 5122 hoc
314 5065 429 5138 denique
444 5081 544 5138 sponsa
558 5081 621 5123 mox
634 5066 785 5138 etgratiam
800 5066 834 5123 de
848 5067 916 5125 laeva
972 5080 1032 5139 spe,
1051 5066 1085 5122 de
1100 5065 1197 5123 timore
1208 5065 1373 5138 plurimum3
1389 5080 1444 5122 non
1459 5077 1501 5123 est
1511 5075 1542 5123 et
1556 5084 1618 5140 pax
1646 5083 1781 5147 sequere

119 5157 215 5222 sensit,
230 5154 329 5229 gratias
343 5154 407 5228 egit,
415 5164 634 5226 nenesspeelaus
642 5155 834 5227 plenitudinem
854 5172 916 5230 quae
972 5155 1060 5226 quies,
1079 5154 1223 5212 fluctuante
1237 5155 1364 5213 nimirum
1378 5154 1545 5213 couscientia
1569 5155 1652 5217 inter
1673 5166 1781 5235 spumet

121 5244 148 5300 iu
162 5243 273 5301 dextera
287 5253 339 5300 est.
353 5243 445 5317 Neque
458 5245 530 5301 enim
552 5245 599 5301 uhi
627 5253 773 5303 memorata
813 5257 854 5304 εει
867 5247 917 5302 lae·
970 5242 1108 5319 timerem,
1122 5243 1293 5318 maximeque
1308 5244 1382 5317 quod
1401 5246 1676 5317 asuperexeelleuts
1694 5250 1781 5308 um·

122 5333 324 5404 vsmjamcsse
346 5334 397 5388 suh
414 5336 578 5405 captusne,
595 5336 677 5391 etiam
709 5344 800 5394 secuta
831 5345 873 5394 est
899 5350 916 5391 a
970 5334 1152 5391 abundantius
1177 5335 1336 5394 crucietur:
1352 5351 1414 5391 nam
1440 5335 1518 5392 timer
1542 5351 1666 5409 poenam
1699 5342 1780 5399 ωε.

124 5421 276 5479 dexteram
303 5420 426 5479 similiter
449 5423 645 5496 amplexatam
685 5425 744 5495 sed,
772 5425 921 5500 amplecti·
974 5424 1009 5482 lit
1026 5424 1088 5482 ideo
1105 5439 1160 5480 non
1174 5424 1266 5482 estilli
1284 5425 1437 5484 dicerezln
1448 5429 1563 5501 paccio
1576 5429 1782 5507 idipsum&

125 5509 202 5567 bitur
210 5526 264 5578 me,
281 5511 380 5584 iuquit.
642 5543 647 5551 ·
976 5517 1065 5574 mium
1073 5519 1103 5575 ει
1112 5516 1298 5590 requiescum,
1312 5517 1423 5590 quando
1436 5517 1597 5578 necdumse
1611 5522 1782 5600 singularite
