3734 5948
111 248 165 333 257
750 243 920 306 santonus
937 241 971 306 IN
985 243 1135 305 cadunt.
1701 248 1756 311 958

93 408 95 412 -
149 379 193 430 11.
210 373 264 432 Sed
277 389 343 431 sane
369 387 475 441 uereor,
492 386 527 429 ue
554 370 712 427 damnantes
730 369 902 442 superstitio·
920 389 945 468 st
960 367 1032 439 rint,
1048 367 1213 440 voluptates,
1237 368 1354 437 favores,
1369 370 1496 428 bonores.
1512 371 1585 443 Quid
1605 371 1679 430 enim
1696 374 1752 444 jem
1843 433 1846 439 ,

111 480 168 533 111,
188 465 327 522 uideamur
343 463 420 519 irena
439 463 530 518 laxare
548 460 653 533 gulosis
667 478 675 529 ;
695 467 722 518 et
737 458 849 517 audiant
864 457 904 515 illi
960 466 1082 528 superest
1096 460 1121 513 ei
1140 458 1186 532 qui
1208 465 1303 526 tenmt,
1319 458 1345 513 in
1359 474 1414 531 qno
1428 459 1515 532 possit
1540 477 1657 536 prignere
1672 463 1751 536 palan

112 553 146 609 ad
160 552 307 626 periculum
336 551 388 618 sni,
405 552 478 625 quod
508 550 541 606 ad
570 548 722 606 remedium
737 548 781 604 bis
795 546 904 604 dicitur.
956 547 1085 603 adversm
1107 546 1282 618 huiusmodi?
1305 547 1385 603 Venit
1411 547 1523 617 proinde
1545 551 1682 622 occultus,
1704 552 1750 623 qui

112 641 291 711 Quamobrem
322 640 419 706 audite,
450 648 566 713 utraque
590 654 664 712 pers,
696 645 816 711 quatuor
843 649 905 691 esse
959 635 1117 692 maniiestus
1131 652 1186 692 non
1201 635 1301 704 audet3
1324 643 1351 691 et
1370 652 1450 709 quem
1476 637 1543 694 11111
1562 646 1689 709 expertus
1712 649 1753 696 est

112 729 287 787 tentationum
313 745 422 803 genera,
452 736 479 784 et
500 729 560 799 ipsa
583 727 662 782 nobis
686 726 725 780 lta
748 725 906 797 prophetico
959 733 1082 796 apertum
1098 740 1178 781 omne
1191 726 1302 781 borrere
1317 724 1426 793 melum,
1443 724 1511 781 laiso
1530 726 1604 782 bono
1619 728 1751 800 supplan·

112 833 236 875 sermone
249 818 374 875 describi.
391 819 485 883 Scato,
502 817 597 888 inquit,
613 813 802 875 circumdabit
817 817 846 869 te
860 828 906 869 oe·
960 819 1017 869 tare
1032 814 1150 872 molitur.
1165 813 1218 882 Qui
1241 822 1331 870 numm
1350 813 1442 871 dicere
1462 823 1575 884 possunt
1593 830 1656 872 cum
1675 818 1752 887 Apo-

111 909 185 965 ritne
199 910 271 980 ejus·
281 925 340 965 ooo
354 907 466 964 timebis
475 923 493 963 a
502 908 785 969 cinarerectnrrran
797 903 906 974 rupilio
959 901 1028 959 stolo
1043 921 1050 958 ε
1064 905 1126 960 Non
1137 907 1214 962 enim
1236 906 1399 975 ipsorumas
1413 906 1539 960 astutias
1553 906 1614 978 ejas
1636 904 1676 976 (ll
1689 906 1751 963 Gor.

111 993 752 1068 1111111111(11111191111111111111111111
768 990 906 1055 tenebris,
959 992 1066 1062 ιι,11);
1080 1006 1134 1065 quo
1153 991 1212 1062 plns
1224 990 1380 1062 proliciunt,
1403 1007 1436 1048 eo
1462 992 1547 1067 magis
1567 992 1676 1049 solliciti
1689 1005 1754 1050 sunt

111 1085 145 1140 ab
160 1085 279 1141 incursa
290 1088 319 1143 et
333 1085 472 1141 demonio
485 1082 643 1142 meridiana
657 1081 747 1154 (Pral.
762 1096 810 1150 uc,
825 1083 854 1147 tt,
868 1078 906 1149 6).
959 1094 1085 1137 caverea
1104 1080 1200 1153 laqueo
1215 1081 1276 1138 isto.
1291 1079 1359 1135 ilinc
1377 1089 1416 1136 est
1433 1082 1506 1152 qiiod
1530 1081 1611 1137 bieria
1629 1081 1751 1156 angelica

110 1174 248 1232 Attendite
274 1172 449 1229 nibilominus
481 1181 509 1228 et
521 1186 581 1228 moe
602 1171 658 1240 alii,
681 1169 756 1243 quod
777 1167 907 1225 omnibus
959 1167 1120 1225 salutatione
1133 1170 1255 1226 turbatur
1270 1171 1345 1239 (Lac.
1365 1186 1386 1238 r,
1401 1173 1458 1241 19),
1473 1169 1577 1236 dolum,
1593 1169 1644 1227 nisi
1659 1170 1748 1238 lallor,

111 1276 190 1332 spero
219 1260 398 1333 prolaturum.
415 1262 485 1318 lllud
501 1276 598 1318 omnes
623 1260 651 1315 in
680 1257 907 1316 nobiesentimus
959 1259 1115 1329 suspicanr3
1139 1265 1165 1313 et
1185 1259 1267 1315 iosus
1290 1275 1345 1314 non
1370 1259 1447 1334 prius
1478 1259 1596 1317 amicum
1623 1260 1751 1332 angelum

110 1356 139 1404 11
153 1351 285 1407 sensimus
297 1353 344 1423 qui
359 1350 483 1407 conversi
500 1365 594 1405 sumus
612 1348 645 1404 ad
659 1346 816 1416 Dominum,
832 1345 905 1418 quod
959 1346 1084 1418 suscipit,
1099 1363 1179 1419 quam
1199 1363 1258 1404 osee
1281 1347 1397 1403 amicum
1418 1348 1532 1404 noverit.
1558 1348 1680 1421 Denique
1698 1348 1752 1404 sci·

110 1445 203 1492 sancta
217 1438 357 1509 Scriptura
371 1437 455 1494 dicit:
469 1437 534 1501 liiii,
545 1435 680 1494 1111111111
693 1433 729 1492 ad
740 1436 907 1492 scrutatam
959 1435 1079 1502 scitatur,
1094 1451 1194 1494 suusne
1209 1436 1255 1503 sit,
1265 1453 1298 1492 an
1314 1435 1531 1493 adversariorum
1548 1437 1645 1506 (lurae
1659 1453 1687 1504 v,
1704 1441 1752 1492 11-

112 1527 171 1591 llci,
183 1530 228 1583 sla
236 1528 268 1582 in
277 1529 388 1592 timore,
397 1531 424 1583 11
431 1541 564 1598 proepara
572 1527 700 1581 animam
711 1523 905 1592 1111111αά1111-
921 1560 943 1638 n
960 1524 1015 1594 lo),
1036 1530 1161 1596 tanquam
1184 1527 1231 1598 qui
1250 1533 1377 1598 expertus
1397 1525 1432 1581 sit
1455 1525 1583 1581 daemonii
1605 1526 1745 1582 meridiani

111 1614 248 1672 tatanem
276 1617 375 1686 ticoli.
404 1630 435 1684 u,
467 1615 506 1685 1).
534 1614 627 1684 ltaque
646 1610 791 1682 primordia
804 1614 904 1667 nostre
958 1613 1100 1669 versutias.
1124 1614 1250 1686 Apostoli
1271 1629 1380 1687 qnoque
1394 1613 1539 1686 aliquando
1557 1629 1619 1670 rum
1640 1615 1748 1670 labora-

111 1703 308 1771 conversiouis,
330 1706 406 1772 iuxta
432 1701 584 1759 communis
601 1700 711 1773 quidem
731 1700 904 1771 experientiae
957 1707 1019 1756 rent
1032 1703 1060 1757 in
1074 1703 1242 1776 remigando,
1256 1710 1337 1759 rento
1356 1701 1518 1759 aduersante
1532 1709 1560 1758 et
1571 1702 1689 1772 jactante
1704 1719 1751 1758 ur-

111 1790 251 1856 rationeur,
278 1790 620 1865 primuseuagitsttimor‚
635 1805 716 1861 quem
740 1787 904 1845 intrantibus
958 1788 1092 1860 vinulam,
1120 1790 1243 1848 ridentes
1269 1791 1413 1847 Dominum
1449 1790 1632 1847 ambulantem
1670 1807 1752 1864 super

110 1880 200 1934 statim
230 1881 326 1936 borror
363 1880 424 1936 vitae
454 1880 552 1953 ingerit
579 1878 717 1943 arctioris,
737 1886 763 1932 et
790 1875 904 1932 insuetae
958 1893 1043 1946 mare,
1061 1886 1089 1934 rt
1101 1886 1226 1950 putantes
1243 1895 1305 1936 esse
1321 1880 1488 1951 phantasma,
1503 1878 1539 1934 ite
1554 1888 1584 1936 ut
1605 1880 1752 1938 clamarent

109 1968 251 2024 austeritas
260 1968 427 2041 disciplinae.
445 1971 532 2039 Atque
542 1969 566 2023 is
581 1968 660 2024 timor
673 1978 820 2023 nocturnus
833 1964 906 2022 dici·
959 1966 1140 2037 praetimore,
1165 1983 1218 2023 uon
1246 1978 1365 2041 apertam
1393 1967 1533 2023 meridiani
1562 1968 1750 2039 suspicionem

110 2064 162 2121 tur,
178 2058 220 2113 rel
248 2059 311 2128 quia
336 2074 388 2114 nox
407 2058 435 2112 in
451 2057 596 2127 scripturis
610 2055 753 2130 designare
768 2056 839 2112 solet
852 2054 904 2108 ad·
956 2055 1084 2112 daemomi
1108 2057 1326 2127 proetendemnt‘l
1349 2057 1381 2112 Et
1401 2055 1582 2111 recordamini
1602 2054 1751 2128 Scriptura

110 2146 256 2211 versaret
284 2147 410 2217 quoniam
439 2153 549 2217 propter
572 2145 643 2218 quod
659 2147 771 2201 adversa
783 2142 838 2213 peti
851 2158 903 2214 eg·
957 2144 1081 2211 dicentis,
1096 2146 1273 2219 quiaqnarta
1286 2146 1383 2217 cipitia
1397 2146 1489 2202 1111111
1503 2145 1751 2203 ccniiadcosam·

109 2234 257 2306 gredimur‚
275 2235 302 2290 id
317 2236 436 2292 nondum
452 2235 600 2290 revelatum
629 2242 680 2289 est.
710 2231 740 2288 Si
755 2231 828 2287 enim
844 2230 903 2286 dies
957 2232 1059 2292 balans
1076 2251 1164 2310 snpra
1175 2250 1264 2291 marc.
1285 2234 1388 2303 Quarto
1402 2233 1495 2306 igitur,
1516 2233 1542 2288 id
1568 2240 1611 2290 est
1625 2248 1750 2305 supremo
1807 2286 1810 2294 .

109 2323 153 2379 ille
167 2323 284 2391 laceret,
312 2325 340 2379 in
358 2325 437 2395 cujus
461 2321 562 2378 lumine
590 2319 690 2391 pariter
711 2326 740 2375 et
754 2318 861 2376 labores
876 2327 905 2375 et
958 2321 1067 2379 demum
1091 2322 1161 2390 loco,
1186 2324 1245 2380 baec
1265 2322 1374 2379 {eundo
1392 2321 1569 2388 formidetur,
1592 2330 1621 2379 et
1645 2337 1699 2394 quo
1720 2338 1749 2378 ee

109 2412 220 2481 praemia
247 2413 415 2482 uideremus,
433 2413 513 2466 timor
527 2409 639 2466 omnino
653 2407 811 2481 quorumvis
823 2406 902 2464 labo-
957 2408 984 2465 iu
997 2425 1104 2467 summo
1119 2419 1190 2468 stare
1209 2411 1271 2483 quis
1285 2410 1391 2481 viderit,
1406 2426 1440 2466 eo
1461 2410 1514 2466 sibi
1536 2410 1692 2485 vigilantius
1715 2412 1749 2465 ab

109 2516 170 2555 rum
198 2501 288 2557 nullus
317 2506 391 2556 esset
416 2515 471 2565 prae
490 2498 624 2554 desiderio
638 2495 824 2568 premiorum,
838 2495 903 2551 dum
956 2497 1067 2556 incursu
1082 2507 1109 2556 et
1126 2500 1263 2557 demonio
1278 2499 1427 2557 meridiano
1441 2499 1591 2556 cavendum
1606 2499 1751 2572 intelligat.

108 2589 181 2645 clera
195 2589 255 2645 luce
283 2598 427 2661 appareret
454 2587 582 2658 quonism
596 2600 652 2642 non
683 2591 747 2640 aunt
760 2582 904 2656 condignae
957 2587 1041 2644 Porro
1056 2587 1196 2661 discipulis
1208 2605 1289 2645 verus
1302 2604 1333 2645 11
1346 2588 1528 2645 manifestavit
1542 2587 1668 2644 meridies
1678 2589 1705 2643 in
1718 2601 1752 2644 eo

107 2676 249 2745 passiones
263 2678 346 2745 hujus
360 2674 489 2747 temporis
504 2673 539 2730 ad
553 2672 672 2729 laturum
687 2671 811 2747 gloriam,
840 2687 902 2743 quae
956 2677 1028 2747 quod
1038 2675 1182 2734 audiemnt
1194 2692 1201 2735 :
1211 2681 1346 2751 Eponam,
1357 2679 1447 2736 nolite
1458 2679 1559 2736 tiniere
1568 2677 1751 2748 (1111111111,

108 2765 270 2820 revelabitur
284 2765 311 2819 in
322 2763 400 2819 nobis
410 2765 497 2836 (Ram.
513 2777 574 2833 vrrr,
589 2762 645 2832 18).
660 2762 737 2816 Nunc
752 2774 816 2816 tero
829 2774 901 2832 quo·
956 2767 1073 2838 15-17);
1088 2773 1115 2824 st
1128 2765 1187 2823 falsi
1202 2764 1321 2838 euspicio
1337 2769 1372 2822 ab
1386 2767 1427 2823 eie
1443 2765 1623 2841 depulerant,
1643 2766 1752 2824 Utinam

107 2854 178 2909 niam
193 2855 348 2910 absconditu
363 2861 426 2909 sunt
451 2852 486 2909 ab
515 2852 599 2908 oculis
618 2849 727 2914 nostris,
752 2857 779 2906 et
792 2864 847 2905 nox
860 2860 902 2906 est
916 2837 939 2916 c
955 2861 982 2911 et
1002 2854 1092 2921 nobis,
1106 2855 1216 2929 quoties
1236 2855 1348 2929 palliata
1369 2855 1475 2911 laleitas
1494 2855 1605 2912 molitur
1623 2855 1751 2926 irrepere,

105 2942 213 2998 interim
228 2943 255 2998 in
279 2943 329 2998 bac
359 2950 447 3013 parte3
467 2949 601 2997 tenemur
620 2939 747 3010 nimirum
774 2940 901 2996 alimore
955 2943 1059 3001 emittat
1082 2944 1170 3002 lucem
1184 2960 1261 3001 suam
1275 2944 1456 3001 alteritatem
1470 2959 1548 3000 suam
1572 2943 1605 2997 ed
1625 2944 1746 3013 proden-

106 3039 249 3100 nocturno,
265 3041 292 3087 et
307 3047 358 3103 pro
373 3030 452 3088 bonis
466 3046 527 3102 que
541 3045 596 3087 non
610 3028 746 3096 ridemus,
765 3026 899 3085 lormida-
954 3032 1018 3088 dam
1032 3033 1104 3089 illam
1118 3035 1210 3090 oriens
1223 3049 1256 3090 ex
1274 3031 1329 3088 alto
1352 3047 1433 3088 verus
1452 3031 1589 3099 meridies;
1605 3039 1632 3086 11
1649 3029 1752 3085 diridet

106 3136 168 3176 urus
194 3135 255 3192 qua
283 3120 525 3190 impresentiarum
553 3127 616 3176 sunt
642 3117 755 3176 adversa
775 3118 899 3172 tolerare.
954 3121 1041 3180 lucem
1056 3138 1071 3176 a
1085 3121 1213 3189 tenebris,
1231 3129 1260 3177 ut
1280 3135 1336 3176 non
1350 3126 1477 3176 notemur
1500 3134 1516 3173 a
1537 3119 1671 3190 propbeta
1688 3125 1750 3173 tan-

108 3209 280 3282 Vigilantiam
294 3209 409 3279 proinde
433 3219 460 3265 et
487 3208 618 3264 orandum
633 3206 721 3277 primo
735 3204 902 3261 intrantibus
952 3227 1033 3284 quem
1041 3213 1180 3284 ponentes
1196 3211 1288 3267 lucem
1303 3209 1442 3280 tenebras,
1461 3213 1490 3266 et
1506 3207 1635 3266 tenebras
1652 3209 1743 3266 tricem

106 3308 198 3354 contra
216 3299 285 3354 bano
299 3298 416 3370 primam
430 3296 615 3361 tentationem,
632 3309 666 3350 ue
686 3294 776 3350 subito
795 3308 900 3365 praeoc·
955 3302 1031 3373 (leat.
1047 3316 1075 3356 v,
1091 3301 1150 3373 eo).

106 3386 194 3457 cuputi
223 3385 480 3457 apuassiassimiiaia
509 3385 622 3456 altilium
649 3389 859 3451 attempestate,
885 3397 901 3436 8
990 3392 1034 3447 tt.
1050 3390 1155 3458 Adbuc,
1177 3388 1229 3447 nisi
1242 3389 1321 3445 taedio
1343 3387 1424 3445 luerit
1437 3387 1579 3461 longitudo
1596 3386 1742 3454 sermonis,

106 3476 179 3532 bana
192 3482 295 3545 coepto,
310 3474 382 3546 qaod
397 3474 469 3530 absit
482 3472 487 3528 Ι
503 3473 637 3532 attiliani·
955 3482 1003 3537 bae
1016 3487 1132 3553 quatuor
1146 3479 1305 3535 tentationes
1318 3479 1428 3535 tentabo
1437 3492 1487 3536 suo
1498 3477 1594 3534 ordine
1606 3476 1750 3550 assignare

142 3569 187 3621 11.
202 3564 438 3635 Superataautem
464 3564 513 3618 bae
528 3563 685 3628 tentatione,
699 3577 835 3618 armemus
850 3576 901 3618 nos
952 3569 1005 3643 ipsi
1034 3568 1142 3643 corpori
1168 3567 1275 3634 Christi,
1301 3567 1375 3640 quod
1403 3575 1444 3623 est
1477 3565 1606 3622 Ecclesia.
1629 3566 1660 3623 Et
1685 3581 1748 3623 ecce

105 3652 281 3710 nibilominus
294 3659 324 3707 ti
346 3653 478 3708 adversus
506 3649 647 3706 hominum
665 3649 777 3719 laudea,
792 3665 853 3721 quae
868 3650 902 3705 da
954 3674 1035 3731 quam
1056 3657 1163 3714 breuius
1179 3672 1289 3729 possum
1307 3669 1446 3728 percurro.
1470 3654 1565 3710 Videte
1584 3654 1749 3724 primitivam

106 3741 233 3798 laudabili
249 3739 419 3810 ratissimum
432 3740 486 3796 rita
513 3746 623 3794 sumant
646 3738 794 3796 materiam.
820 3737 900 3794 Alia·
954 3745 1109 3814 Ecclesiam,
1125 3744 1217 3801 sinon
1234 3745 1323 3814 primo
1340 3758 1453 3814 perissa
1468 3749 1509 3799 est
1528 3742 1626 3798 acriter
1640 3741 1750 3799 niurba

104 3830 170 3900 (ruia
182 3828 334 3900 patebimus
348 3828 480 3885 'alnaria
493 3830 601 3901 aaoiiia
613 3828 727 3885 vobete
740 3829 773 3884 in
782 3827 901 3898 dieque
954 3836 1056 3893 timore
1069 3840 1216 3892 nocturna.
1233 3833 1298 3889 lirat
1310 3833 1382 3888 enirn
1398 3845 1463 3898 nox,
1477 3831 1589 3905 quando
1601 3830 1690 3888 omnis
1701 3831 1748 3902 qui

105 3929 145 3976 est
158 3919 246 3975 inanis
264 3918 363 3993 gloria.
379 3919 460 3974 Fama
475 3918 608 3990 siquidem
622 3916 710 3987 volan
727 3925 755 3972 et
784 3915 848 3973 ideo
874 3915 900 3970 ia
954 3921 1114 3979 interficeret
1126 3930 1243 3988 sanctos,
1258 3920 1441 3977 arbitrabatur
1449 3919 1610 3993 obsequium
1625 3935 1749 3993 seproes·

98 4010 160 4074 die,
174 4010 238 4082 quia
251 4026 284 4064 ex
302 4005 416 4066 1892
444 4007 573 4080 operibus
598 4007 676 4063 lucis.
692 4006 721 4062 si
736 4008 794 4061 bec
807 4003 901 4061 exsui-
955 4018 1013 4066 tare
1040 4010 1105 4066 Deo.
1127 4011 1182 4066 llec
1195 4018 1285 4067 autem
1309 4008 1456 4067 tentatione
1473 4008 1580 4066 devicta
1605 4016 1633 4066 et
1655 4009 1749 4065 sedata
1842 4047 1845 4053 -

106 4099 322 4172 llaturteuquam
336 4098 507 4164 innuisauru,
524 4102 610 4153 restat
625 4104 653 4152 ut
667 4093 781 4151 solidius
794 4092 896 4167 aliquid
915 4116 937 4192 ὓ
955 4106 1120 4171 tempestate,
1136 4097 1235 4171 inclyta
1249 4099 1379 4167 11111111,
1396 4107 1423 4155 et
1440 4099 1521 4171 ‘juxta
1542 4095 1747 4169 promissionem

106 4186 234 4243 alteratur
260 4190 294 4243 de
322 4187 425 4243 divitiis
440 4197 466 4244 et
488 4185 638 4243 bonoribus
667 4184 769 4252 saculi,
785 4183 809 4239 si
830 4181 899 4238 lorte
955 4188 989 4244 ad
1002 4203 1032 4243 sa
1047 4187 1155 4253 tactam
1171 4187 1198 4242 io
1213 4188 1289 4245 brevi
1304 4190 1392 4259 posita
1411 4187 1439 4243 in
1456 4185 1612 4259 superbiam
1631 4184 1746 4242 saecuto.

105 4275 152 4347 qui
178 4290 233 4330 non
258 4284 335 4333 curat
356 4274 464 4344 budae,
481 4274 761 4349 appetatdignitatee.
777 4271 898 4339 litalde,
955 4293 1023 4334 pum.
1048 4277 1079 4332 Et
1096 4277 1191 4333 dolens
1205 4276 1331 4332 inimicus
1354 4274 1428 4348 qnod
1451 4275 1597 4331 lmstratus
1614 4281 1698 4342 11111,
1713 4272 1747 4329 11

105 4359 197 4416 sinon
211 4363 255 4420 bio
265 4364 332 4419 ordo
347 4364 466 4419 tentandi
481 4373 604 4422 servatus
618 4370 662 4421 est
677 4362 705 4418 in
719 4361 837 4420 Domino
851 4373 902 4415 no·
955 4365 1050 4423 timore
1060 4374 1192 4422 nocturno
1205 4364 1341 4422 convertit
1354 4379 1384 4419 11
1398 4362 1496 4420 callide
1509 4363 1543 4418 ad
1557 4363 1683 4438 mptum
1697 4375 1746 4418 vo·

105 4456 170 4516 stro,
187 4451 230 4506 cui
249 4460 311 4523 post
331 4459 490 4526 suggestum
513 4452 546 4507 ad
569 4453 654 4510 solam
668 4451 811 4508 vauimtem
825 4464 899 4519 pre·
956 4453 1054 4510 lanam
1072 4455 1102 4509 in
1114 4453 1169 4526 die,
1185 4460 1212 4508 et
1224 4452 1377 4509 vulneravit
1399 4451 1427 4507 in
1441 4466 1473 4508 aa
1495 4451 1627 4523 quosdam
1642 4450 1677 4507 de
1691 4451 1745 4506 lic-

105 4537 236 4609 ⁰iliiiit¹m‚
252 4547 365 4596 ⁰⁸i0a⁸a
391 4548 455 4597 suut
481 4540 572 4597 amaia
590 4556 675 4615 regna
698 4540 791 4595 muudi
817 4545 899 4611 atqua
951 4542 1041 4600 clesia.
1059 4543 1090 4597 lit
1103 4548 1278 4600 surrexerunt
1292 4539 1418 4596 bomines
1432 4539 1504 4604 reni,
1527 4538 1620 4612 cupidi
1637 4537 1743 4610 glorie,

104 4627 192 4682 oblata
211 4628 320 4697 (111111,
329 4644 368 4700 rr,
377 4633 404 4695 6,
420 4628 459 4700 8).
473 4629 513 4684 Tu
527 4644 594 4703 ergo
608 4630 733 4700 exemplo
747 4626 855 4684 Domini
872 4633 904 4689 et¹
950 4643 977 4687 et
991 4633 1135 4688 voluerunt
1148 4630 1199 4687 sibi
1213 4629 1301 4686 iacere
1312 4643 1412 4686 nomen
1428 4645 1436 4684 τ
1453 4636 1480 4686 11
1498 4636 1629 4687 exeuntes
1642 4627 1677 4685 de
1691 4627 1745 4684 lic·

105 4716 155 4771 ista
173 4731 271 4773 mune.
285 4716 371 4774 ubter
385 4732 500 4775 necesse
514 4721 557 4773 eet
570 4716 758 4774 circumveniri
773 4726 799 4771 te
811 4731 829 4771 n
843 4732 897 4773 ne·
950 4719 1042 4784 clesia,
1056 4718 1100 4774 diu
1115 4718 1242 4776 eumdem
1256 4726 1369 4774 matrem
1385 4733 1464 4775 suem
1478 4717 1633 4775 aillixerunt
1645 4716 1673 4771 in
1696 4715 1743 4772 di-

103 4806 180 4876 patio
188 4805 675 4879 perseuerantissimum-temnat
684 4815 725 4861 est
735 4802 895 4876 hypocrisis.
949 4809 1038 4864 versis
1064 4817 1089 4864 et
1103 4807 1239 4881 perversis
1261 4807 1444 4878 dogmatibus.
1476 4807 1529 4863 Sed
1554 4808 1614 4863 bec
1636 4819 1745 4878 quosue

103 4893 277 4950 Eiefliffl'iaia
289 4896 324 4948 de
336 4894 485 4951 ambitione
510 4893 669 4959 daweadiir
693 4902 720 4948 et
733 4892 762 4948 ia
776 4892 896 4949 iaaabria
949 4897 1033 4969 pestis
1045 4897 1158 4970 depulsa
1179 4905 1220 4953 est
1237 4896 1266 4952 in
1288 4895 1421 4968 sapientia
1441 4905 1608 4966 sanctorum,
1631 4896 1700 4952 sicut
1717 4903 1744 4948 et

104 4979 233 5038 habitatio
248 4983 327 5049 ejus:
351 4983 453 5056 quippe
466 4981 608 5040 abscondit
619 4981 691 5054 quod
705 4989 756 5047 est,
771 4991 800 5038 et
821 4981 896 5051 quod
950 4985 1038 5057 prima
1052 4986 1079 5042 in
1094 4985 1222 5059 patientia
1235 4991 1396 5057 martyrum.

104 5083 159 5124 uon
173 5078 216 5125 est
229 5072 367 5128 mentitur.
382 5073 545 5146 Negotiator
570 5082 662 5126 autem
675 5069 751 5127 omni
765 5079 895 5141 tempore,
986 5080 1029 5131 tt.
1046 5075 1084 5130 En
1099 5083 1220 5146 ternpore
1231 5073 1284 5130 ista
1304 5075 1390 5131 libera
1402 5072 1513 5146 quidem
1528 5072 1584 5130 Deo
1600 5072 1744 5129 miserente

104 5157 223 5215 lormam
234 5160 353 5217 retinens
368 5160 476 5232 pietatis
496 5161 531 5217 ed
544 5175 607 5216 esse
618 5160 820 5230 occultandum,
836 5158 896 5216 vir·
947 5165 983 5221 ab
997 5173 1110 5234 utraque
1124 5163 1169 5218 illa
1189 5162 1305 5227 malitie;
1325 5163 1371 5219 md
1396 5163 1474 5233 plane
1496 5160 1570 5218 ioeda
1592 5179 1610 5219 a
1631 5161 1745 5234 1191111·

104 5257 189 5307 tutem
203 5250 527 5320 anemejuaviuuieus.
544 5261 681 5307 eremana
695 5251 823 5307 bonores.
948 5251 1166 5324 perambulante
1190 5251 1223 5306 iri
1242 5250 1372 5307 umbria
1391 5250 1621 5326 ingenerationi
1639 5249 1703 5306 buic
1725 5264 1742 5304 1

139 5343 183 5395 lt.
208 5340 349 5396 Postrema
380 5341 493 5396 11111111
520 5348 562 5396 est
589 5339 752 5396 demonium
769 5338 896 5396 meridia·
949 5339 1431 5411 seruientol’barisnorum,quodert
1444 5338 1612 5413 hypocrisisl
1625 5338 1742 5397 1111111111

98 5443 177 5494 num,
204 5428 278 5499 quod
302 5428 390 5485 soleat
415 5428 533 5487 maxime
548 5427 670 5485 insidiari
690 5426 834 5500 perlectis,
849 5427 896 5500 qui
947 5427 1165 5501 bypocrisisdici
1179 5427 1409 5500 debetqunjam
1426 5427 1512 5485 latare
1529 5443 1587 5500 prae
1601 5428 1742 5485 abundan-

100 5516 236 5583 rideticet,
263 5525 402 5590 anquam·
416 5516 468 5574 riri
483 5515 625 5585 ruentum,
640 5516 731 5574 omma
745 5531 894 5588 superam·
948 5517 985 5575 tia
998 5531 1054 5576 non
1067 5517 1148 5583 11111.
1162 5524 1191 5574 et
1208 5531 1268 5589 pras
1280 5517 1447 5589 impudentia
1459 5517 1634 5591 conquerit.
1651 5516 1743 5589 Serpit
