3734 5948
152 222 206 285 idi
620 219 648 278 S·
664 216 835 281 caudatam
852 219 991 284 tuctus
1010 218 1330 286 octub-tacteusts

153 362 329 422 erroremque
356 342 518 415 depellens:
549 357 609 400 cum
636 359 731 402 eorum
763 345 957 408 intercessione
973 367 997 448 q
1014 352 1194 412 conscientie
1218 343 1373 418 nostroeUl
1382 345 1442 401 Cor.
1459 357 1479 410 t,
1497 341 1554 411 ta).
1569 339 1648 412 Quod
1671 352 1745 398 const

151 441 263 511 iuretur
295 433 436 492 infirmitas
465 441 569 502 nostra,
602 434 817 494 consideratione
841 437 957 496 beatitu-
1015 441 1057 498 tiae
1080 438 1263 498 testimonium
1287 451 1342 492 uon
1357 433 1396 491 sic
1418 429 1625 505 intelligendum
1648 426 1744 502 puto,¹

153 528 226 584 dinis
241 527 372 584 excitetur
383 522 549 597 negligentia
565 532 666 592 nostra.
682 525 836 599 ignorantia
850 542 959 602 quoquc
1011 547 1092 602 quam
1121 531 1179 602 ipsa
1210 528 1260 584 sibl
1284 520 1451 581 conscientia
1475 527 1624 578 attestetur.
1649 520 1710 576 Non
1738 534 1745 575 t

154 625 247 672 nostra
266 615 388 686 ipsorum
414 615 558 670 erudiatur
572 614 714 689 exemplis.
731 617 879 689 Propterea
896 634 957 674 cum
1012 620 1057 695 qui
1085 619 1205 692 seipsum
1234 613 1421 683 commendat,
1450 611 1496 668 illc
1523 610 1654 682 probatus
1682 616 1735 678 est,

152 705 273 777 perfecte
288 703 410 761 eruditos
421 719 469 759 tos
480 704 513 758 ad
527 699 657 760 imitanda
669 712 824 761 sanctorum
835 705 959 780 vestigia,
1012 726 1092 781 quem
1109 711 1182 765 Deus
1208 703 1379 764 commendat
1395 703 1505 774 (licor.
1521 717 1549 771 χ,
1584 702 1641 771 ts),
1668 700 1717 755 iiii
1744 731 1745 742 .

154 794 288 851 hodierna
302 791 387 850 sancti
400 790 539 863 Evangelii
554 791 680 865 lectione,
697 801 726 849 el
739 793 827 865 ipsius
851 794 960 853 Domini
1013 798 1197 855 tesmonium
1219 795 1391 852 eonscientiae
1417 792 1445 848 in
1470 807 1525 863 quo
1552 790 1682 864 gloriatui
1698 785 1745 861 Ap.

156 899 281 942 sermone
305 898 359 939 non
385 879 516 950 dubitem,
538 890 628 938 erecta
648 882 775 939 nimirum
789 894 851 941 ante
865 883 960 942 oculos
1016 888 1068 956 lus,
1084 903 1137 944 non
1152 886 1224 961 quod
1247 883 1387 956 perhibeat
1406 878 1581 946 couscientia,
1606 878 1653 934 sed
1669 877 1742 948 quod

155 971 352 1037 Vitil⁰⁸⁵0³¹³2
362 986 409 1040 Per
422 985 503 1042 (luam
517 969 671 1037 universus,
683 989 763 1044 quem
779 974 859 1030 hodic
872 988 960 1030 rene·
1014 977 1106 1050 quitor
1120 975 1236 1049 Spiritus
1259 972 1379 1030 veriatis
1397 971 1425 1025 in
1452 969 1522 1040 ipsa,
1544 967 1730 1024 testimonium

156 1079 257 1132 ramur,
271 1069 427 1117 sauctorum
437 1059 539 1116 chorus
552 1061 689 1128 ascendit;
701 1077 752 1119 nec
768 1062 890 1137 ignorem
906 1063 961 1118 im·
1014 1067 1112 1122 bibens
1129 1063 1235 1137 spiritui
1249 1070 1353 1127 nostro,
1370 1060 1443 1133 quod
1457 1058 1504 1114 filit
1526 1057 1574 1113 Dei
1603 1073 1697 1113 sumus
1720 1054 1745 1131 (l

156 1151 297 1225 plorandis
311 1163 406 1205 eorum
420 1147 561 1220 sul'iraqlis
576 1156 661 1206 totum
674 1150 756 1222 paulo
774 1153 864 1208 minus
874 1151 961 1208 noctis
1014 1170 1074 1221 rttt,
1088 1152 1143 1225 16).
1157 1154 1205 1208 Est
1233 1152 1305 1208 enim
1335 1147 1525 1205 testimouium
1554 1144 1728 1204 conscientie

157 1251 185 1296 et
198 1238 251 1295 diei
265 1239 347 1308 buius
368 1235 496 1308 religiosa
510 1236 655 1293 devotione
672 1246 779 1311 tempus
795 1255 959 1311 expensum:
1014 1243 1191 1317 perhibentis,
1223 1241 1270 1297 sed
1298 1236 1482 1310 percipientis.
1520 1235 1588 1291 Cum
1616 1234 1688 1291 enim
1715 1249 1745 1293 ve

154 1329 213 1400 jam
227 1328 261 1384 de
275 1343 368 1384 corum
379 1325 505 1382 felicitate
515 1325 591 1397 loqui
608 1328 648 1386 rol
663 1328 792 1398 exiguum
806 1329 908 1402 aliquid
922 1337 963 1385 al·
1014 1332 1168 1406 applaudit,
1184 1346 1245 1388 oum
1258 1327 1362 1400 justitia
1376 1331 1528 1397 altestatur,
1563 1324 1613 1380 Dei
1642 1323 1701 1380 sine
1726 1322 1745 1380 d

157 1415 359 1487 tentabo,quod
370 1414 509 1471 donaverit
519 1413 586 1486 ipse,
595 1416 642 1486 qui
651 1432 699 1474 eos
709 1426 736 1474 el
746 1416 901 1491 magnificat
906 1419 962 1488 jam
1016 1419 1295 1480 commendantisrox
1311 1426 1363 1485 est,
1379 1424 1405 1471 et
1431 1415 1548 1485 Spiritus
1568 1413 1653 1470 sancti
1687 1410 1745 1471 testi

158 1518 185 1563 et
197 1505 340 1578 glorificat,
357 1520 425 1577 quos
448 1507 554 1562 vocarit
576 1506 680 1576 primus
701 1514 782 1579 atque
794 1506 962 1578 iustificeris.
1017 1510 1090 1567 nium
1101 1508 1279 1582 perbibentis,
1295 1522 1327 1564 ac
1341 1506 1365 1561 si
1378 1503 1526 1562 decertanti
1540 1502 1657 1559 viriliter
1672 1501 1745 1559 militi

194 1600 221 1651 t.
235 1595 362 1668 Legimus
377 1593 406 1647 in
422 1593 570 1665 Propheta:
590 1597 764 1663 Convertere,
781 1599 962 1664 animemed,
1017 1617 1091 1667 suus,
1108 1615 1158 1671 pro
1181 1597 1260 1668 cujus
1278 1611 1370 1652 amore
1395 1602 1422 1651 et
1444 1596 1547 1651 bonore
1573 1593 1696 1649 decertat
1729 1607 1745 1666 p

157 1685 323 1758 inrelm'ssm
338 1688 429 1751 taam,
441 1683 508 1754 ‘luia
522 1683 804 1755 D⁰millltti²⁶⁷20s⁶⁶ii
816 1684 885 1753 libii
896 1685 962 1759 illia
1016 1691 1147 1776 pssistens
1160 1690 1238 1745 laetus
1248 1685 1402 1758 applaudat,
1437 1684 1528 1740 landet
1550 1682 1629 1739 fortia
1650 1681 1731 1749 sacta,

160 1775 267 1847 eripuit
281 1775 410 1832 enimam
426 1786 520 1828 mecm
535 1771 568 1829 de
577 1776 677 1839 morte,
693 1774 789 1831 oeulos
798 1789 902 1833 menso
921 1773 964 1830 lc·
1017 1780 1118 1837 simam
1130 1777 1249 1834 clamitet
1277 1791 1339 1831 esse
1360 1774 1510 1842 victoriam,
1544 1779 1636 1845 parata
1661 1773 1745 1844 iamy

158 1863 271 1936 crymis,
292 1861 373 1935 pedes
391 1859 596 1931 mcosolcpstt
615 1861 705 1932 (Padi
725 1864 849 1930 ox1v‚7,
874 1862 916 1934 8);
937 1868 964 1917 ei
1019 1869 1082 1939 nia,
1098 1876 1126 1924 et
1142 1882 1270 1923 coronam
1297 1862 1454 1936 polliceatur
1480 1871 1618 1919 aeteruam.
1647 1861 1677 1915 ln
1701 1877 1745 1933 qut

159 1957 186 2009 in
201 1952 254 2009 alio
276 1951 399 2023 psalmo:
416 1951 521 2006 Animo
535 1954 635 2006 nostro
657 1953 734 2008 sicet
751 1966 849 2024 passer
867 1956 964 2025 erepto
1017 1957 1144 2013 arimonio
1169 1953 1302 2028 gloriatur
1332 1951 1442 2024 quidem
1470 1950 1601 2022 probatus
1627 1958 1654 2006 et
1683 1956 1745 2007 stret

160 2038 963 2115 ettdelaqueonenomtium(Psoi.otxttt,7).llultaquo-
1017 2044 1110 2112 miles;
1139 2043 1251 2098 minime
1278 2049 1367 2097 minen
1396 2037 1522 2112 quiescit,
1551 2038 1600 2094 sed
1621 2044 1695 2095 tamo
1720 2053 1745 2095 ιι

50 2160 52 2164 -
159 2147 211 2203 que
227 2130 327 2185 similia
342 2131 369 2185 in
386 2128 539 2187 divinarum
549 2128 683 2199 reperisse
706 2127 773 2183 mihi
787 2127 880 2185 uidcor
892 2125 963 2183 serie
1016 2134 1173 2206 viriliusque
1197 2132 1325 2188 decertat.
1354 2129 1448 2199 ltaque
1474 2128 1539 2183 dum
1568 2127 1656 2183 adbuc
1684 2124 1743 2183 mili

159 2220 360 2293 Scripturarum
393 2219 475 2274 rerba
504 2217 658 2284 bominum,
694 2217 741 2290 qui
774 2218 902 2273 liberatos
932 2232 962 2271 se
1017 2223 1240 2299 gandenlutiqne
1256 2221 1337 2277 electi
1360 2217 1421 2285 Dei,
1438 2218 1486 2274 scd
1503 2223 1606 2274 tantum
1630 2217 1665 2273 de
1689 2215 1745 2287 prin

160 2327 221 2366 esse
246 2326 301 2366 non
323 2311 380 2365 sine
408 2308 494 2365 multa
516 2307 694 2364 admiratione
717 2307 853 2374 laetantur,
879 2305 963 2362 rerba
1016 2312 1142 2383 spiritus,
1156 2313 1202 2383 qui
1218 2317 1244 2367 et
1258 2307 1441 2364 infirmitatem
1456 2321 1549 2364 eorum
1577 2305 1687 2377 adjurat
1713 2303 1745 2365 vt

160 2400 287 2473 perlecta
313 2396 463 2452 securitatis
489 2405 516 2452 et
539 2395 674 2453 iclicitatis
696 2398 844 2467 immensae,
868 2411 962 2455 rocem
1016 2416 1072 2469 sun,
1085 2410 1112 2455 ct
1133 2396 1381 2469 pusillanimitatem
1396 2410 1446 2450 sna
1460 2393 1614 2451 consolatur
1628 2391 1745 2454 attestati

160 2491 305 2562 gratiarum
327 2485 442 2541 actionis
468 2493 495 2540 et
521 2484 631 2555 letitia,
658 2501 738 2556 quam
760 2501 811 2556 prn
834 2499 896 2542 meo
922 2499 961 2540 sa·
1016 2490 1097 2546 Unde
1111 2497 1138 2544 et
1151 2489 1185 2554 is,
1197 2489 1231 2543 de
1241 2502 1295 2558 quo
1310 2484 1497 2557 loquebamur.
1514 2482 1745 2554 apostotus:dm

159 2593 225 2650 perc
243 2577 287 2633 bis
313 2575 358 2647 qui
383 2574 470 2631 luteas
485 2573 573 2632 adbuc
593 2574 692 2630 domos
715 2573 876 2644 inhabitant,
892 2573 961 2629 etin
1015 2581 1239 2652 lnquit,reymtm
1254 2576 1305 2632 llei
1324 2591 1385 2631 esec
1406 2577 1433 2630 et
1456 2577 1549 2646 potas,
1573 2572 1621 2628 sed
1646 2571 1745 2644 justiti

161 2666 263 2723 sudore
288 2666 378 2722 rullus
396 2665 437 2720 sui
456 2666 603 2719 comedunt
621 2677 720 2735 penem
738 2679 829 2729 suum,
849 2661 958 2718 omnino
1013 2685 1072 2740 pax
1086 2673 1114 2725 et
1127 2668 1265 2739 paediam
1279 2668 1311 2722 in
1331 2661 1443 2737 Spiritu
1461 2667 1560 2719 sancto
1575 2661 1668 2730 (Rom.
1684 2676 1738 2728 ιιι,

161 2770 215 2811 non
240 2753 356 2810 arbitror
375 2751 532 2809 contenire.
556 2749 623 2821 Quis
644 2750 718 2806 enim
741 2765 834 2807 eorum
857 2749 959 2825 gloria·
1048 2760 1076 2813 i,
1090 2758 1148 2813 Jain
1166 2771 1230 2812 vero
1245 2761 1434 2811 consummato
1460 2749 1565 2806 militie
1593 2756 1715 2823 tempore
1738 2767 1745 2824 q

161 2843 236 2899 bitur
256 2852 359 2898 castum
382 2856 413 2897 se
435 2840 534 2896 babere
557 2839 622 2895 corr
647 2839 709 2910 quis
727 2841 826 2896 audeat
846 2839 960 2912 gloriari
1014 2845 1085 2901 dium
1101 2847 1199 2902 bahent
1213 2842 1298 2900 sancti
1318 2839 1437 2897 ctiamin
1458 2841 1553 2912 spiritu
1577 2854 1636 2909 suo,
1652 2841 1739 2896 donec

164 2932 309 2989 contritum
337 2944 397 2987 esse
423 2929 559 2999 laqueum,
584 2926 716 2983 liberatos
744 2928 827 2999 pedes
855 2943 918 2985 suos
946 2935 998 3014 ac
1015 2935 1173 2991 veniatdics
1189 2934 1246 3004 illa,
1260 2948 1312 3004 qua
1327 2929 1439 2987 introire
1452 2936 1610 2985 mercantur
1636 2927 1664 2982 in
1678 2942 1745 3001 qaut

163 3022 250 3095 lapsu,
266 3020 427 3077 reclamante
454 3015 580 3071 nimirum
605 3017 746 3087 Apostolo,
776 3027 803 3073 cl
831 3016 958 3073 dicente:
1016 3026 1123 3080 Domini
1138 3024 1189 3091 sui,
1223 3021 1354 3094 gaudium
1378 3018 1496 3075 habituri
1524 3026 1551 3074 et
1571 3017 1674 3089 inipso
1698 3030 1746 3074 cor

160 3111 211 3178 tici
229 3116 297 3175 slot,
317 3107 412 3163 videat
427 3122 464 3163 rte
479 3105 582 3162 cadat?
596 3105 621 3176 (l
637 3107 699 3164 Cor.
719 3121 750 3176 ιι,
768 3106 825 3171 li.)
843 3107 918 3162 Unde
933 3113 960 3164 et
1015 3131 1075 3172 suo.
1092 3113 1137 3171 Sic
1150 3112 1222 3168 enim
1237 3112 1366 3165 babemus
1384 3109 1411 3162 in
1437 3106 1545 3163 Psalmo
1570 3106 1745 3181 :Siynatam

157 3201 192 3254 de
208 3196 371 3266 semetipso:
398 3194 631 3265 tramitemque,
654 3210 702 3266 eoo
718 3195 808 3264 como,
832 3197 894 3268 rats
914 3213 959 3254 me
1012 3196 1745 3277 inpercoctomccmttmtaibomtmmedctttoett

160 3287 290 3345 liberabit
300 3286 564 3357 decerperemcrtis
580 3283 685 3358 bajus?
694 3284 784 3357 (Rom.
795 3301 845 3356 stt,
857 3286 915 3359 at.)
925 3286 961 3341 El
1012 3295 1045 3349 in
1058 3292 1139 3351 eorde
1150 3294 1231 3347 mec?
1246 3288 1322 3344 Unde
1336 3288 1350 3343 t
1365 3287 1447 3344 Plane
1461 3303 1493 3342 cx
1509 3285 1550 3341 his
1564 3301 1625 3358 quae
1639 3299 1744 3358 sequun

156 3377 208 3430 alio
223 3375 251 3429 in
266 3375 343 3430 loco:
368 3376 492 3439 diciret,
516 3371 614 3444 inquit,
629 3390 677 3445 eye
697 3388 742 3430 me
763 3390 820 3433 racc
835 3375 960 3433 crtttror
1014 3381 1034 3437 A
1050 3381 1151 3452 fructu
1164 3377 1307 3449 [temerati
1321 3374 1383 3431 vini
1402 3377 1431 3432 et
1446 3375 1500 3432 olei
1513 3375 1560 3432 etti
1575 3373 1660 3445 (Psoi.
1672 3389 1710 3440 tr,
1733 3374 1745 3429 l

159 3462 411 3536 comprehendisse.
431 3464 522 3520 mam
531 3467 638 3532 nalem,
653 3480 717 3536 quc
731 3468 887 3522 retrosum
897 3465 962 3522 cdli·
1014 3467 1126 3524 Audiuit
1139 3466 1212 3523 enim
1226 3464 1360 3535 ejttsmodi
1372 3463 1460 3518 anima
1473 3477 1575 3532 rocem¹
1584 3459 1701 3517 dicentis
1715 3479 1724 3518 ι

159 3558 216 3617 lus,
232 3555 259 3609 el·
271 3553 304 3607 im
318 3568 350 3609 ec
361 3567 421 3625 quae
432 3554 553 3608 ccteme
566 3554 635 3607 sumt
646 3556 793 3618 extentus,
811 3569 911 3625 sequor
925 3554 961 3610 od
1015 3559 1042 3615 ei
1051 3557 1084 3615 de
1098 3557 1349 3628 frttctcmcrroum
1367 3568 1495 3618 maram,
1514 3554 1541 3606 et
1563 3550 1683 3606 madent
1696 3564 1745 3607 eon

156 3643 285 3713 palmum
299 3639 438 3713 (Pltr'lipp.
448 3653 491 3706 ιιι,
507 3642 551 3705 ta,
565 3639 681 3710 ll),etc.
696 3638 958 3714 localemque:
1012 3646 1104 3720 portia
1114 3661 1200 3718 opero
1210 3647 1270 3716 ejas
1282 3641 1376 3713 (Proc.
1392 3657 1465 3707 xxxi,
1483 3641 1540 3709 31).
1552 3639 1629 3695 Unde
1647 3644 1675 3693 et
1695 3636 1745 3696 loa

158 3733 223 3804 Epo,
240 3730 286 3798 ait,
316 3729 358 3786 sic
382 3745 477 3798 curro,
496 3745 554 3788 mom
579 3729 663 3803 quasi
683 3728 716 3786 tn
730 3729 894 3798 lncertcmr
919 3732 962 3788 sic
1016 3733 1296 3804 scribercjubeturin
1310 3729 1487 3803 Apocalypsi,
1504 3728 1633 3802 quoniam
1652 3726 1745 3793 decdt

157 3835 261 3891 popae,
276 3835 334 3877 raom
349 3817 429 3892 qunti
440 3833 534 3875 nerem
544 3821 692 3876 cerbereas
701 3839 711 3888 ,·
721 3817 769 3876 sed
783 3819 891 3892 erratico
902 3836 963 3878 cor·
1018 3823 1062 3878 toi
1075 3823 1164 3894 quiin
1174 3823 1292 3877 Domino
1307 3820 1485 3878 moriuntur.
1499 3816 1589 3886 Quare
1599 3815 1672 3872 beati
1686 3815 1745 3873 ida

137 3904 210 3981 ‘pes
220 3923 315 3963 meum
325 3911 355 3964 et
370 3905 504 3963 seruituti
517 3906 648 3980 subjicio,
672 3923 707 3964 rte
721 3910 797 3978 sorte
811 3924 878 3966 eum
894 3910 964 3970 clit'r
1017 3913 1092 3968 enim
1095 3913 1158 3983 jam
1167 3910 1238 3966 dicit
1256 3908 1429 3981 spirituque
1443 3908 1622 3979 requiescent
1641 3922 1658 3961 c
1674 3904 1745 3963 letor

157 3995 384 4069 prediceretur,
396 3995 456 4068 ipse
476 3998 610 4069 reprobos
620 3995 733 4068 efficior
746 3997 772 4070 (l
786 3997 847 4055 Cor.
863 4013 900 4069 ur,
918 4002 951 4055 26
1017 4002 1078 4058 acis
1089 4002 1183 4074 (Apoc.
1199 4015 1253 4065 ιιι,
1275 4001 1329 4068 la).
1344 3997 1422 4053 Unde
1435 4007 1464 4052 et
1477 3996 1505 4050 in
1520 3995 1578 4068 ipso
1594 3996 1629 4052 de
1647 4009 1704 4067 quo
1732 4009 1745 4079 y

159 4086 215 4158 27).
238 4086 302 4142 litec
326 4087 406 4158 plano
427 4087 489 4142 tuba
511 4084 610 4141 ntilitiae
625 4095 678 4152 est,
706 4085 765 4143 baec
789 4088 873 4144 uerba
887 4077 964 4160 duci}
1017 4100 1078 4146 ante
1093 4088 1271 4159 loquebamur
1285 4086 1397 4158 psalmo,
1420 4084 1460 4142 eis
1485 4100 1546 4157 quae
1569 4100 1651 4154 supra
1671 4079 1745 4154 posu

158 4176 259 4231 strenui
283 4173 390 4230 fortiter
416 4173 582 4228 dimicantis.
604 4172 673 4229 Nam
690 4174 829 4248 superiora
849 4176 959 4251 quidem
1018 4177 1109 4234 verbis
1123 4175 1281 4244 adjunctum
1296 4183 1336 4229 est
1353 4174 1401 4230 :lm
1409 4189 1479 4246 poce
1495 4174 1525 4228 itt
1536 4172 1658 4243 idipsum
1671 4169 1745 4227 dorm

158 4264 283 4320 ridentur
298 4266 387 4335 potius
402 4261 604 4334 triumphantis,
619 4272 666 4319 aut
679 4273 752 4321 certe
767 4265 883 4324 necdum
897 4267 958 4341 qui·
975 4221 998 4300 n
1015 4271 1043 4324 et
1053 4265 1229 4338 requiescam
1239 4263 1324 4332 (Ptol.
1341 4278 1378 4330 tr,
1395 4261 1433 4334 9).
1450 4261 1481 4317 lit
1496 4262 1529 4318 de
1540 4259 1667 4332 operibus
1681 4258 1745 4315 habt

157 4352 219 4408 dom
242 4352 442 4425 triumphantis,
466 4350 516 4406 sed
530 4367 591 4408 cum
607 4353 721 4412 victoria
738 4358 794 4427 jam
817 4357 958 4415 redeuntis
1012 4358 1040 4413 in
1055 4354 1217 4427 Apocalypsi
1233 4372 1240 4407 ι
1256 4354 1432 4426 operaenim
1447 4353 1564 4409 illorum
1578 4351 1739 4422 sequuntur

157 4443 191 4497 de
205 4440 310 4514 praelio,
325 4452 353 4496 et
374 4439 491 4496 futuram
506 4442 596 4514 magni
612 4443 743 4518 triumphi
762 4446 836 4502 diem
851 4447 912 4503 laeta
926 4460 958 4503 ao
1012 4445 1106 4519 (Apoc.
1124 4443 1248 4515 siclt).
1263 4443 1305 4497 Ad
1329 4441 1396 4515 quid
1424 4456 1490 4499 vero
1513 4449 1675 4513 sequuntur,
1704 4436 1745 4494 nia

156 4547 251 4588 secura
265 4530 428 4588 conscientia
442 4529 634 4602 praestolantis.
1013 4537 1122 4592 laudent
1132 4549 1180 4591 eos
1195 4534 1222 4588 in
1238 4532 1348 4604 portis?
1373 4531 1414 4588 Ad
1429 4531 1492 4605 quid
1517 4537 1678 4604 sequuntur,
1708 4525 1745 4583 uit

193 4624 219 4679 3.
236 4619 305 4690 Quid
327 4619 400 4675 enirn
421 4618 540 4691 loquitur
563 4637 687 4679 reversus
711 4625 746 4680 de
765 4623 857 4694 praelio
882 4622 959 4681 sortis
1013 4623 1226 4696 multiplicentur
1253 4638 1269 4677 a
1299 4621 1388 4676 fructu
1412 4636 1518 4688 eorum,
1533 4629 1561 4676 et
1587 4616 1745 4688 accipientes

158 4709 248 4776 miles,
263 4723 359 4764 serens
374 4706 479 4763 ltdelis?
497 4709 662 4769 Convertere
666 4711 847 4783 jom,inqnit,
858 4713 960 4770 anima
1012 4714 1103 4771 fructu
1117 4727 1246 4768 manuum
1263 4727 1383 4780 suarum,
1399 4712 1558 4786 saginentur
1576 4707 1664 4773 vituli,
1686 4719 1745 4779 quo

158 4815 231 4865 mec,
242 4797 275 4852 in
293 4796 419 4869 requiem
431 4801 521 4855 tecm.
532 4801 602 4855 Dum
617 4800 687 4855 cuim
701 4799 728 4853 in
741 4816 852 4871 corpore
868 4803 960 4860 mortis
1013 4803 1170 4875 prophetico
1200 4800 1366 4868 testimonio,
1394 4816 1456 4855 cnm
1477 4795 1716 4855 reaedificabuntur
1740 4811 1745 4851 t

159 4887 277 4943 Domino
293 4885 433 4958 militares,
458 4889 533 4944 nulla
561 4889 667 4959 requies
681 4897 750 4956 erat,
769 4896 824 4944 lunt
845 4906 894 4960 pro
917 4893 959 4947 la·
1011 4890 1172 4961 Jerusalem,
1194 4905 1278 4961 super
1292 4893 1377 4946 altare
1398 4889 1506 4947 Domini
1523 4887 1648 4944 norimus
1661 4884 1745 4957 impot

159 4976 227 5030 bore
254 4974 419 5041 certaminis,
446 4987 503 5032 tum
531 4990 580 5046 pro
604 4977 721 5045 periculo
750 4977 839 5035 exitus
870 4980 959 5039 adbuc
1013 4981 1180 5053 ‹lostiPsot
1191 4995 1218 5046 ι,
1234 4981 1279 5045 20,
1291 4979 1349 5051 tl.)
1364 4979 1474 5035 Interim
1489 4977 1593 5050 quippe
1604 4976 1656 5031 sub
1669 4973 1745 5031 altari

157 5061 260 5118 incerti.
282 5063 350 5120 ilinc
372 5065 505 5120 exclubat
530 5063 660 5120 tumultus
679 5067 867 5140 tentationum,
898 5071 959 5129 inde
1013 5085 1084 5136 csse,
1100 5077 1128 5125 et
1141 5084 1193 5125 non
1215 5084 1306 5138 supra,
1323 5069 1381 5139 lpse
1397 5083 1447 5124 nos
1462 5068 1571 5135 doceat,
1587 5064 1665 5135 cujus
1685 5055 1745 5121 testi

155 5152 351 5209 succumbendi
378 5159 466 5208 metus
492 5152 603 5225 gravius
630 5154 801 5213 sollicitabat.
836 5158 959 5217 ilabebat
1013 5159 1087 5215 nium
1100 5157 1232 5214 credibile
1247 5156 1347 5211 lactum
1364 5162 1405 5211 est
1420 5156 1511 5226 nimis,
1532 5152 1591 5227 qui,
1606 5162 1637 5209 ut
1669 5148 1745 5210 scrib

155 5247 255 5305 tamen,
284 5238 393 5310 iratres,
422 5239 585 5297 etiamtunc
609 5242 723 5315 gloriam
745 5244 825 5301 miles
848 5246 958 5318 Cltristi,
1013 5246 1187 5320 Apocalypsi,
1211 5246 1263 5301 sub
1283 5244 1362 5299 altari
1392 5245 1452 5316 ipso
1486 5260 1579 5302 corum
1617 5241 1700 5297 etiam
1731 5257 1745 5299 t

157 5328 220 5385 licet
244 5328 370 5403 requiem
391 5339 447 5382 non
469 5329 588 5387 liaberet.
614 5330 658 5387 Ait
677 5333 808 5406 siquidem
832 5342 960 5392 manuus
1013 5336 1115 5394 audivit
1128 5336 1223 5410 (Apes.
1238 5349 1275 5400 rt,
1292 5335 1318 5401 9,
1335 5336 1391 5403 td).
1407 5334 1506 5391 Adbuc
1519 5347 1586 5407 crgo
1600 5331 1741 5406 signatum

156 5416 206 5473 ille
216 5426 244 5516 et
254 5414 420 5473 fortissimus
433 5416 519 5488 miles,
531 5419 611 5489 cuius
628 5427 656 5478 ct
672 5422 756 5493 paulo
770 5433 832 5481 autc
845 5424 960 5482 lecimus
1049 5447 1104 5516 (qq)
1130 5442 1160 5498 id
1187 5448 1229 5498 egi
1250 5440 1432 5514 obsignatum,
1456 5442 1579 5500 nondum
1604 5445 1745 5501 reseratur

156 5513 349 5563 mentionem:
375 5504 590 5566 Glorirtmostro
605 5510 665 5567 dec
692 5514 734 5570 ct
761 5514 960 5574 testletcmtum
1013 5516 1237 5582 manifestatum,
1251 5512 1292 5570 uti
1313 5521 1424 5587 apparet
1445 5520 1504 5572 tum
1517 5530 1560 5571 -ex
1578 5517 1745 5584 comequeut
