3734 5948
101 217 165 278 639·
573 221 590 280 S
621 220 789 282 adnullant
808 219 942 280 iubatis
960 221 1277 285 cutum-vlltultsls
1700 212 1753 287 610

102 359 211 415 semper
228 345 362 412 attendas,
372 344 435 417 quia
446 345 472 401 in
489 360 521 401 eo
534 344 675 416 plenitudo
689 351 794 402 constat
812 344 901 400 humi·
957 348 1008 404 tias
1022 349 1088 416 Deo,
1104 363 1158 404 non
1172 365 1233 405 sum
1248 347 1385 405 fraudatus
1403 363 1420 403 a
1437 345 1573 406 desidem
1597 362 1672 412 meo.
1699 362 1754 406 nott

101 433 195 491 litatis.
216 434 284 489 Nam
299 433 404 502 siiorte
419 434 446 490 in
474 450 504 490 re
524 433 616 506 aliqua
637 435 724 502 major
754 433 915 495 tibilratre,
954 444 1185 510 sustratusaspe
1211 451 1281 494 mea.
1303 436 1454 508 Concupivi
1480 435 1575 493 videre
1598 452 1607 493 z
1632 434 1701 505 ridi,
1726 442 1764 494 et.

102 523 192 594 aliquo
206 522 293 593 gratia
308 522 404 578 collata
416 523 522 579 videtur
535 539 544 593 ;
559 524 605 579 sed
619 522 760 589 tumultis,
776 523 800 578 si
811 523 900 578 bonus
955 530 1098 604 liquefacta
1107 533 1146 583 est
1160 525 1250 583 anima
1260 541 1329 584 mea.
1339 523 1469 596 ltepletus
1483 539 1543 580 sum
1552 523 1761 596 mosomense,

103 609 242 667 aemulator
253 609 342 681 tuerit,
359 611 482 682 jndimre
493 621 519 667 te
533 610 637 683 poteris
652 610 817 668 interiorem.
828 611 898 678 Quid
951 615 1142 691 superabundo
1161 613 1273 684 gaudio,
1289 611 1381 671 omuitt
1407 610 1536 669 imeriora
1562 627 1624 669 mcc
1648 610 1754 669 nomint

101 696 210 752 enimsi
226 697 293 753 [⁰50
316 699 500 756 ¹⁸b0ffl0⁸lli
516 700 640 770 jejunate
663 701 724 771 P¹¹¹⁸
743 700 787 756 ”¹⁰
808 706 897 771 POleb
950 707 1060 766 Domini
1087 703 1260 772 benedicunt,
1289 709 1316 759 ct
1343 701 1434 758 omnia
1453 716 1515 757 ossa
1535 716 1596 759 mea
1618 701 1718 758 dicuat
1743 718 1761 759 r.

102 786 183 843 etillo
203 793 229 841 te
245 788 374 858 patientia
396 796 516 859 superat,
532 789 661 859 precedit
674 787 834 855 humilitate,
850 804 896 844 su·
951 799 1079 863 pomino,
1091 797 1153 869 quis
1167 793 1272 851 sinaitis
1283 790 1335 848 tihi
1345 789 1454 864 ?(Psat.
1466 805 1569 859 xxxiv,
1583 780 1763 863 lolliemps,

101 876 253 947 pereminet
280 877 430 935 charitate?
444 878 513 945 Quid
537 880 611 933 enim
638 886 693 935 totu
712 878 756 933 die
774 878 846 934 circa
870 877 897 931 id

102 965 174 1037 quod
185 964 284 1034 videris
301 967 413 1034 habere,
430 967 568 1042 insipienti
585 968 749 1042 cogitatione
762 966 898 1024 versaris?

102 1053 166 1111 Esto
181 1054 267 1127 magis
288 1056 431 1123 sollicitus,
459 1066 488 1113 ut
512 1057 583 1113 scias
596 1058 661 1129 quid
683 1057 752 1113 desit
769 1056 829 1122 tibi,
843 1056 898 1111 Hos

103 1142 174 1198 enim
187 1143 292 1199 melius.
314 1146 431 1213 Utinam,
451 1145 557 1215 iratres,
579 1146 619 1204 sic
633 1161 683 1202 uos
708 1161 833 1202 essemus
846 1160 898 1201 cu·

102 1230 159 1302 pldi
181 1231 276 1303 gratie
303 1232 463 1305 spiritualis.
493 1235 722 1309 quemadmodum
754 1232 898 1290 saculares

101 1320 224 1378 homiues
252 1325 371 1393 pecuniae
401 1325 568 1396 temporalisl
599 1325 746 1382 Debuimes
772 1334 855 1394 carte,
871 1331 899 1380 et

101 1410 215 1467 multum
230 1411 373 1469 debuimus
388 1414 494 1471 vincere
507 1415 534 1470 in
561 1415 632 1472 bono
650 1415 760 1482 malum,
786 1422 812 1470 et
825 1421 897 1470 tanto

101 1497 220 1568 amplius
229 1499 395 1572 desiderare,
411 1510 510 1572 quanto
525 1501 669 1574 pretiosius
680 1511 722 1559 eat
735 1502 808 1574 qnod
824 1501 897 1559 desi·

101 1587 248 1644 eieramus:
264 1590 311 1645 sed
326 1590 429 1646 utinam
446 1591 489 1649 vol
508 1591 628 1663 aequales
653 1608 714 1649 osse
742 1589 894 1663 possimus!

952 884 1120 960 prospiciens
1143 881 1249 939 eminus
1272 896 1334 936 cum
1352 880 1519 949 accederem,
1534 878 1636 946 fatcor,
1661 878 1753 939 videro

952 975 1017 1031 mihi
1031 970 1208 1045 corporaliter
1216 971 1292 1027 visus
1302 984 1372 1035 sum,
1388 983 1456 1042 quos
1466 967 1494 1023 iu
1503 968 1601 1039 spiritu
1612 969 1752 1042 quondam

952 1063 1084 1135 Propheta
1102 1057 1227 1132 praevidit
1241 1075 1249 1112 ;
1264 1063 1291 1112 et
1304 1055 1528 1114 contiuuoaubiit
1540 1057 1665 1133 aninum,
1680 1056 1753 1128 qued

951 1167 999 1211 ore
1019 1150 1062 1205 ille
1073 1150 1288 1221 deprompserat,
1304 1153 1334 1200 ut
1345 1160 1408 1199 cum
1420 1159 1453 1201 eo
1466 1144 1621 1217 psallerem,
1635 1143 1753 1203 dicent:

952 1243 1015 1298 ltoec
1025 1243 1068 1297 est
1081 1237 1227 1310 generatio
1241 1236 1431 1307 querentium
1443 1234 1606 1293 marinam.

987 1332 1014 1384 2.
1030 1328 1123 1384 blultae
1138 1332 1201 1381 sunt
1211 1322 1398 1397 generationes
1406 1321 1557 1392 homiuum,
1572 1329 1609 1389 et,
1621 1321 1651 1379 ui
1663 1321 1752 1389 tutor.

952 1417 1031 1473 tertia
1045 1415 1097 1471 ista
1112 1425 1152 1469 est
1183 1411 1330 1488 generatio,
1346 1427 1407 1482 quae
1422 1425 1493 1466 nunc
1508 1410 1581 1482 viget
1595 1417 1623 1465 et
1637 1410 1755 1484 apparet

953 1506 980 1561 in
999 1504 1087 1562 vobis.
1112 1504 1200 1559 Prinna
1228 1500 1362 1572 siquidem
1389 1497 1528 1574 genoratio
1556 1512 1606 1556 nec
1625 1514 1754 1573 quaereus

953 1594 1041 1650 adhuc
1055 1591 1212 1660 Dominum,
1231 1604 1282 1645 nec
1300 1587 1414 1661 quaesita
1433 1585 1482 1642 luit
1503 1586 1669 1643 allomiuo:
1691 1602 1755 1644 cura

102 1677 199 1748 blagua
216 1677 288 1732 euim
310 1678 444 1745 conlusio,
461 1696 559 1757 magna
573 1679 659 1746 valde,
674 1681 746 1754 quod
761 1680 897 1737 ardentius
913 1660 935 1738 Β
951 1685 978 1740 iu
993 1682 1129 1740 oblivione
1146 1677 1242 1736 ruentis
1252 1687 1361 1733 etrcatu
1373 1675 1521 1746 iniquitatis
1531 1690 1755 1748 unumquemque

101 1761 141 1817 illi
157 1764 309 1834 perniciosa
337 1768 505 1837 desiderant,
536 1784 617 1840 quam
639 1784 688 1825 uos
710 1769 802 1835 utilia;
819 1769 898 1825 citius

101 1850 142 1906 ilti
152 1852 186 1906 ad
197 1865 309 1909 mortem
319 1870 488 1928 propreraut,
497 1874 578 1929 quam
588 1874 638 1914 nos
648 1859 681 1912 ad
692 1857 785 1915 vitum.
793 1856 899 1927 Qrtauto

101 1940 173 1997 enim
195 1943 330 2000 desiderio
359 1946 482 2016 pecnnia
506 1945 642 2004 crucietur
667 1961 776 2012 avarus,
798 1952 899 2017 quanto

100 2029 193 2101 gloriae
200 2032 320 2103 appetitu
332 2033 494 2091 ambitiosus
509 2043 653 2105 exambiret,
668 2051 749 2107 quarn
771 2035 899 2091 violenter

100 2118 217 2191 denique
245 2137 293 2176 sua
317 2125 404 2177 trahat
428 2140 563 2196 quemque
589 2126 724 2196 voluptas,
741 2124 802 2195 quis
817 2122 900 2193 expli·

101 2205 163 2277 ceti
187 2209 286 2269 videas
304 2223 434 2269 certeeoa
458 2213 589 2286 quidquid
613 2214 701 2285 adepti
727 2222 791 2269 sunt
805 2211 897 2284 parti-

100 2296 230 2369 pendere,
244 2313 298 2353 non
321 2299 459 2357 attendere
482 2313 582 2373 quanto
601 2303 693 2358 labore
720 2310 747 2358 et
764 2300 899 2357 desiderio

101 2399 132 2439 ea
145 2384 188 2442 rix
203 2386 312 2442 hadent
326 2389 454 2461 consequi
478 2403 604 2460 potuere;
625 2388 753 2463 quoniam
767 2389 899 2447 vilescunt

101 2472 142 2528 eis
160 2472 250 2529 omnia
278 2491 334 2546 prae
358 2477 491 2534 desiderio
517 2478 630 2535 minoris
659 2479 731 2537 forte
752 2480 802 2546 rei,
817 2496 897 2553 quam

102 2560 473 2634 altoricoeperintiuvidere.

139 2650 164 2704 l.
181 2651 218 2707 Et
242 2662 346 2725 tucrgo
375 2669 429 2710 non
458 2670 624 2728 magnopore
643 2655 746 2730 cogites
774 2673 835 2730 quae
850 2656 898 2712 tibi

100 2735 201 2795 vinnm
215 2740 323 2810 habore,
339 2742 392 2799 nisi
419 2741 487 2800 iorte
502 2743 646 2812 interdum,
662 2755 692 2804 ut
706 2746 806 2820 gratias
816 2763 898 2820 agera

105 2827 201 2899 possis,
224 2839 250 2888 et
278 2842 305 2887 te
333 2833 441 2897 noveris
461 2831 610 2890 debitorem
627 2835 653 2890 ei
679 2836 727 2909 qui
741 2835 833 2893 dedit:
849 2853 898 2893 scu

952 1773 1046 1847 geuuit
1062 1779 1145 1826 mater
1159 1785 1217 1824 sua.
1233 1768 1355 1824 Secunda
1371 1765 1482 1840 proinde
1496 1765 1585 1822 snum
1599 1765 1671 1822 siem
1704 1780 1754 1823 tta·

953 1875 1027 1918 cesse
1041 1865 1109 1923 erat,
1126 1873 1159 1912 er
1174 1871 1243 1927 aqua
1258 1863 1283 1909 et
1293 1853 1388 1923 spiritu
1402 1851 1553 1910 remedium
1574 1852 1655 1908 nebia
1673 1851 1753 1910 exhi·

953 1948 1012 2004 buit
1027 1947 1182 2002 festinatum
1196 1953 1240 2000 :et
1255 1943 1304 1998 luit
1314 1942 1358 1998 illa
1366 1942 1504 2016 generatio
1512 1940 1631 1999 noudum
1641 1940 1755 2012 quidem

953 2037 1092 2111 generatio
1106 2032 1294 2106 querentium,
1315 2032 1362 2088 scd
1377 2039 1465 2086 tamen
1479 2032 1535 2101 jam
1559 2030 1754 2103 quesitorem

953 2127 1026 2196 quod
1041 2137 1092 2179 nec
1116 2121 1231 2178 scientes
1254 2120 1340 2176 adhuc
1368 2134 1490 2192 quaerere
1514 2119 1671 2187 Dominum,
1703 2132 1756 2177 uec

952 2213 1076 2270 valentes
1090 2211 1146 2281 ipsc
1159 2210 1308 2282 quaesierit.
1324 2207 1454 2277 Quaesivit
1464 2207 1546 2281 igitur
1553 2223 1614 2276 uos,
1622 2216 1653 2265 et
1660 2208 1758 2281 acqui·

953 2301 1015 2358 sivit
1024 2300 1051 2356 iu
1062 2299 1237 2374 generatione
1255 2297 1385 2363 secunda,
1396 2295 1624 2367 utesscmuajam
1634 2299 1756 2370 populun

952 2388 1146 2464 acquisitionis.
1158 2388 1187 2443 Si
1202 2388 1291 2444 adbuc
1305 2388 1374 2444 torte
1383 2385 1475 2443 senior
1489 2385 1573 2441 irater
1587 2394 1756 2459 murmurat,

953 2487 980 2535 et
994 2479 1095 2535 invidia
1109 2477 1287 2547 contabescit,
1303 2475 1403 2534 dicitur
1416 2475 1440 2530 el
1455 2474 1584 2548 quoniam
1593 2475 1712 2548 epulari
1723 2474 1753 2533 et

952 2567 1073 2642 paudere
1087 2566 1241 2640 oportebat,
1251 2566 1319 2640 quio
1334 2564 1380 2621 hie
1389 2567 1561 2637 frotertauc
1573 2563 1753 2637 perterreat

952 2658 1087 2714 intuentur
1101 2662 1145 2713 est
1159 2655 1249 2729 (Lae.
1268 2669 1313 2726 xv,
1326 2655 1381 2724 32).
1705 2718 1708 2722 Δ

987 2748 1015 2800 3.
1031 2745 1167 2801 Caeterum
1187 2744 1284 2800 adhoc
1297 2742 1389 2800 statim
1401 2740 1527 2814 quaesitit
1542 2756 1594 2798 uos
1607 2740 1752 2813 Dominus,

953 2843 982 2892 ut
997 2842 1164 2906 quaereretur
1177 2841 1300 2904 tempore
1314 2839 1478 2904 opportuno,
1493 2845 1556 2887 cum
1576 2830 1635 2903 jam
1658 2836 1755 2902 posset

102 2918 188 2991 gratia
203 2918 406 2988 consolationis,
432 2938 493 2980 cum
509 2921 537 2979 id
547 2940 658 2981 necesse
678 2925 768 2991 luerit,
779 2942 813 2981 ne
829 2942 898 2999 qua·
916 2944 938 3023 t
953 2922 1046 2997 quari,
1066 2929 1157 2993 posset
1168 2931 1195 2978 et
1208 2921 1335 2979 inveniri.
1348 2921 1395 2976 Vae
1411 2918 1499 2986 nobis,
1514 2918 1644 2992 quoniam
1657 2916 1753 2975 undu

103 3005 169 3063 libet
178 3024 210 3064 cx
226 3025 307 3066 causa
322 3009 422 3068 tristior
436 3010 494 3071 bas.
509 3014 549 3069 De
561 3021 658 3070 caetero
673 3032 704 3071 ea
718 3031 823 3086 semper
839 3030 899 3070 rna-
953 3010 1181 3067 dissimulavimus
1196 3019 1223 3066 et
1233 3009 1402 3083 negleximus
1416 3023 1541 3081 quaerere
1564 3006 1659 3075 vitam,
1673 3022 1750 3080 qum-

103 3094 145 3168 gis
158 3101 267 3156 attende
281 3117 343 3172 quae
365 3101 435 3158 alius
464 3102 552 3170 habet,
579 3112 605 3158 tu
628 3119 683 3160 uon
698 3104 782 3160 habes
797 3125 804 3161 z
825 3103 897 3177 quod
952 3117 1012 3157 rore
1030 3116 1093 3156 cunr
1107 3101 1153 3174 qui
1168 3099 1241 3156 solus
1252 3098 1391 3155 bonusest
1403 3094 1587 3170 quaerentibus
1596 3111 1638 3164 te,
1652 3094 1754 3152 animae

103 3183 299 3260 haecmgitatio
319 3189 346 3244 iu
362 3189 510 3249 bumilitate
537 3193 679 3259 custodiat,
692 3196 721 3251 et
734 3209 749 3247 a
763 3194 899 3249 descensu
952 3187 1073 3261 speranti
1088 3188 1115 3243 iu
1126 3185 1170 3244 sel
1185 3188 1232 3245 Va
1243 3186 1301 3253 tihi,
1312 3185 1451 3260 generatio
1463 3199 1547 3257 prava
1555 3192 1623 3240 etex
1631 3195 1753 3254 exaspe-

103 3274 386 3349 tepiditatisclouget,
401 3280 494 3352 magis
506 3291 595 3337 autem
610 3290 637 3337 et
646 3283 775 3339 accendat
790 3282 898 3338 doside·
953 3292 1028 3348 raus,
1042 3277 1112 3333 mala
1127 3285 1153 3332 et
1167 3275 1286 3332 adultera
1300 3274 1453 3348 generatio,
1465 3272 1635 3329 mendacium
1663 3283 1753 3343 usquo

105 3361 144 3417 rio
159 3360 328 3431 proficiendi.
344 3365 409 3422 Vide
423 3377 511 3422 auteur
535 3378 636 3442 quauta
658 3386 674 3425 e
698 3369 811 3444 regione
827 3369 901 3424 mala
954 3366 1033 3424 hodie
1048 3366 1206 3438 quaeritans,
1221 3371 1248 3419 et
1258 3363 1373 3436 diligens
1386 3363 1543 3427 vanitatem,
1566 3375 1618 3417 noc
1638 3366 1753 3418 matta

104 3450 233 3524 cogitatio
247 3450 292 3510 illa
322 3455 461 3523 parturiat,
477 3471 530 3527 qua
543 3456 636 3513 sedule
651 3474 744 3514 versas
767 3459 794 3513 iu
809 3457 900 3513 animo
953 3456 1035 3510 tidem
1048 3453 1093 3511 cui
1109 3455 1269 3526 desponsata
1287 3455 1375 3509 lucras
1389 3449 1511 3509 veritati!
1541 3448 1671 3523 Nunquitl
1695 3462 1753 3506 uon

103 3538 177 3612 quod
190 3539 238 3596 tibi
252 3541 352 3598 babere
367 3542 484 3599 videris:
496 3551 524 3600 et
538 3544 652 3601 alterum
662 3545 816 3617 quempiam
828 3546 900 3604 aesti·
954 3557 1027 3615 opus,
1037 3542 1118 3598 hahet
1132 3541 1268 3612 ejusmodi
1281 3538 1422 3615 generatio
1438 3537 1512 3596 nasci
1526 3538 1627 3610 denuo,
1652 3536 1752 3595 iterum

102 3645 161 3685 mas
179 3644 234 3686 nou
249 3631 357 3687 habere.
378 3631 532 3690 llincenim
556 3634 670 3692 elevaris
686 3635 714 3690 iu
732 3636 898 3706 snperbiam,
954 3630 1291 3706 generamilitmminte.
1320 3631 1421 3702 Nempe
1435 3627 1573 3705 genimina
1593 3627 1751 3700 viperarum

103 3717 169 3775 dum
184 3729 210 3776 te
221 3722 457 3791 praeponisalteri;
473 3722 536 3778 binc
546 3722 676 3796 proficere
693 3724 819 3799 negligis,
837 3725 900 3781 dum
954 3721 1027 3793 lacti,
1043 3727 1118 3777 tauto
1132 3719 1219 3793 magis
1233 3735 1304 3775 nunc
1319 3734 1431 3776 necesse
1455 3717 1556 3774 habeut
1576 3717 1609 3773 iu
1627 3720 1753 3774 tenuerit

105 3822 132 3868 tc
147 3824 275 3879 maguum
290 3811 444 3882 quempiam
467 3813 622 3881 arbitraris;
639 3813 819 3871 hincdemum
835 3814 902 3871 inci·
954 3812 1049 3866 matris
1064 3809 1159 3880 gratiae
1186 3809 1282 3864 iterato
1310 3806 1421 3864 introire
1450 3814 1476 3863 et
1498 3806 1616 3878 renasci,
1642 3804 1751 3878 quaudo

104 3896 148 3968 pis
174 3904 201 3953 et
241 3897 365 3965 delicere,
393 3903 459 3957 dnm
487 3903 535 3959 tibi
560 3905 670 3962 alterius
697 3907 901 3976 comparatione
955 3898 1182 3955 lacunoscmtur
1197 3894 1750 3968 posterioraeorumdeterioraprioribtn.

104 3984 188 4041 etiam
202 3984 283 4041 nimis
300 3987 390 4062 egisse
417 3990 541 4050 videris:
567 3993 659 4066 sicque
675 3994 701 4050 in
732 3994 901 4067 tepiditatem
954 3986 1059 4042 Gillias
1083 3986 1135 4057 ipsi
1157 3986 1261 4058 &salitio
1290 3994 1327 4052 eb
1355 3983 1379 4040 Si
1402 3984 1456 4041 diti
1483 3990 1583 4056 Ρθῑθῦῑι
1606 3982 1752 4056 Plffllffl

105 4070 213 4144 incidis,
235 4081 262 4129 et
287 4073 383 4147 incipis
398 4077 537 4135 remissius
559 4096 652 4154 agere.
674 4081 782 4139 Scimus
811 4094 902 4140 autem
955 4075 1079 4148 gratuita}
1094 4073 1273 4144 miserationi,
1289 4089 1350 4146 (luan
1364 4071 1487 4130 benefitii
1500 4071 1662 4129 0ῧωὶῑῦοΰ
1671 4070 1750 4128 modo

85 4151 167 4234 ‘quia
182 4162 257 4219 Deus
284 4166 408 4235 superbis
435 4166 546 4241 resistit,
565 4170 715 4225 humilibus
736 4181 826 4227 autern
855 4171 901 4228 dat
956 4165 1114 4233 itltmellwsr
1135 4163 1180 4220 Sed
1198 4163 1306 4219 nimium
1334 4162 1404 4218 ”¹⁸¹⁹
1426 4163 1538 4218 ¹¹¹2?in
1559 4168 1590 4217 ⁰³
1615 4160 1750 4235 imm&

104 4253 217 4325 gratiam
247 4254 316 4324 (tao.
332 4271 372 4323 rt,
392 4255 424 4328 6]
442 4275 449 4329 ;
465 4266 492 4313 et
505 4256 568 4329 quia
588 4259 757 4329 maledictus,
772 4261 818 4333 qui
833 4277 902 4333 opus

104 4340 154 4398 Dei
182 4341 349 4417 negligenter
372 4344 465 4403 lecerit
487 4348 601 4418 (terem.
631 4363 726 4416 utut,
757 4351 811 4423 lu).
828 4350 902 4407 beati

104 4444 168 4499 vero
177 4431 221 4504 qui
237 4432 359 4490 esuriunt
373 4443 400 4491 et
421 4435 513 4492 sitiunt
521 4437 670 4510 justitiam,
687 4439 752 4511 quia
769 4440 793 4495 si
807 4439 902 4511 spiritu

106 4518 177 4576 lacta
196 4519 285 4579 caratis
300 4522 560 4594 mortificaverimus,
576 4527 715 4600 vivemus;
731 4527 835 4586 sivero
857 4545 902 4585 se-

104 4608 222 4667 cundum
234 4627 340 4668 caruem
351 4611 507 4686 vixerimus,
518 4615 665 4674 moriemur
674 4619 764 4691 (Rom.
777 4621 901 4688 vianti-l).

322 4736 435 4796 118⁰
455 4741 569 4799 sltltllo
583 4742 725 4801 xxxvh.

143 4827 176 4883 la
192 4826 286 4885 tutore
298 4829 396 4886 mesaia
409 4828 492 4900 (987,
508 4831 644 4890 devertis
658 4834 764 4906 psalmi
778 4848 856 4899 rxttr,
867 4834 900 4887 6:

145 4918 156 4948 ι
171 4900 231 4982 llaec
238 4904 280 4956 eat
287 4904 434 4984 qenerotro
441 4903 635 4984 querentium
645 4906 806 4975 Dominum,
825 4921 903 4977 qaoe·

143 4971 270 5027 reatuum
283 4974 388 5042 [oawm
406 4973 456 5030 Det
476 4973 565 5030 Jacob.
585 4994 597 5024 »

146 5061 170 5111 l.
187 5050 332 5117 Ediversis
346 5069 373 5117 et
383 5060 677 5135 diversaquacrentibus
687 5063 827 5122 hominum
845 5076 903 5121 tur-

109 5142 151 5201 bis
179 5144 268 5201 animo
283 5147 420 5220 fatigatus,
448 5167 528 5225 quam
567 5151 748 5210 desideranter
784 5154 904 5211 adhunc

108 5248 225 5291 cuneum
240 5234 322 5291 bodio
336 5237 460 5309 spiritum
480 5239 678 5298 refocillaturus
691 5240 810 5301 tcoetsil
834 5243 904 5301 Gra·

148 5358 219 5428 (aa)
234 5358 335 5417 Gonier
350 5359 397 5417 lib.
413 5367 426 5418 l
442 5363 477 5419 de
494 5363 555 5421 Vita
569 5367 709 5434 bernardi,
724 5385 801 5438 num,
818 5372 862 5437 at.
878 5380 906 5428 et

112 5427 234 5487 Guorrici
260 5430 366 5488 abbatis
390 5448 540 5492 samonem
578 5441 594 5493 3
622 5438 652 5494 iu
674 5440 906 5513 desumptlouall

112 5499 223 5569 butria,
245 5520 322 5561 unm.
343 5506 356 5560 l
375 5503 422 5561 ubi
443 5506 478 5563 de
501 5507 593 5566 lauare
607 5509 713 5580 nessia,
726 5513 767 5570 bx
796 5518 903 5573 numi

957 4253 1063 4312 Gratias
1077 4253 1113 4322 ei,
1134 4253 1180 4326 qui
1202 4251 1371 4328 regeneravit
1392 4265 1440 4307 vos
1463 4250 1544 4305 etiam
1567 4251 1619 4307 hao
1642 4248 1750 4307 riee'm

956 4358 1033 4414 spem
1048 4340 1119 4407 abae.
1139 4348 1169 4398 ut
1182 4341 1353 4410 adoptionem
1367 4338 1482 4396 filiorum
1506 4336 1673 4410 reciperetis.
1695 4336 1750 4395 Vo-

956 4429 1073 4486 luntarie
1087 4429 1159 4485 enim
1178 4445 1250 4486 nuuc
1263 4427 1371 4499 proprie
1384 4426 1480 4500 genuit
1495 4440 1553 4493 vos,
1564 4425 1649 4483 verbo
1659 4418 1750 4500 utiquo

957 4518 1085 4577 veritatis.
1101 4519 1169 4573 Nam
1191 4519 1262 4590 quod
1284 4517 1358 4589 prius
1385 4532 1435 4573 vos
1461 4514 1556 4588 genuit
1581 4523 1750 4571 sacramento

956 4605 1081 4678 equidem
1096 4606 1214 4678 pietatis,
1235 4606 1285 4660 etsi
1305 4604 1487 4661 voluntarium
1496 4601 1651 4677 generanti,
1672 4601 1751 4676 geni·

958 4696 991 4750 tis
1005 4703 1094 4750 tamen
1117 4695 1295 4751 voluntarium
1324 4710 1384 4751 esse
1405 4708 1461 4749 uon
1482 4690 1578 4765 potuit.
1603 4690 1632 4747 ia
1655 4691 1752 4764 quibua

958 4784 1045 4840 adhuc
1064 4782 1152 4839 nullus
1171 4783 1316 4842 voluntatis
1330 4798 1405 4853 usus,
1421 4781 1524 4837 nullum
1536 4779 1650 4837 rationis
1672 4794 1751 4837 exart·

957 4872 1051 4929 citium
1074 4872 1137 4937 luit;
1162 4888 1194 4928 ac
1221 4872 1334 4943 proinde
1363 4869 1437 4927 nulla
1463 4866 1647 4942 generationis
1669 4866 1752 4943 ipsius

957 4961 1070 5032 agnitio,
1084 4961 1155 5017 uuila
1181 4962 1247 5016 tauri
1263 4962 1357 5017 notitia
1376 4959 1516 5032 genitoris.
1539 4957 1620 5014 Nunc
1644 4964 1752 5013 domurn

958 5050 1108 5107 voluntaria
1117 5051 1255 5121 gestaratio
1270 5050 1449 5105 voluntarium
1463 5042 1751 5113 exuinetstertdatum,

956 5141 1032 5211 juxta
1047 5138 1130 5194 illud:
1154 5141 1314 5200 t'otnntarie
1325 5137 1558 5209 sacrificabotibt',
1568 5134 1755 5207 etconffitabar

959 5225 1755 5302 nominituo,hemerammumbonumeattl’sotunud).

960 5377 1071 5452 apparet
1085 5370 1194 5426 habitus
1208 5371 1253 5427 hic
1262 5387 1351 5429 sermo
1365 5373 1393 5429 in
1404 5372 1491 5430 reditu
1500 5386 1534 5429 ex
1544 5369 1757 5447 longoqnodsn

961 5445 1067 5500 ttinere.
1087 5441 1156 5498 lorte
1175 5444 1305 5502 Romano.
