3734 5948
62 259 117 320 3⁸5
550 251 885 319 btttbatrtctttotto
896 253 927 316 D.
943 252 1065 316 tutam
1079 255 1197 318 emo
1211 258 1232 316 l.
1660 270 1712 324 aas

62 385 188 442 needuna'
201 382 376 459 pittoepttarl'
390 391 423 443 ut
437 385 540 452 aalma
559 391 591 441 et
604 383 749 457 provideat
759 383 801 438 bia
815 381 861 455 qni
877 399 901 477 Α
919 380 1142 450 humiliationem,
1166 384 1229 438 dam
1256 382 1374 440 clamat:
1387 384 1515 453 Domine,
1534 389 1602 462 quid
1615 408 1661 448 me
1673 395 1713 452 vis

61 482 175 547 apertos
189 472 285 532 matos·
296 475 428 532 babentes
442 475 506 530 nibil
522 473 633 530 vident:
649 471 713 546 qaid
728 471 779 528 boc
795 481 863 542 pre·-
916 471 1037 540 socero?
1051 469 1137 542 llegis
1147 473 1348 544 autemprobat
1361 473 1421 545 ipsa
1431 473 1536 531 colla'tae
1545 479 1642 548 gratiae
1655 496 1713 536 ma.

61 550 284 630 sumere'teotaa
299 563 351 620 nisi
371 565 434 638 quia
452 559 600 618 meditatur
618 560 718 627 inania,
738 567 765 615 et
785 559 863 630 quasi
916 558 1040 629 guitudo,
1057 573 1121 631 quae
1136 559 1263 617 nimirum
1286 568 1339 616 tam
1354 561 1447 628 multe,
1463 563 1515 619 nisi
1530 565 1643 622 multum
1658 569 1706 624 hu·-

62 649 175 705 somnia
185 662 254 706 aare
268 652 405 706 sectatur?
418 654 568 708 caveamus
583 650 618 706 ab
638 650 688 705 boc
708 647 783 715 vitio,
806 647 862 702 ira·
917 645 982 712 mili,
999 646 1061 702 deta
1076 663 1132 704 non
1147 647 1207 705 luit.

64 745 136 793 tres:
157 742 276 811 scrupea,
297 739 371 812 quod
389 739 418 794 in
438 740 517 795 nobis
537 746 589 805 est,
611 737 711 808 abjecti
730 736 863 812 eligamus
952 737 978 787 2.
994 735 1128 790 ceremur
1143 737 1332 805 mansuetudo,
1350 739 1478 813 quoniam
1505 743 1624 799 exterior
1638 758 1711 817 quae·

62 843 136 894 esse,
151 835 178 883 et
194 827 230 882 ad
243 836 341 883 manus
357 828 442 898 trabi3
460 825 697 883 mansuetudinem
711 832 738 881 et
752 823 863 879 humili·
917 821 980 876 dam
997 821 1092 888 959,
1108 832 1137 879 ut
1147 825 1280 894 diximus·
1290 829 1418 895 parvitas,
1436 838 1463 885 et
1478 831 1517 886 ob·
1528 834 1578 888 boc
1594 834 1710 891 minife-

61 923 147 972 tatem
161 916 299 974 discentes
314 933 329 972 a
343 916 451 974 Christo
473 916 599 978 Domino.
615 915 659 972 cul
678 920 719 970 est
735 915 822 970 bonor
836 919 864 967 et
917 909 984 965 stior
1006 916 1058 976 est,
1084 910 1228 980 tripliciter
1242 914 1320 969 nobis
1334 915 1362 970 in
1376 917 1559 976 conversioub
1570 921 1620 977 bac
1634 939 1710 978 corn·

61 1003 149 1076 gloria
164 1003 193 1061 ita
208 1005 306 1062 meula
320 1004 493 1061 saeoulorum.
509 1004 607 1059 Amen.
918 999 1069 1055 mandatur.
1086 999 1195 1071 Triplici
1211 1000 1321 1073 quidem
1337 1003 1410 1059 velut
1424 1004 1511 1062 ariete
1530 1012 1711 1068 mansuetudo

382 1090 497 1149 SEllblO
509 1092 542 1147 ll.
917 1097 1009 1143 nostra
1028 1088 1163 1160 pulsatum
1184 1090 1329 1145 verborum
1349 1091 1464 1161 injuriis,
1485 1095 1590 1151 damnis
1608 1114 1710 1166 rerum,

96 1185 124 1240 l.
145 1181 306 1239 movemus
320 1184 363 1238 cst
381 1181 467 1238 bodle‘
481 1178 590 1245 Paulus,
609 1179 664 1234 imo
685 1178 784 1234 Saulus
801 1188 864 1234 core
916 1176 1038 1247 corporis
1050 1177 1174 1234 laesione.
1194 1179 1224 1232 ln
1240 1178 1281 1234 bis
1302 1179 1387 1236 tribus
1404 1183 1493 1239 omnis
1512 1185 1642 1244 exbibitlo
1661 1202 1711 1259 pa·

60 1276 272 1328 persuaserant
292 1275 336 1327 eet
353 1270 388 1325 io*
403 1264 525 1325 Paulnln.
548 1267 689 1340 Siquidem
715 1265 802 1322 iaetus
821 1273 863 1320 est
916 1264 1027 1335 tienne,
1050 1265 1139 1321 omnis
1160 1265 1318 1324 exercitatio
1338 1272 1564 1329 mansuetudinis.
1593 1275 1713 1333 Probata

60 1366 194 1433 numum
208 1360 384 1432 evangelicus
399 1359 443 1415 ille
463 1358 601 1430 pdrn'rlus,
617 1355 652 1413 'de
666 1365 720 1428 quo
733 1354 862 1413 Dominus
916 1352 1015 1409 catilla
1029 1353 1124 1422 virtus,
1140 1371 1220 1426 quam
1235 1355 1302 1409 nihil
1325 1357 1420 1412 borum
1440 1359 1548 1416 videtur
1565 1373 1713 1422 concutere

60 1447 97 1503 ait
109 1448 453 1522 :Nialconoerriticsritio
464 1452 495 1507 et
506 1446 675 1519 efficiamini
684 1447 863 1518 deotperto
914 1441 1046 1514 potuisse.
1065 1443 1246 1499 considerare
1260 1444 1337 1512 libet,
1364 1449 1596 1517 quemadmodum
1613 1453 1713 1509 Paulus

62 1538 185 1606 laetate,
200 1547 258 1594 non
272 1538 461 1595 indomitis
476 1532 859 1609 repnaooeoelorsmlllottt.
916 1542 1000 1602 super
1016 1529 1062 1586 bia
1077 1531 1203 1587 omnibus
1227 1531 1330 1605 inipso
1349 1534 1441 1590 statim
1461 1553 1509 1592 suo
1533 1541 1712 1600 conversione
1812 1603 1818 1616 1

59 1641 127 1693 sarr,
139 1625 177 1698 dl:
192 1625 272 1683 Forte
287 1626 361 1682 enlm
375 1625 502 1698 seipsum*
515 1624 632 1680 dicebat.
653 1621 786 1678 Nimirum
801 1621 860 1692 ipsc
916 1627 1044 1689 tentatas,
1060 1621 1190 1690 terciam
1207 1621 1303 1676 Paulus
1318 1621 1445 1679 inventus
1460 1622 1505 1691 ait,
1524 1626 1551 1681 in
1570 1627 1624 1684 bae
1636 1629 1714 1700 parte

9 1699 11 1789 ἔ
59 1714 325 1790 degenerantem
340 1712 528 1770 merenas
540 1711 631 1777 namn,
656 1711 717 1784 ipse
733 1710 860 1782 parvulus
876 1696 898 1779 Ι
914 1723 979 1765 vere
1000 1710 1056 1779 jam
1081 1708 1152 1763 mars
1172 1708 1449 1783 sopettassero,
1471 1714 1713 1790 susceperam

61 1802 108 1877 qui
126 1803 207 1859 datus
231 1811 274 1859 est
295 1803 388 1871 nobie;
414 1815 466 1859 nec
489 1809 581 1858 tamen
604 1815 720 1872 magnus
739 1798 859 1862 interim,
911 1798 1108 1871 persequeris?
1121 1800 1612 1860 oemmestooteuoteoettmotom
1627 1807 1715 1863 oelct‘·

62 1892 111 1948 sed
133 1891 264 1963 parvulus
284 1891 447 1958 eabib'etltl,>
463 1898 493 1947 ut
515 1890 636 1964 seipsum
655 1889 735 1945 iaciat
753 1880 860 1960 pratum
915 1892 1004 1946 trare.
1028 1889 1131 1944 Durum
1145 1887 1272 1960 equidem
1288 1890 1413 1954 verbum,
1429 1892 1541 1946 verbum
1560 1891 1715 1965 increpato-

62 1979 203 2037 eremesa
222 1978 386 2037 necessarie
401 1978 541 2052 parvitatis
555 1978 720 2050 exemplum.
742 1976 784 2034 ad
800 1991 862 2048 par·
915 1975 995 2045 rium,
1012 1975 1122 2047 plenum
1137 1975 1359 2032 commiuatione.
1375 1975 1446 2033 Saue
1465 1979 1538 2050 quod
1558 1980 1592 2034 ad
1615 1990 1716 2053 corpna

61 2067 156 2125 nutum
176 2077 251 2142 ergo·
267 2069 302 2125 sir
324 2069 473 2126 memorio·
487 2075 543 2136 tua,
570 2076 605 2123 ut¹
622 2067 712 2123 dlsom
734 2066 863 2138 perardus
915 2062 1055 2134 pertinuit,
1075 2071 1224 2119 montosus
1252 2072 1294 2119 est
1327 2070 1355 2120 et
1374 2067 1529 2135 prostratus·
1545 2066 1573 2121 in
1601 2062 1713 2126 toraml

62 2159 144 2213 essee
169 2165 197 2212 tu
222 2156 331 2232 quoque
356 2164 432 2233 cartr-
446 2155 624 2222 converteris,
649 2153 776 2226 parvulus
801 2151 860 2209 llas.
916 2151 960 2207 An·
973 2158 1075 2207 vuoet
1090 2151 1190 2207 damno
1209 2166 1320 2224 quoquo
1335 2153 1466 2223 probatas
1483 2153 1548 2209 esti
1565 2154 1601 2209 Et
1618 2155 1713 2224 valde}

62 2245 393 2320 aerumnosissimae
408 2245 554 2303 &denter
570 2244 660 2316 ipsam
678 2242 737 2311 tibi,
758 2241 786 2297 in
808 2256 863 2314 quo
916 2239 1050 2312 slquidem
1065 2238 1156 2310 ipsum
1180 2237 1206 2294 ei
1223 2237 1316 2295 lumen
1331 2240 1489 2312 ademptum
1506 2244 1547 2296 det
1560 2238 1713 2301 oculorum.

61 2333 209 2392 coustituit
230 2335 348 2392 lormarn
369 2333 569 2404 conventuris,
590 2331 729 2404 parrarlam
748 2329 864 2388 manlie-
917 2330 945 2384 et
968 2329 1085 2400 opertis,
1108 2334 1139 2382 ut
1165 2326 1295 2399 seriptum
1318 2336 1370 2394 est,
1395 2330 1489 2385 oeulis
1508 2328 1585 2386 mett
1604 2331 1715 2389 eridebot

62 2430 126 2494 stat,
145 2422 288 2497 elqnamer
303 2439 336 2481 ea
354 2429 417 2498 quae
430 2428 494 2479 sum
512 2418 626 2495 peremi,
643 2421 673 2477 in
686 2421 780 2493 seipso
799 2419 863 2475 imi·-
916 2418 988 2486 (Act.
1004 2429 1046 2485 tx,
1061 2415 1129 2488 to).
1150 2414 1270 2487 Experto
1284 2424 1326 2471 est
1336 2415 1366 2471 in
1378 2416 1419 2472 his
1433 2417 1520 2474 tribus
1531 2425 1559 2474 el
1569 2416 1717 2478 exercitata

62 2513 145 2568 tanda
159 2516 329 2586 proponens.
350 2512 456 2571 Discite
478 2526 502 2569 o'
515 2526 570 2578 me,
585 2509 683 2584 inquit}
700 2508 771 2583 patto
783 2510 864 2565 mitis
918 2505 1047 2578 patientia
1069 2506 1131 2572 tob,
1151 2519 1232 2577 quem
1260 2505 1287 2560 in
1311 2505 1361 2562 lrac
1381 2506 1482 2564 virtute
1499 2508 1717 2578 opinatissimum

62 2612 126 2658 sunt
140 2606 170 2659 et
184 2602 398 2661 tarottseortte
407 2601 520 2674 (amet.
535 2616 576 2663 xa.
589 2598 643 2668 tal.
654 2598 769 2656 Gemina
778 2596 865 2670 parvi·
918 2597 991 2652 D'eus
1006 2595 1146 2666 exemplar
1160 2593 1245 2650 dedit.
1261 2594 1320 2650 Sed·
1335 2604 1435 2651 vestrae
1454 2596 1506 2653 boc
1520 2597 1664 2655 industrias
1674 2607 1718 2657 re-

61 2697 113 2758 tas,
133 2684 274 2746 lldmillla's
292 2699 320 2748 et
337 2689 527 2747 manmetudo
550 2687 586 2744 Et
605 2687 791 2755 illailtt'crior,
813 2686 864 2741 ista
917 2683 1064 2756 linquimus
1076 2681 1277 2758 vestigandum.
1289 2682 1394 2739 Sollicit
1409 2692 1591 2754 nosmoaete,
1604 2686 1719 2743 formeria

62 2778 187 2837 extenua
201 2779 330 2852 partitae.
350 2779 468 2853 Utraque
488 2779 588 2835 tamen
604 2780 658 2833 don
679 2785 761 2849 parva
779 2775 865 2832 virtus
916 2788 991 2827 veroe
1004 2769 1195 2828 conversionis
1209 2784 1308 2842 magna
1322 2786 1356 2827 ex
1382 2780 1461 2844 parte
1477 2772 1504 2827 in
1521 2773 1573 2831 bac
1591 2774 1718 2832 mausua-

63 2877 124 2923 est:
140 2872 339 2942 nordpo¹qaam
354 2866 486 2941 parvulus
500 2866 545 2923 ille
557 2866 738 2937 tarn‘magous
754 2864 864 2920 unicum
918 2861 1011 2917 tudine
1039 2861 1232 2916 nonantulam:
1263 2868 1292 2916 ut
1319 2862 1420 2932 pudeat
1447 2868 1504 2928 eoa,
1521 2863 1567 2934 qai
1593 2865 1720 2922 converet

63 2953 251 3031 negaturam
277 2955 430 3030 profitetur.
456 2955 543 3011 Hodie
566 2962 633 3029 ergo
654 2965 802 3011 donemus
822 2959 864 3009 est
917 2965 979 3006 csse
1000 2949 1163 3017 debuerant,
1187 2947 1234 3003 vel>
1253 2947 1280 3002 in
1304 2949 1598 3020 corpornm'latslortm
1620 2953 1663 3010 vel
1690 2954 1718 3010 in

63 3043 172 3114 Paulas,
193 3044 275 3102 bodie
295 3045 375 3102 deslit
394 3058 457 3104 esse
478 3045 587 3101 Saulus·
608 3040 695 3100 Hodie
715 3043 801 3099 lactus
821 3049 863 3098 est
878 2997 900 3083 ⁰
917 3040 1129 3101 dunnorerum',
1141 3036 1194 3103 vol,
1207 3037 1532 3111 quodmagisirrdignunr
1544 3040 1595 3106 etl}
1613 3041 1718 3098 inser·

62 3133 226 3192 bomills‘el
237 3133 310 3191 mitis
320 3133 414 3193 corde.
435 3133 535 3191 Probat
554 3131 760 3190 oriecoutessio
773 3130 864 3187 cordis
917 3129 1015 3183 borum
1029 3124 1128 3194 injuris
1142 3123 1258 3181 inveniri
1268 3138 1413 3197 perversos
1423 3126 1533 3199 penitus
1552 3131 1580 3183 et
1594 3131 1718 3186 uaers'os.

601 3282 641 3347 ut
663 3232 959 3350 euuroruarm'uu
981 3277 1016 3339 a.
1039 3273 1189 3338 uratur

388 3389 504 3448 solado
518 3389 540 3446 l.
921 3381 1044 3440 censebit
1071 3380 1208 3455 indignos.
1228 3380 1314 3455 lingis
1334 3397 1400 3437 vero
1419 3391 1446 3438 et
1471 3382 1646 3460 ipsamque
1665 3390 1721 3445 tara

267 3481 310 3537 De
319 3481 428 3552 triplici
441 3481 648 3536 misericordie.
920 3471 1020 3543 paucis
1033 3470 1131 3527 collata
1149 3468 1268 3536 videtur,
1285 3471 1364 3526 nobis
1382 3487 1497 3544 quoque
1512 3472 1624 3546 abipso
1639 3477 1721 3535 inve·

99 3574 126 3625 l.
152 3568 241 3627 notu
264 3568 357 3640 templi
381 3568 520 3624 dominum
544 3568 571 3621 in
598 3567 728 3638 templum
759 3563 866 3620 Domini
921 3562 980 3616 nire
1009 3569 1050 3616 est
1080 3567 1258 3615 reservatam.
1288 3558 1388 3629 Quidni
1413 3568 1574 3620 resctmret
1590 3567 1718 3636 posterior,

62 3658 153 3731 Virgo‘
162 3657 387 3723 mater²indneit3
405 3656 506 3727 loseph
527 3672 637 3728 quoque
652 3656 721 3711 sistit
739 3653 864 3724 Domino,
921 3665 1002 3721 quam
1018 3657 1045 3704 et
1060 3648 1223 3723 praerogavit
1237 3648 1378 3719 antiquis?

62 3754 117 3794 nou
133 3755 225 3803 stanno,
240 3738 290 3794 sed
304 3740 365 3809 ejus
383 3736 473 3793 filium:
487 3737 626 3805 dilectum,
643 3736 669 3791 in
685 3751 740 3810 quo
753 3736 777 3790 ei
794 3735 866 3790 bene
956 3743 982 3793 a.
1003 3737 1098 3804 David,
1122 3753 1169 3792 rex
1190 3745 1217 3791 et
1239 3739 1383 3807 propbeta,
1405 3738 1549 3796 exsultarit
1566 3736 1721 3800 contonat
1738 3755 1740 3759 ·

62 3826 237 3899 complacuit.
254 3827 387 3899 ignoscit
399 3826 509 3885 Simeon
523 3827 612 3895 justus
628 3840 709 3897 quem
723 3831 866 3894 exspecta·
919 3827 994 3882 diem
1006 3825 1101 3880 istum:
1123 3824 1199 3888 vidit,
1216 3834 1244 3879 et
1257 3825 1386 3895 gravisus
1396 3833 1447 3882 est:
1476 3824 1615 3902 Alioquin
1628 3833 1720 3890 si'trolt

64 3916 122 3980 bat:
143 3919 223 3970 dana
238 3930 348 3987 qnoque
369 3915 448 3970 vidam
463 3913 617 3972 confitetur.
634 3913 677 3968 Ab
695 3912 737 3967 his
750 3919 866 3985 quatuor
921 3916 1035 3977 viderer,
1057 3913 1130 3969 unde
1146 3913 1298 3984 psallebat:
1319 3916 1506 3990 Sumam,
1526 3913 1626 3992 inqupq-
1647 3913 1720 3982 pm

64 4004 157 4074 primo
174 4003 308 4059 hodierna
328 4003 628 4074 processiocelebrata
643 4009 695 4066 est,
716 4016 778 4073 quac
791 4009 867 4072 post·
919 4002 1146 4061 onscrloordtom
1168 4007 1250 4058 tatem·
1265 4005 1301 4059 iso
1316 4007 1407 4063 medio
1427 4009 1532 4082 templi
1547 4011 1612 4067 tat?
1630 4005 1718 4083 (Poeta

63 4092 175 4149 modum
201 4093 382 4148 exsultatione
405 4091 695 4148 universaeterraein
718 4089 793 4146 omni
807 4090 867 4145 loco
919 4084 1014 4157 sevirJ
1034 4093 1089 4163 lo).
1119 4091 1243 4162 Suscepit
1269 4092 1338 4149 bano
1370 4095 1587 4152 misericordiam
1612 4099 1722 4156 Domini

62 4187 89 4235 ct
102 4181 140 4235 ab
152 4179 227 4235 omni
245 4186 329 4251 geute
341 4180 538 4236 celebraretur.
552 4180 696 4236 Neoseate
713 4176 822 4242 mirum,
843 4173 866 4230 si
919 4180 1016 4250 David,
1026 4181 1147 4252 suscepit
1161 4182 1283 4246 Simeon,
1303 4185 1477 4254 suscepimus
1489 4194 1517 4241 et
1535 4199 1595 4251 nos,
1612 4187 1718 4260 etqui·-

61 4272 223 4338 tuueparra
234 4266 295 4338 luit,
311 4266 544 4339 quondoquidem
554 4283 655 4342 parens
668 4267 788 4339 eratqui
802 4283 865 4321 sus-
881 4296 904 4375 n
919 4285 1029 4342 cunque
1043 4279 1106 4325 sunt
1118 4270 1293 4341 preordinati
1312 4271 1346 4326 ad
1361 4272 1460 4328 vitam:
1485 4272 1620 4347 siquldem
1635 4276 1717 4333 cort-

60 4355 226 4428 ciplebetur.
258 4356 369 4412 Nullum
404 4357 446 4413 ibi
470 4358 564 4416 toran
594 4362 722 4431 peccator
753 4356 862 4427 habuit:
919 4366 977 4414 stus
995 4356 1065 4424 heri,
1086 4366 1114 4412 et
1132 4358 1224 4428 bodie,
1240 4367 1270 4415 et
1288 4359 1315 4413 iu
1332 4368 1474 4416 aternum.
1493 4362 1526 4415 la
1539 4361 1631 4419 uado
1644 4364 1718 4421 euim

60 4459 163 4500 omnes
186 4443 262 4513 inisti,
286 4458 388 4501 emtus
399 4445 496 4510 saneti,
516 4459 617 4501 ornnes
637 4445 715 4502 luere
735 4442 862 4516 perlecti.
918 4447 1012 4518 templi
1026 4445 1212 4501 misericordia
1228 4455 1280 4511 est,
1300 4462 1354 4503 non
1370 4447 1398 4502 in
1413 4448 1573 4523 angulo‘aat
1587 4451 1716 4510 diseno·

59 4532 117 4590 Sed
130 4533 257 4605 nunquid
272 4534 323 4589 boa
338 4541 443 4591 tentum
457 4535 584 4600 salvabis,
605 4533 741 4590 Domine?
753 4536 864 4590 Crescat
918 4538 970 4602 rio,
986 4534 1112 4605 quianon
1128 4542 1169 4590 est
1189 4536 1312 4606 acceptio
1332 4552 1508 4606 personarum
1529 4541 1600 4610 apud
1617 4541 1715 4598 Deum.

58 4636 172 4694 eorpus,
192 4629 299 4678 crescet
320 4628 348 4679 et
367 4623 518 4679 miseratio.
543 4624 681 4680 llomiaee·
693 4630 722 4678 et
739 4623 864 4693 jumenta
917 4627 946 4680 ln
966 4624 1106 4680 communi·
1120 4623 1207 4694 posita
1227 4632 1279 4686 est,
1294 4623 1409 4680 offertur
1427 4627 1563 4694 omnibus,
1584 4630 1616 4685 et
1632 4629 1714 4688 noluo

57 4709 189 4776 salvabis,
223 4709 350 4774 Domine,
371 4727 433 4766 cum
456 4710 678 4782 multiplicaveris
709 4711 864 4768 misericor
916 4715 987 4769 illius
1002 4728 1110 4783 expers,
1127 4712 1177 4767 nisi
1203 4712 1249 4784 qui
1268 4717 1368 4769 renuit.
1388 4715 1647 4790 Derivantar‘aque'
1662 4726 1715 4775 tuae

57 4799 229 4864 dissoluatur,
252 4802 427 4874 Deus(Psot.
443 4817 533 4869 mnu,
556 4805 585 4870 7,
611 4804 649 4874 8).
683 4804 713 4858 ln
739 4802 863 4858 secunda
917 4802 999 4871 lorus,
1026 4801 1139 4856 Domine
1161 4802 1253 4859 Deus:
1276 4803 1450 4859 nibilominus
1471 4813 1560 4862 umen
1575 4805 1715 4863 ionetuus

55 4891 112 4961 pm
134 4890 314 4962 processione
334 4900 457 4963 praeeunt
476 4894 572 4960 turbae,
585 4895 671 4949 turbae
693 4901 860 4966 sequuntur3
917 4893 965 4949 tibi
985 4890 1110 4965 proprius
1130 4900 1180 4956 est,
1205 4897 1233 4946 et
1247 4906 1301 4946 non
1327 4892 1395 4946 bibit
1416 4892 1522 4948 alienas
1546 4893 1579 4950 e'r
1602 4909 1645 4952 eo.
1661 4894 1714 4965 Qui

56 4995 110 5038 nee
126 4980 209 5054 virgo
227 4988 328 5054 portat,
345 4982 395 5038 sed
408 4981 520 5038 asellus.
541 4983 687 5038 Neminem
704 4982 797 5054 itaque
816 4983 864 5038 de·
917 4989 980 5037 tuus
1002 4986 1054 5044 eat,
1075 4993 1130 5033 nou
1153 4978 1255 5034 videbit
1270 4986 1395 5046 mortem,
1415 4980 1504 5037 donec
1522 4981 1621 5038 viderit
1634 4983 1714 5040 ebrl-

56 5070 198 5144 ametur,
231 5086 284 5128 nee
315 5071 393 5142 ipsos·
403 5071 454 5143 qui
478 5079 701 5143 computruerunt
733 5060 884 5141 tanquam
916 5074 987 5124 stum
1002 5068 1161 5138 Domini‚ut
1176 5081 1291 5123 securus
1305 5069 1455 5124 dimittatur
1473 5071 1501 5125 in
1516 5087 1597 5141 paee·
1608 5072 1713 5142 Quidni

55 5159 189 5230 iamenta-
216 5158 245 5216 in
277 5166 400 5217 stercore
432 5177 501 5218 etro:
536 5175 590 5216 non
619 5159 793 5230 dedignatur,
824 5159 864 5213 iu·
915 5159 1064 5215 dimittatur
1081 5157 1108 5211 in
1125 5171 1202 5228 poce,
1223 5158 1269 5229 qui
1288 5161 1422 5215 Christum
1447 5160 1553 5217 Domini
1578 5163 1662 5218 babet
1684 5164 1711 5218 in

57 5262 151 5322 qaam,
186 5247 236 5304 sed
269 5248 292 5304 si
332 5250 485 5320 apostolica
524 5249 688 5305 vestimenta
721 5263 775 5305 nou
814 5249 861 5304 de-
914 5248 1052 5320 pectere?
1068 5245 1128 5316 lpse
1139 5245 1212 5300 enirn
1227 5255 1270 5301 cst
1284 5261 1335 5317 pax
1345 5249 1501 5320 nostra‚qui
1512 5265 1562 5320 per
1572 5249 1654 5306 fidem
1667 5251 1712 5305 ha·

57 5335 121 5405 sint,
147 5336 172 5393 sl
199 5336 323 5394 doctriua
352 5344 459 5409 cotum
491 5339 525 5394 si'
546 5348 655 5396 morum
683 5337 799 5409 justitia,
838 5337 861 5393 si
915 5337 983 5392 bitot
995 5334 1022 5389 in
1042 5333 1169 5390 cordibus
1186 5326 1276 5390 961)
1293 5337 1408 5392 uostris:
1429 5337 1469 5393 l'u
1491 5339 1628 5412 quomodo
1649 5337 1712 5396 bino

57 5425 226 5497 obediontia,
242 5425 266 5482 ei
279 5427 397 5485 charitas
409 5429 550 5501 cooperiat
575 5428 777 5485 multitudinem
793 5444 861 5499 pcc·
914 5426 1011 5490 exibis,
1034 5422 1126 5479 anima
1147 5423 1255 5490 misera,
1282 5441 1342 5497 quae
1364 5426 1462 5483 ducem
1485 5429 1592 5485 itineris
1618 5429 1710 5486 lesam

58 5523 194 5583 catorum,
220 5530 254 5572 ex
277 5516 398 5588 bociam
419 5517 604 5588 processionis
626 5533 683 5573 suae
703 5515 790 5594 gloria
805 5530 861 5573 non
915 5510 1048 5587 ignoras?
1072 5512 1255 5585 Ignorantiam
1279 5514 1354 5571 enim
1387 5516 1438 5573 Dei
1464 5517 1576 5590 quidam
1592 5517 1712 5577 babeat.
