<?xml version="1.0" encoding="UTF-8"?>
<!DOCTYPE html PUBLIC "-//W3C//DTD XHTML 1.0 Transitional//EN"
    "http://www.w3.org/TR/xhtml1/DTD/xhtml1-transitional.dtd">
<html xmlns="http://www.w3.org/1999/xhtml" xml:lang="en" lang="en">
 <head>
  <title>
</title>
<meta http-equiv="Content-Type" content="text/html;charset=utf-8" />
  <meta name='ocr-system' content='tesseract 3.04.00' />
  <meta name='ocr-capabilities' content='ocr_page ocr_carea ocr_par ocr_line ocrx_word'/>
</head>
<body>
  <div class='ocr_page' id='page_1' title='image "./patrologiaecurs56unkngoog/patrologiaecurs56unkngoog_0520.png"; bbox 0 0 3734 5948; ppageno 0'>
   <div class='ocr_carea' id='block_1_1' title="bbox 102 169 1753 250">
    <p class='ocr_par' dir='ltr' id='par_1_1' title="bbox 102 169 1753 250">
     <span class='ocr_line' id='line_1_1' title="bbox 102 169 1753 250; baseline 0.019 -32"><span class='ocrx_word' id='word_1_1' title='bbox 102 176 173 238; x_wconf 58' lang='grc' dir='ltr'>ιρι</span> <span class='ocrx_word' id='word_1_2' title='bbox 734 169 1124 237; x_wconf 84' lang='lat' dir='ltr'>seauoutsucturun.</span> <span class='ocrx_word' id='word_1_3' title='bbox 1683 186 1753 250; x_wconf 85' lang='lat' dir='ltr'>tuso</span> 
     </span>
    </p>
   </div>
   <div class='ocr_carea' id='block_1_2' title="bbox 101 288 1757 902">
    <p class='ocr_par' dir='ltr' id='par_1_2' title="bbox 101 288 1757 902">
     <span class='ocr_line' id='line_1_2' title="bbox 101 288 1751 395; baseline 0.007 -37"><span class='ocrx_word' id='word_1_4' title='bbox 101 300 130 359; x_wconf 93' lang='lat' dir='ltr'>in</span> <span class='ocrx_word' id='word_1_5' title='bbox 144 319 194 375; x_wconf 91' lang='lat' dir='ltr'>spe</span> <span class='ocrx_word' id='word_1_6' title='bbox 217 302 397 361; x_wconf 86' lang='lat' dir='ltr'>constitutum</span> <span class='ocrx_word' id='word_1_7' title='bbox 416 297 506 356; x_wconf 90' lang='lat' dir='ltr'>dicere</span> <span class='ocrx_word' id='word_1_8' title='bbox 531 305 628 370; x_wconf 90' lang='lat' dir='ltr'>potest.</span> <span class='ocrx_word' id='word_1_9' title='bbox 642 297 778 354; x_wconf 82' lang='lat' dir='ltr'>Ceterum</span> <span class='ocrx_word' id='word_1_10' title='bbox 793 297 817 355; x_wconf 88' lang='lat' dir='ltr'>si</span> <span class='ocrx_word' id='word_1_11' title='bbox 832 315 903 372; x_wconf 91' lang='lat' dir='ltr'>pau·</span> <span class='ocrx_word' id='word_1_12' title='bbox 918 315 942 395; x_wconf 62' lang='lat' dir='ltr'>g</span> <span class='ocrx_word' id='word_1_13' title='bbox 956 301 1165 377; x_wconf 66' lang='lat' dir='ltr'>dignantissime</span> <span class='ocrx_word' id='word_1_14' title='bbox 1175 313 1202 362; x_wconf 91' lang='lat' dir='ltr'>et</span> <span class='ocrx_word' id='word_1_15' title='bbox 1212 288 1468 363; x_wconf 75' lang='lat' dir='ltr'>benevolentissime</span> <span class='ocrx_word' id='word_1_16' title='bbox 1480 305 1751 384; x_wconf 59' lang='lat' dir='ltr'>rumtmuparean.</span> 
     </span>
     <span class='ocr_line' id='line_1_3' title="bbox 103 385 1754 466; baseline 0.006 -21"><span class='ocrx_word' id='word_1_17' title='bbox 103 390 179 447; x_wconf 87' lang='lat' dir='ltr'>latim</span> <span class='ocrx_word' id='word_1_18' title='bbox 203 407 251 463; x_wconf 91' lang='lat' dir='ltr'>per</span> <span class='ocrx_word' id='word_1_19' title='bbox 274 391 469 446; x_wconf 90' lang='lat' dir='ltr'>incrementum</span> <span class='ocrx_word' id='word_1_20' title='bbox 490 387 583 458; x_wconf 79' lang='lat' dir='ltr'>gratim</span> <span class='ocrx_word' id='word_1_21' title='bbox 596 385 708 457; x_wconf 86' lang='lat' dir='ltr'>coeperit</span> <span class='ocrx_word' id='word_1_22' title='bbox 731 385 848 444; x_wconf 78' lang='lat' dir='ltr'>deficere</span> <span class='ocrx_word' id='word_1_23' title='bbox 865 390 900 444; x_wconf 92' lang='lat' dir='ltr'>ti·</span> <span class='ocrx_word' id='word_1_24' title='bbox 956 404 992 445; x_wconf 92' lang='lat' dir='ltr'>ne</span> <span class='ocrx_word' id='word_1_25' title='bbox 1007 389 1276 447; x_wconf 78' lang='lat' dir='ltr'>adoloscendularnm</span> <span class='ocrx_word' id='word_1_26' title='bbox 1291 392 1393 449; x_wconf 87' lang='lat' dir='ltr'>crebris</span> <span class='ocrx_word' id='word_1_27' title='bbox 1402 391 1570 466; x_wconf 84' lang='lat' dir='ltr'>mintttisque</span> <span class='ocrx_word' id='word_1_28' title='bbox 1584 400 1754 458; x_wconf 84' lang='lat' dir='ltr'>necessitati-</span> 
     </span>
     <span class='ocr_line' id='line_1_4' title="bbox 104 475 1754 554; baseline 0.007 -19"><span class='ocrx_word' id='word_1_29' title='bbox 104 495 174 544; x_wconf 91' lang='lat' dir='ltr'>mor‚</span> <span class='ocrx_word' id='word_1_30' title='bbox 192 489 219 535; x_wconf 92' lang='lat' dir='ltr'>et</span> <span class='ocrx_word' id='word_1_31' title='bbox 234 478 365 551; x_wconf 89' lang='lat' dir='ltr'>proficere</span> <span class='ocrx_word' id='word_1_32' title='bbox 380 492 461 547; x_wconf 87' lang='lat' dir='ltr'>spes;</span> <span class='ocrx_word' id='word_1_33' title='bbox 477 493 539 532; x_wconf 91' lang='lat' dir='ltr'>cum</span> <span class='ocrx_word' id='word_1_34' title='bbox 553 478 661 531; x_wconf 90' lang='lat' dir='ltr'>domum</span> <span class='ocrx_word' id='word_1_35' title='bbox 675 475 710 530; x_wconf 92' lang='lat' dir='ltr'>ad</span> <span class='ocrx_word' id='word_1_36' title='bbox 725 476 778 532; x_wconf 88' lang='lat' dir='ltr'>hoc</span> <span class='ocrx_word' id='word_1_37' title='bbox 792 486 901 532; x_wconf 84' lang='lat' dir='ltr'>uentum</span> <span class='ocrx_word' id='word_1_38' title='bbox 954 480 1007 535; x_wconf 89' lang='lat' dir='ltr'>hus</span> <span class='ocrx_word' id='word_1_39' title='bbox 1021 478 1168 551; x_wconf 85' lang='lat' dir='ltr'>inquietata</span> <span class='ocrx_word' id='word_1_40' title='bbox 1190 481 1320 554; x_wconf 84' lang='lat' dir='ltr'>evigilare</span> <span class='ocrx_word' id='word_1_41' title='bbox 1341 488 1463 553; x_wconf 86' lang='lat' dir='ltr'>cogetur.</span> <span class='ocrx_word' id='word_1_42' title='bbox 1487 482 1541 538; x_wconf 90' lang='lat' dir='ltr'>Ista</span> <span class='ocrx_word' id='word_1_43' title='bbox 1564 493 1604 541; x_wconf 90' lang='lat' dir='ltr'>est</span> <span class='ocrx_word' id='word_1_44' title='bbox 1626 488 1754 547; x_wconf 90' lang='lat' dir='ltr'>litteralis</span> 
     </span>
     <span class='ocr_line' id='line_1_5' title="bbox 104 563 1755 636; baseline 0.006 -11"><span class='ocrx_word' id='word_1_45' title='bbox 104 569 186 625; x_wconf 85' lang='lat' dir='ltr'>fuerit</span> <span class='ocrx_word' id='word_1_46' title='bbox 199 577 227 625; x_wconf 93' lang='lat' dir='ltr'>ut</span> <span class='ocrx_word' id='word_1_47' title='bbox 243 568 304 625; x_wconf 89' lang='lat' dir='ltr'>totis</span> <span class='ocrx_word' id='word_1_48' title='bbox 328 567 432 623; x_wconf 90' lang='lat' dir='ltr'>viribus</span> <span class='ocrx_word' id='word_1_49' title='bbox 447 581 597 636; x_wconf 79' lang='lat' dir='ltr'>exsurgens</span> <span class='ocrx_word' id='word_1_50' title='bbox 610 565 728 621; x_wconf 77' lang='lat' dir='ltr'>charitas</span> <span class='ocrx_word' id='word_1_51' title='bbox 749 564 777 620; x_wconf 91' lang='lat' dir='ltr'>in</span> <span class='ocrx_word' id='word_1_52' title='bbox 791 563 900 635; x_wconf 86' lang='lat' dir='ltr'>adjuto-</span> <span class='ocrx_word' id='word_1_53' title='bbox 954 567 1118 623; x_wconf 87' lang='lat' dir='ltr'>cohaerentiu</span> <span class='ocrx_word' id='word_1_54' title='bbox 1143 577 1240 625; x_wconf 82' lang='lat' dir='ltr'>textus.</span> <span class='ocrx_word' id='word_1_55' title='bbox 1266 568 1319 624; x_wconf 83' lang='lat' dir='ltr'>Sed</span> <span class='ocrx_word' id='word_1_56' title='bbox 1339 569 1410 626; x_wconf 91' lang='lat' dir='ltr'>enirn</span> <span class='ocrx_word' id='word_1_57' title='bbox 1434 572 1594 629; x_wconf 75' lang='lat' dir='ltr'>contestatio</span> <span class='ocrx_word' id='word_1_58' title='bbox 1617 574 1665 632; x_wconf 91' lang='lat' dir='ltr'>illa</span> <span class='ocrx_word' id='word_1_59' title='bbox 1686 577 1755 635; x_wconf 87' lang='lat' dir='ltr'>facta</span> 
     </span>
     <span class='ocr_line' id='line_1_6' title="bbox 105 654 1756 731; baseline 0.006 -19"><span class='ocrx_word' id='word_1_60' title='bbox 105 658 175 713; x_wconf 91' lang='lat' dir='ltr'>rium</span> <span class='ocrx_word' id='word_1_61' title='bbox 198 658 255 729; x_wconf 90' lang='lat' dir='ltr'>spei</span> <span class='ocrx_word' id='word_1_62' title='bbox 280 657 353 712; x_wconf 85' lang='lat' dir='ltr'>foras</span> <span class='ocrx_word' id='word_1_63' title='bbox 376 656 462 711; x_wconf 89' lang='lat' dir='ltr'>mittat</span> <span class='ocrx_word' id='word_1_64' title='bbox 485 657 626 711; x_wconf 87' lang='lat' dir='ltr'>timorem:</span> <span class='ocrx_word' id='word_1_65' title='bbox 653 669 741 709; x_wconf 88' lang='lat' dir='ltr'>nonne</span> <span class='ocrx_word' id='word_1_66' title='bbox 769 654 902 724; x_wconf 87' lang='lat' dir='ltr'>ejusmodi</span> <span class='ocrx_word' id='word_1_67' title='bbox 955 670 1003 727; x_wconf 87' lang='lat' dir='ltr'>per</span> <span class='ocrx_word' id='word_1_68' title='bbox 1018 672 1133 727; x_wconf 83' lang='lat' dir='ltr'>cupreae</span> <span class='ocrx_word' id='word_1_69' title='bbox 1147 671 1294 730; x_wconf 77' lang='lat' dir='ltr'><strong><em>cervosque</em></strong></span> <span class='ocrx_word' id='word_1_70' title='bbox 1309 673 1485 731; x_wconf 83' lang='lat' dir='ltr'>camporum,</span> <span class='ocrx_word' id='word_1_71' title='bbox 1502 660 1570 715; x_wconf 89' lang='lat' dir='ltr'>nihil</span> <span class='ocrx_word' id='word_1_72' title='bbox 1585 663 1696 719; x_wconf 90' lang='lat' dir='ltr'>omnino</span> <span class='ocrx_word' id='word_1_73' title='bbox 1710 681 1756 722; x_wconf 87' lang='lat' dir='ltr'>ee·</span> 
     </span>
     <span class='ocr_line' id='line_1_7' title="bbox 105 739 1756 819; baseline 0.007 -20"><span class='ocrx_word' id='word_1_74' title='bbox 105 745 194 799; x_wconf 77' lang='lat' dir='ltr'>animi</span> <span class='ocrx_word' id='word_1_75' title='bbox 217 742 389 816; x_wconf 75' lang='lat' dir='ltr'>singulariter</span> <span class='ocrx_word' id='word_1_76' title='bbox 413 742 440 796; x_wconf 92' lang='lat' dir='ltr'>in</span> <span class='ocrx_word' id='word_1_77' title='bbox 463 757 512 812; x_wconf 90' lang='lat' dir='ltr'>spe</span> <span class='ocrx_word' id='word_1_78' title='bbox 531 739 676 796; x_wconf 80' lang='lat' dir='ltr'>constituta</span> <span class='ocrx_word' id='word_1_79' title='bbox 701 740 846 807; x_wconf 85' lang='lat' dir='ltr'>videbitur,</span> <span class='ocrx_word' id='word_1_80' title='bbox 871 756 902 796; x_wconf 92' lang='lat' dir='ltr'>ac</span> <span class='ocrx_word' id='word_1_81' title='bbox 955 743 1071 799; x_wconf 89' lang='lat' dir='ltr'>eundum</span> <span class='ocrx_word' id='word_1_82' title='bbox 1093 746 1208 802; x_wconf 84' lang='lat' dir='ltr'>litteram</span> <span class='ocrx_word' id='word_1_83' title='bbox 1234 747 1438 819; x_wconf 74' lang='lat' dir='ltr'>consequentia</span> <span class='ocrx_word' id='word_1_84' title='bbox 1460 749 1627 806; x_wconf 85' lang='lat' dir='ltr'>rationabilis</span> <span class='ocrx_word' id='word_1_85' title='bbox 1657 752 1756 811; x_wconf 87' lang='lat' dir='ltr'>habere</span> 
     </span>
     <span class='ocr_line' id='line_1_8' title="bbox 106 829 1757 902; baseline 0.005 -14"><span class='ocrx_word' id='word_1_86' title='bbox 106 830 218 902; x_wconf 84' lang='lat' dir='ltr'>proinde</span> <span class='ocrx_word' id='word_1_87' title='bbox 233 833 314 887; x_wconf 82' lang='lat' dir='ltr'>etiam</span> <span class='ocrx_word' id='word_1_88' title='bbox 333 831 360 885; x_wconf 92' lang='lat' dir='ltr'>in</span> <span class='ocrx_word' id='word_1_89' title='bbox 386 845 451 900; x_wconf 89' lang='lat' dir='ltr'>pace</span> <span class='ocrx_word' id='word_1_90' title='bbox 474 829 503 885; x_wconf 91' lang='lat' dir='ltr'>iu</span> <span class='ocrx_word' id='word_1_91' title='bbox 528 829 646 899; x_wconf 90' lang='lat' dir='ltr'>idipsum</span> <span class='ocrx_word' id='word_1_92' title='bbox 669 829 788 887; x_wconf 89' lang='lat' dir='ltr'>dormire</span> <span class='ocrx_word' id='word_1_93' title='bbox 802 830 860 900; x_wconf 86' lang='lat' dir='ltr'>jam</span> <span class='ocrx_word' id='word_1_94' title='bbox 876 840 903 886; x_wconf 92' lang='lat' dir='ltr'>et</span> <span class='ocrx_word' id='word_1_95' title='bbox 956 830 1081 898; x_wconf 86' lang='lat' dir='ltr'>ridetur;</span> <span class='ocrx_word' id='word_1_96' title='bbox 1097 832 1166 890; x_wconf 89' lang='lat' dir='ltr'>adeo</span> <span class='ocrx_word' id='word_1_97' title='bbox 1182 839 1264 889; x_wconf 86' lang='lat' dir='ltr'>totam</span> <span class='ocrx_word' id='word_1_98' title='bbox 1280 834 1333 889; x_wconf 91' lang='lat' dir='ltr'>sihi</span> <span class='ocrx_word' id='word_1_99' title='bbox 1346 850 1407 890; x_wconf 86' lang='lat' dir='ltr'>earn</span> <span class='ocrx_word' id='word_1_100' title='bbox 1424 834 1533 893; x_wconf 72' lang='lat' dir='ltr'>mli</span> <span class='ocrx_word' id='word_1_101' title='bbox 1547 838 1662 894; x_wconf 86' lang='lat' dir='ltr'>uindicat</span> <span class='ocrx_word' id='word_1_102' title='bbox 1678 840 1757 897; x_wconf 91' lang='lat' dir='ltr'>intel·</span> 
     </span>
    </p>
   </div>
   <div class='ocr_carea' id='block_1_3' title="bbox 106 918 1755 1002">
    <p class='ocr_par' dir='ltr' id='par_1_3' title="bbox 106 918 1755 1002">
     <span class='ocr_line' id='line_1_9' title="bbox 106 918 1755 1002; baseline 0.005 -27"><span class='ocrx_word' id='word_1_103' title='bbox 106 920 300 994; x_wconf 77' lang='lat' dir='ltr'>requiescere?</span> <span class='ocrx_word' id='word_1_104' title='bbox 955 918 1069 993; x_wconf 88' lang='lat' dir='ltr'>ligentia</span> <span class='ocrx_word' id='word_1_105' title='bbox 1083 921 1240 994; x_wconf 87' lang='lat' dir='ltr'>spiritualis.</span> <span class='ocrx_word' id='word_1_106' title='bbox 1262 925 1296 979; x_wconf 79' lang='lat' dir='ltr'>At</span> <span class='ocrx_word' id='word_1_107' title='bbox 1310 939 1421 995; x_wconf 91' lang='lat' dir='ltr'>quoquo</span> <span class='ocrx_word' id='word_1_108' title='bbox 1442 924 1523 1002; x_wconf 92' lang='lat' dir='ltr'>modo</span> <span class='ocrx_word' id='word_1_109' title='bbox 1544 924 1590 981; x_wconf 89' lang='lat' dir='ltr'>illa</span> <span class='ocrx_word' id='word_1_110' title='bbox 1604 942 1634 982; x_wconf 90' lang='lat' dir='ltr'>se</span> <span class='ocrx_word' id='word_1_111' title='bbox 1649 929 1755 997; x_wconf 87' lang='lat' dir='ltr'>hebeat,</span> 
     </span>
    </p>
   </div>
   <div class='ocr_carea' id='block_1_4' title="bbox 108 1007 1758 1285">
    <p class='ocr_par' dir='ltr' id='par_1_4' title="bbox 108 1007 1758 1285">
     <span class='ocr_line' id='line_1_10' title="bbox 144 1007 1758 1108; baseline 0.008 -49"><span class='ocrx_word' id='word_1_112' title='bbox 144 1033 578 1108; x_wconf 48' lang='lat' dir='ltr'>,opsmormiam’imum-mr</span> <span class='ocrx_word' id='word_1_113' title='bbox 587 1034 691 1091; x_wconf 53' lang='lat' dir='ltr'><em>medios</em></span> <span class='ocrx_word' id='word_1_114' title='bbox 701 1035 904 1108; x_wconf 57' lang='lat' dir='ltr'>mmmm</span> <span class='ocrx_word' id='word_1_115' title='bbox 956 1007 1063 1062; x_wconf 91' lang='lat' dir='ltr'>iuterim</span> <span class='ocrx_word' id='word_1_116' title='bbox 1079 1009 1179 1108; x_wconf 82' lang='lat' dir='ltr'>honum</span> <span class='ocrx_word' id='word_1_117' title='bbox 1196 1019 1237 1066; x_wconf 82' lang='lat' dir='ltr'>est</span> <span class='ocrx_word' id='word_1_118' title='bbox 1251 1026 1301 1067; x_wconf 93' lang='lat' dir='ltr'>nos</span> <span class='ocrx_word' id='word_1_119' title='bbox 1320 1012 1366 1068; x_wconf 90' lang='lat' dir='ltr'>hic</span> <span class='ocrx_word' id='word_1_120' title='bbox 1379 1028 1452 1081; x_wconf 86' lang='lat' dir='ltr'>esse,</span> <span class='ocrx_word' id='word_1_121' title='bbox 1467 1021 1493 1067; x_wconf 89' lang='lat' dir='ltr'>el</span> <span class='ocrx_word' id='word_1_122' title='bbox 1507 1014 1606 1070; x_wconf 89' lang='lat' dir='ltr'>intueri</span> <span class='ocrx_word' id='word_1_123' title='bbox 1620 1014 1758 1090; x_wconf 84' lang='lat' dir='ltr'>paulisper</span> 
     </span>
     <span class='ocr_line' id='line_1_11' title="bbox 108 1099 1756 1195; baseline -0.012 -14"><span class='ocrx_word' id='word_1_124' title='bbox 108 1125 243 1184; x_wconf 78' lang='lat' dir='ltr'>columba</span> <span class='ocrx_word' id='word_1_125' title='bbox 258 1124 448 1195; x_wconf 72' lang='lat' dir='ltr'>decrementa</span> <span class='ocrx_word' id='word_1_126' title='bbox 464 1122 550 1191; x_wconf 80' lang='lat' dir='ltr'>(Paul.</span> <span class='ocrx_word' id='word_1_127' title='bbox 570 1138 656 1190; x_wconf 80' lang='grc' dir='ltr'>ιιιιι,</span> <span class='ocrx_word' id='word_1_128' title='bbox 675 1122 730 1194; x_wconf 78' lang='grc' dir='ltr'>ιι),</span> <span class='ocrx_word' id='word_1_129' title='bbox 747 1121 825 1190; x_wconf 70' lang='lat' dir='ltr'>Quod</span> <span class='ocrx_word' id='word_1_130' title='bbox 841 1138 904 1193; x_wconf 61' lang='lat' dir='ltr'>pso.</span> <span class='ocrx_word' id='word_1_131' title='bbox 958 1105 1060 1195; x_wconf 76' lang='lat' dir='ltr'>naturae</span> <span class='ocrx_word' id='word_1_132' title='bbox 1075 1099 1173 1154; x_wconf 81' lang='lat' dir='ltr'>drvrnm</span> <span class='ocrx_word' id='word_1_133' title='bbox 1195 1099 1357 1168; x_wconf 90' lang='lat' dir='ltr'>bonitatem,</span> <span class='ocrx_word' id='word_1_134' title='bbox 1372 1100 1540 1170; x_wconf 84' lang='lat' dir='ltr'>suavitatem,</span> <span class='ocrx_word' id='word_1_135' title='bbox 1556 1102 1756 1175; x_wconf 80' lang='lat' dir='ltr'>dignationem.</span> 
     </span>
     <span class='ocr_line' id='line_1_12' title="bbox 108 1183 1758 1285; baseline -0.001 -17"><span class='ocrx_word' id='word_1_136' title='bbox 108 1221 200 1285; x_wconf 85' lang='lat' dir='ltr'>pterea</span> <span class='ocrx_word' id='word_1_137' title='bbox 215 1212 316 1267; x_wconf 89' lang='lat' dir='ltr'>dictum</span> <span class='ocrx_word' id='word_1_138' title='bbox 333 1218 409 1281; x_wconf 90' lang='lat' dir='ltr'>puto,</span> <span class='ocrx_word' id='word_1_139' title='bbox 420 1211 548 1281; x_wconf 89' lang='lat' dir='ltr'>quoniam</span> <span class='ocrx_word' id='word_1_140' title='bbox 557 1216 599 1266; x_wconf 87' lang='lat' dir='ltr'>est</span> <span class='ocrx_word' id='word_1_141' title='bbox 609 1210 683 1266; x_wconf 86' lang='lat' dir='ltr'>locus</span> <span class='ocrx_word' id='word_1_142' title='bbox 696 1211 766 1266; x_wconf 89' lang='lat' dir='ltr'>inter</span> <span class='ocrx_word' id='word_1_143' title='bbox 782 1211 904 1266; x_wconf 90' lang='lat' dir='ltr'>timorem</span> <span class='ocrx_word' id='word_1_144' title='bbox 957 1183 1029 1253; x_wconf 60' lang='lat' dir='ltr'>Qum</span> <span class='ocrx_word' id='word_1_145' title='bbox 1044 1201 1158 1258; x_wconf 64' lang='lat' dir='ltr'><strong>”mque</strong></span> <span class='ocrx_word' id='word_1_146' title='bbox 1174 1199 1213 1252; x_wconf 66' lang='grc' dir='ltr'>ω·</span> <span class='ocrx_word' id='word_1_147' title='bbox 1236 1188 1328 1254; x_wconf 59' lang='lat'>&#39;&#39;⁰¹⁰⁴”</span> <span class='ocrx_word' id='word_1_148' title='bbox 1343 1188 1371 1243; x_wconf 70' lang='lat' dir='ltr'>in</span> <span class='ocrx_word' id='word_1_149' title='bbox 1382 1189 1505 1245; x_wconf 65' lang='lat' dir='ltr'>h⁰m³⁰i⁸</span> <span class='ocrx_word' id='word_1_150' title='bbox 1519 1207 1636 1263; x_wconf 66' lang='lat' dir='ltr'><strong>unquam</strong></span> <span class='ocrx_word' id='word_1_151' title='bbox 1652 1193 1758 1250; x_wconf 59' lang='lat' dir='ltr'>affecti·</span> 
     </span>
    </p>
   </div>
   <div class='ocr_carea' id='block_1_5' title="bbox 110 1273 1830 1725">
    <p class='ocr_par' dir='ltr' id='par_1_5' title="bbox 110 1273 1830 1725">
     <span class='ocr_line' id='line_1_13' title="bbox 110 1273 1759 1376; baseline -0.012 -17"><span class='ocrx_word' id='word_1_152' title='bbox 110 1312 136 1359; x_wconf 91' lang='lat' dir='ltr'>et</span> <span class='ocrx_word' id='word_1_153' title='bbox 158 1300 339 1368; x_wconf 74' lang='lat' dir='ltr'>securitatem,</span> <span class='ocrx_word' id='word_1_154' title='bbox 355 1310 483 1370; x_wconf 89' lang='lat' dir='ltr'>tanquam</span> <span class='ocrx_word' id='word_1_155' title='bbox 503 1299 571 1354; x_wconf 90' lang='lat' dir='ltr'>inter</span> <span class='ocrx_word' id='word_1_156' title='bbox 593 1298 687 1355; x_wconf 84' lang='lat' dir='ltr'>lteram</span> <span class='ocrx_word' id='word_1_157' title='bbox 708 1306 734 1356; x_wconf 89' lang='lat' dir='ltr'>et</span> <span class='ocrx_word' id='word_1_158' title='bbox 756 1298 906 1368; x_wconf 85' lang='lat' dir='ltr'>dexteram,</span> <span class='ocrx_word' id='word_1_159' title='bbox 959 1273 1009 1328; x_wconf 90' lang='lat' dir='ltr'>bus</span> <span class='ocrx_word' id='word_1_160' title='bbox 1023 1283 1194 1375; x_wconf 32' lang='lat' dir='ltr'>eupertue&#39;es⁴</span> <span class='ocrx_word' id='word_1_161' title='bbox 1209 1276 1324 1376; x_wconf 82' lang='lat' dir='ltr'>dulcius,</span> <span class='ocrx_word' id='word_1_162' title='bbox 1344 1293 1425 1349; x_wconf 86' lang='lat' dir='ltr'>quam</span> <span class='ocrx_word' id='word_1_163' title='bbox 1442 1279 1522 1335; x_wconf 90' lang='lat' dir='ltr'>modo</span> <span class='ocrx_word' id='word_1_164' title='bbox 1536 1280 1585 1335; x_wconf 90' lang='lat' dir='ltr'>tihi</span> <span class='ocrx_word' id='word_1_165' title='bbox 1599 1283 1759 1353; x_wconf 83' lang='lat' dir='ltr'>exprimitur</span> 
     </span>
     <span class='ocr_line' id='line_1_14' title="bbox 110 1361 1759 1465; baseline -0.002 -19"><span class='ocrx_word' id='word_1_166' title='bbox 110 1391 199 1446; x_wconf 89' lang='lat' dir='ltr'>media</span> <span class='ocrx_word' id='word_1_167' title='bbox 222 1389 347 1445; x_wconf 89' lang='lat' dir='ltr'>videlicet</span> <span class='ocrx_word' id='word_1_168' title='bbox 365 1403 440 1459; x_wconf 88' lang='lat' dir='ltr'>spes,</span> <span class='ocrx_word' id='word_1_169' title='bbox 455 1387 483 1442; x_wconf 94' lang='lat' dir='ltr'>in</span> <span class='ocrx_word' id='word_1_170' title='bbox 504 1402 557 1459; x_wconf 89' lang='lat' dir='ltr'>qua</span> <span class='ocrx_word' id='word_1_171' title='bbox 579 1402 656 1443; x_wconf 91' lang='lat' dir='ltr'>mens</span> <span class='ocrx_word' id='word_1_172' title='bbox 679 1395 706 1443; x_wconf 89' lang='lat' dir='ltr'>et</span> <span class='ocrx_word' id='word_1_173' title='bbox 729 1387 906 1458; x_wconf 88' lang='lat' dir='ltr'>conscientia,</span> <span class='ocrx_word' id='word_1_174' title='bbox 959 1361 993 1417; x_wconf 51' lang='grc' dir='ltr'>ἀΰ</span> <span class='ocrx_word' id='word_1_175' title='bbox 1007 1364 1088 1418; x_wconf 65' lang='lat' dir='ltr'>⁰⁰‘d0</span> <span class='ocrx_word' id='word_1_176' title='bbox 1103 1365 1253 1465; x_wconf 53' lang='lat' dir='ltr'>Ali¹f⁵¹ffl¹i</span> <span class='ocrx_word' id='word_1_177' title='bbox 1268 1367 1301 1421; x_wconf 60' lang='lat' dir='ltr'>Ei</span> <span class='ocrx_word' id='word_1_178' title='bbox 1325 1367 1488 1465; x_wconf 57' lang='lat' dir='ltr'>⁶¹Pfimi²¹¹f</span> <span class='ocrx_word' id='word_1_179' title='bbox 1501 1368 1535 1423; x_wconf 69' lang='lat'>⁸¹³</span> <span class='ocrx_word' id='word_1_180' title='bbox 1549 1367 1595 1426; x_wconf 60' lang='lat'>5¹1⁰</span> <span class='ocrx_word' id='word_1_181' title='bbox 1615 1371 1662 1441; x_wconf 76' lang='lat' dir='ltr'>(lui</span> <span class='ocrx_word' id='word_1_182' title='bbox 1679 1385 1759 1429; x_wconf 66' lang='lat' dir='ltr'>sisu·</span> 
     </span>
     <span class='ocr_line' id='line_1_15' title="bbox 110 1453 1759 1553; baseline -0.004 -20"><span class='ocrx_word' id='word_1_183' title='bbox 110 1477 184 1533; x_wconf 88' lang='lat' dir='ltr'>molli</span> <span class='ocrx_word' id='word_1_184' title='bbox 207 1475 333 1531; x_wconf 91' lang='lat' dir='ltr'>nimirum</span> <span class='ocrx_word' id='word_1_185' title='bbox 358 1475 499 1549; x_wconf 87' lang='lat' dir='ltr'>supposito</span> <span class='ocrx_word' id='word_1_186' title='bbox 521 1473 659 1532; x_wconf 88' lang='lat' dir='ltr'>charitatis</span> <span class='ocrx_word' id='word_1_187' title='bbox 683 1481 780 1544; x_wconf 90' lang='lat' dir='ltr'>stratu,</span> <span class='ocrx_word' id='word_1_188' title='bbox 800 1472 905 1530; x_wconf 83' lang='lat' dir='ltr'>suauis·</span> <span class='ocrx_word' id='word_1_189' title='bbox 961 1457 1032 1552; x_wconf 78' lang='lat' dir='ltr'>tatur</span> <span class='ocrx_word' id='word_1_190' title='bbox 1048 1453 1176 1552; x_wconf 53' lang='lat' dir='ltr'>³¹i⁸p⁶¹g</span> <span class='ocrx_word' id='word_1_191' title='bbox 1189 1464 1219 1553; x_wconf 59' lang='lat'>³¹.</span> <span class='ocrx_word' id='word_1_192' title='bbox 1234 1469 1289 1509; x_wconf 74' lang='lat'><strong>¹¹⁰⁰</strong></span> <span class='ocrx_word' id='word_1_193' title='bbox 1299 1461 1392 1527; x_wconf 70' lang='lat' dir='ltr'><strong>P⁰¹⁸⁸¹</strong></span> <span class='ocrx_word' id='word_1_194' title='bbox 1404 1470 1509 1511; x_wconf 71' lang='lat' dir='ltr'>⁰⁰⁸⁰¹i⁶</span> <span class='ocrx_word' id='word_1_195' title='bbox 1523 1472 1586 1527; x_wconf 73' lang='lat' dir='ltr'>‘luae</span> <span class='ocrx_word' id='word_1_196' title='bbox 1596 1457 1624 1513; x_wconf 67' lang='lat'>1¹¹</span> <span class='ocrx_word' id='word_1_197' title='bbox 1638 1473 1671 1515; x_wconf 74' lang='lat'>⁰0</span> <span class='ocrx_word' id='word_1_198' title='bbox 1685 1467 1759 1530; x_wconf 72' lang='lat' dir='ltr'>suni,</span> 
     </span>
     <span class='ocr_line' id='line_1_16' title="bbox 110 1539 1830 1641; baseline 0.004 -21"><span class='ocrx_word' id='word_1_199' title='bbox 110 1565 179 1620; x_wconf 89' lang='lat' dir='ltr'>sime</span> <span class='ocrx_word' id='word_1_200' title='bbox 200 1564 352 1635; x_wconf 87' lang='lat' dir='ltr'>requiescit.</span> <span class='ocrx_word' id='word_1_201' title='bbox 369 1562 405 1618; x_wconf 89' lang='grc' dir='ltr'>Ει</span> <span class='ocrx_word' id='word_1_202' title='bbox 428 1563 498 1619; x_wconf 91' lang='lat' dir='ltr'>forte</span> <span class='ocrx_word' id='word_1_203' title='bbox 522 1563 550 1618; x_wconf 94' lang='lat' dir='ltr'>in</span> <span class='ocrx_word' id='word_1_204' title='bbox 574 1562 804 1636; x_wconf 86' lang='lat' dir='ltr'>consequentibus</span> <span class='ocrx_word' id='word_1_205' title='bbox 826 1563 907 1632; x_wconf 79' lang='lat' dir='ltr'>huius</span> <span class='ocrx_word' id='word_1_206' title='bbox 959 1539 1472 1641; x_wconf 46' lang='grc' dir='ltr'>(111135Ρῑῐῐωῗψ3ωὲῑὶὓθθᾶιῑᾞᾱ</span> <span class='ocrx_word' id='word_1_207' title='bbox 1487 1545 1664 1620; x_wconf 71' lang='lat' dir='ltr'>P¹⁸¹¹0¹⁰q¹¹ir</span> <span class='ocrx_word' id='word_1_208' title='bbox 1679 1564 1760 1619; x_wconf 59' lang='grc' dir='ltr'>ΨΜ</span> <span class='ocrx_word' id='word_1_209' title='bbox 1823 1616 1830 1629; x_wconf 92' lang='grc'><strong>.</strong></span> 
     </span>
     <span class='ocr_line' id='line_1_17' title="bbox 110 1629 1761 1725; baseline 0 -16"><span class='ocrx_word' id='word_1_210' title='bbox 110 1654 198 1725; x_wconf 81' lang='lat' dir='ltr'>ipsius</span> <span class='ocrx_word' id='word_1_211' title='bbox 220 1652 316 1709; x_wconf 73' lang='lat' dir='ltr'>canum</span> <span class='ocrx_word' id='word_1_212' title='bbox 341 1653 385 1708; x_wconf 78' lang='lat' dir='ltr'>tu</span> <span class='ocrx_word' id='word_1_213' title='bbox 413 1653 489 1708; x_wconf 73' lang='lat' dir='ltr'>rocus</span> <span class='ocrx_word' id='word_1_214' title='bbox 516 1652 785 1725; x_wconf 64' lang='lat' dir='ltr'>caeruleusque,</span> <span class='ocrx_word' id='word_1_215' title='bbox 810 1651 857 1708; x_wconf 77' lang='lat' dir='ltr'>uui</span> <span class='ocrx_word' id='word_1_216' title='bbox 880 1650 907 1706; x_wconf 81' lang='lat' dir='ltr'>tn</span> <span class='ocrx_word' id='word_1_217' title='bbox 961 1629 1032 1699; x_wconf 68' lang='grc' dir='ltr'>(ιιιἀ</span> <span class='ocrx_word' id='word_1_218' title='bbox 1048 1629 1120 1700; x_wconf 73' lang='lat' dir='ltr'>alud</span> <span class='ocrx_word' id='word_1_219' title='bbox 1139 1645 1229 1702; x_wconf 75' lang='lat' dir='ltr'>psum</span> <span class='ocrx_word' id='word_1_220' title='bbox 1252 1631 1328 1698; x_wconf 72' lang='lat' dir='ltr'>udi»</span> <span class='ocrx_word' id='word_1_221' title='bbox 1353 1647 1481 1703; x_wconf 69' lang='lat' dir='ltr'>t1110¹²¹²²111</span> <span class='ocrx_word' id='word_1_222' title='bbox 1505 1632 1627 1690; x_wconf 71' lang='lat' dir='ltr'>verrutis</span> <span class='ocrx_word' id='word_1_223' title='bbox 1646 1635 1761 1709; x_wconf 64' lang='lat' dir='ltr'>Saleius</span> 
     </span>
    </p>
   </div>
   <div class='ocr_carea' id='block_1_6' title="bbox 112 1725 1016 2970">
    <p class='ocr_par' dir='ltr' id='par_1_6' title="bbox 112 1725 1016 2970">
     <span class='ocr_line' id='line_1_18' title="bbox 112 1725 1016 1812; baseline -0.003 -15"><span class='ocrx_word' id='word_1_224' title='bbox 112 1742 292 1812; x_wconf 82' lang='lat' dir='ltr'>descriptione</span> <span class='ocrx_word' id='word_1_225' title='bbox 312 1740 406 1798; x_wconf 83' lang='lat' dir='ltr'>ferculi</span> <span class='ocrx_word' id='word_1_226' title='bbox 431 1740 584 1797; x_wconf 82' lang='lat' dir='ltr'>Salomonis</span> <span class='ocrx_word' id='word_1_227' title='bbox 597 1740 668 1796; x_wconf 83' lang='lat' dir='ltr'>inter</span> <span class='ocrx_word' id='word_1_228' title='bbox 683 1750 780 1798; x_wconf 84' lang='lat' dir='ltr'>caetcra</span> <span class='ocrx_word' id='word_1_229' title='bbox 801 1741 908 1797; x_wconf 78' lang='lat' dir='ltr'>hahes:</span> <span class='ocrx_word' id='word_1_230' title='bbox 963 1725 1016 1776; x_wconf 64' lang='lat'>⁹⁸²·</span> 
     </span>
     <span class='ocr_line' id='line_1_19' title="bbox 116 1829 910 1905; baseline 0 -21"><span class='ocrx_word' id='word_1_231' title='bbox 116 1830 205 1886; x_wconf 81' lang='lat' dir='ltr'>Medic</span> <span class='ocrx_word' id='word_1_232' title='bbox 219 1830 363 1887; x_wconf 81' lang='lat' dir='ltr'>charitate</span> <span class='ocrx_word' id='word_1_233' title='bbox 373 1832 528 1889; x_wconf 77' lang='lat' dir='ltr'>constravit</span> <span class='ocrx_word' id='word_1_234' title='bbox 540 1833 656 1905; x_wconf 87' lang='lat' dir='ltr'>propfer</span> <span class='ocrx_word' id='word_1_235' title='bbox 664 1829 740 1900; x_wconf 78' lang='lat' dir='ltr'>filies</span> <span class='ocrx_word' id='word_1_236' title='bbox 754 1830 910 1888; x_wconf 74' lang='lat' dir='ltr'>ismaelem</span> 
     </span>
     <span class='ocr_line' id='line_1_20' title="bbox 114 1918 911 1993; baseline -0.001 -18"><span class='ocrx_word' id='word_1_237' title='bbox 114 1920 211 1990; x_wconf 81' lang='lat' dir='ltr'>(Ceret.</span> <span class='ocrx_word' id='word_1_238' title='bbox 230 1934 270 1984; x_wconf 86' lang='grc' dir='ltr'>ιιι,</span> <span class='ocrx_word' id='word_1_239' title='bbox 288 1919 343 1990; x_wconf 86' lang='lat' dir='ltr'>tlt).</span> <span class='ocrx_word' id='word_1_240' title='bbox 360 1918 487 1993; x_wconf 85' lang='lat' dir='ltr'>Numqui</span> <span class='ocrx_word' id='word_1_241' title='bbox 502 1935 532 1976; x_wconf 90' lang='lat' dir='ltr'>se</span> <span class='ocrx_word' id='word_1_242' title='bbox 546 1918 718 1990; x_wconf 72' lang='lat' dir='ltr'>singulariter</span> <span class='ocrx_word' id='word_1_243' title='bbox 740 1919 769 1974; x_wconf 90' lang='lat' dir='ltr'>in</span> <span class='ocrx_word' id='word_1_244' title='bbox 784 1935 832 1990; x_wconf 90' lang='lat' dir='ltr'>spe</span> <span class='ocrx_word' id='word_1_245' title='bbox 846 1934 911 1976; x_wconf 90' lang='lat' dir='ltr'>con·</span> 
     </span>
     <span class='ocr_line' id='line_1_21' title="bbox 113 2006 911 2079; baseline 0.001 -16"><span class='ocrx_word' id='word_1_246' title='bbox 113 2007 239 2063; x_wconf 88' lang='lat' dir='ltr'>stitutum</span> <span class='ocrx_word' id='word_1_247' title='bbox 261 2008 352 2078; x_wconf 87' lang='lat' dir='ltr'>scutit,</span> <span class='ocrx_word' id='word_1_248' title='bbox 369 2022 424 2063; x_wconf 92' lang='lat' dir='ltr'>non</span> <span class='ocrx_word' id='word_1_249' title='bbox 446 2009 502 2079; x_wconf 90' lang='lat' dir='ltr'>jam</span> <span class='ocrx_word' id='word_1_250' title='bbox 524 2007 551 2062; x_wconf 93' lang='lat' dir='ltr'>in</span> <span class='ocrx_word' id='word_1_251' title='bbox 574 2006 670 2064; x_wconf 89' lang='lat' dir='ltr'>timore</span> <span class='ocrx_word' id='word_1_252' title='bbox 685 2006 776 2074; x_wconf 86' lang='lat' dir='ltr'>servit,</span> <span class='ocrx_word' id='word_1_253' title='bbox 792 2008 842 2063; x_wconf 88' lang='lat' dir='ltr'>sed</span> <span class='ocrx_word' id='word_1_254' title='bbox 866 2025 911 2064; x_wconf 92' lang='lat' dir='ltr'>re·</span> 
     </span>
     <span class='ocr_line' id='line_1_22' title="bbox 114 2094 912 2169; baseline -0.001 -18"><span class='ocrx_word' id='word_1_255' title='bbox 114 2095 232 2167; x_wconf 88' lang='lat' dir='ltr'>quiescit</span> <span class='ocrx_word' id='word_1_256' title='bbox 255 2097 282 2150; x_wconf 94' lang='lat' dir='ltr'>in</span> <span class='ocrx_word' id='word_1_257' title='bbox 306 2096 444 2152; x_wconf 90' lang='lat' dir='ltr'>charitate.</span> <span class='ocrx_word' id='word_1_258' title='bbox 464 2094 587 2167; x_wconf 87' lang='lat' dir='ltr'>Denique</span> <span class='ocrx_word' id='word_1_259' title='bbox 610 2096 754 2169; x_wconf 89' lang='lat' dir='ltr'>requiescit</span> <span class='ocrx_word' id='word_1_260' title='bbox 773 2109 800 2153; x_wconf 91' lang='lat' dir='ltr'>et</span> <span class='ocrx_word' id='word_1_261' title='bbox 812 2096 912 2152; x_wconf 92' lang='lat' dir='ltr'>dormit</span> 
     </span>
     <span class='ocr_line' id='line_1_23' title="bbox 113 2185 912 2258; baseline 0.003 -18"><span class='ocrx_word' id='word_1_262' title='bbox 113 2201 224 2256; x_wconf 86' lang='lat' dir='ltr'>sponsa,</span> <span class='ocrx_word' id='word_1_263' title='bbox 241 2202 359 2257; x_wconf 78' lang='lat' dir='ltr'>proque</span> <span class='ocrx_word' id='word_1_264' title='bbox 379 2186 476 2241; x_wconf 90' lang='lat' dir='ltr'>dicitnr</span> <span class='ocrx_word' id='word_1_265' title='bbox 493 2203 499 2242; x_wconf 70' lang='grc' dir='ltr'>ι</span> <span class='ocrx_word' id='word_1_266' title='bbox 515 2185 621 2257; x_wconf 77' lang='lat' dir='ltr'>dejure</span> <span class='ocrx_word' id='word_1_267' title='bbox 641 2203 699 2252; x_wconf 83' lang='lat' dir='ltr'>vos,</span> <span class='ocrx_word' id='word_1_268' title='bbox 711 2188 780 2258; x_wconf 71' lang='lat' dir='ltr'>filice</span> <span class='ocrx_word' id='word_1_269' title='bbox 795 2187 912 2243; x_wconf 75' lang='lat' dir='ltr'>ferusc-</span> 
     </span>
     <span class='ocr_line' id='line_1_24' title="bbox 117 2273 913 2348; baseline 0.004 -20"><span class='ocrx_word' id='word_1_270' title='bbox 117 2273 182 2339; x_wconf 84' lang='lat' dir='ltr'>lcm‚</span> <span class='ocrx_word' id='word_1_271' title='bbox 190 2290 243 2347; x_wconf 84' lang='lat' dir='ltr'>per</span> <span class='ocrx_word' id='word_1_272' title='bbox 256 2291 371 2347; x_wconf 85' lang='lat' dir='ltr'>ccprcer</span> <span class='ocrx_word' id='word_1_273' title='bbox 385 2291 533 2348; x_wconf 84' lang='lat' dir='ltr'>cereosque</span> <span class='ocrx_word' id='word_1_274' title='bbox 541 2291 716 2348; x_wconf 84' lang='lat' dir='ltr'>camporum,</span> <span class='ocrx_word' id='word_1_275' title='bbox 727 2290 763 2330; x_wconf 83' lang='lat' dir='ltr'>ec</span> <span class='ocrx_word' id='word_1_276' title='bbox 771 2275 913 2331; x_wconf 82' lang='lat' dir='ltr'>suscitetis</span> 
     </span>
     <span class='ocr_line' id='line_1_25' title="bbox 115 2363 913 2437; baseline -0.004 -16"><span class='ocrx_word' id='word_1_277' title='bbox 115 2381 207 2437; x_wconf 82' lang='lat' dir='ltr'>neque</span> <span class='ocrx_word' id='word_1_278' title='bbox 222 2366 356 2437; x_wconf 82' lang='lat' dir='ltr'>euiqilere</span> <span class='ocrx_word' id='word_1_279' title='bbox 369 2366 485 2435; x_wconf 72' lang='lat' dir='ltr'>[eciefis</span> <span class='ocrx_word' id='word_1_280' title='bbox 502 2364 644 2431; x_wconf 82' lang='lat' dir='ltr'>dilectem,</span> <span class='ocrx_word' id='word_1_281' title='bbox 660 2363 836 2437; x_wconf 83' lang='lat' dir='ltr'>pecudesque</span> <span class='ocrx_word' id='word_1_282' title='bbox 850 2365 913 2437; x_wconf 86' lang='lat' dir='ltr'>ipre</span> 
     </span>
     <span class='ocr_line' id='line_1_26' title="bbox 115 2451 914 2526; baseline 0.004 -21"><span class='ocrx_word' id='word_1_283' title='bbox 115 2453 195 2506; x_wconf 82' lang='lat' dir='ltr'>uelit.</span> <span class='ocrx_word' id='word_1_284' title='bbox 211 2454 308 2523; x_wconf 82' lang='lat' dir='ltr'>Magna</span> <span class='ocrx_word' id='word_1_285' title='bbox 331 2460 358 2508; x_wconf 91' lang='lat' dir='ltr'>et</span> <span class='ocrx_word' id='word_1_286' title='bbox 377 2453 512 2526; x_wconf 88' lang='lat' dir='ltr'>stupenda</span> <span class='ocrx_word' id='word_1_287' title='bbox 535 2451 667 2523; x_wconf 88' lang='lat' dir='ltr'>dignatio,</span> <span class='ocrx_word' id='word_1_288' title='bbox 683 2452 756 2524; x_wconf 89' lang='lat' dir='ltr'>quod</span> <span class='ocrx_word' id='word_1_289' title='bbox 773 2452 914 2523; x_wconf 90' lang='lat' dir='ltr'>quiescere</span> 
     </span>
     <span class='ocr_line' id='line_1_27' title="bbox 117 2539 915 2612; baseline 0.003 -18"><span class='ocrx_word' id='word_1_290' title='bbox 117 2539 182 2595; x_wconf 87' lang='lat' dir='ltr'>facit</span> <span class='ocrx_word' id='word_1_291' title='bbox 197 2540 311 2595; x_wconf 88' lang='lat' dir='ltr'>animam</span> <span class='ocrx_word' id='word_1_292' title='bbox 327 2541 551 2612; x_wconf 82' lang='lat' dir='ltr'>cerrtemplantenr</span> <span class='ocrx_word' id='word_1_293' title='bbox 567 2541 594 2595; x_wconf 94' lang='lat' dir='ltr'>in</span> <span class='ocrx_word' id='word_1_294' title='bbox 608 2543 668 2596; x_wconf 89' lang='lat' dir='ltr'>sinn</span> <span class='ocrx_word' id='word_1_295' title='bbox 686 2556 747 2605; x_wconf 91' lang='lat' dir='ltr'>sno,</span> <span class='ocrx_word' id='word_1_296' title='bbox 763 2541 874 2611; x_wconf 89' lang='lat' dir='ltr'>iusuper</span> <span class='ocrx_word' id='word_1_297' title='bbox 887 2549 915 2596; x_wconf 89' lang='lat' dir='ltr'>el</span> 
     </span>
     <span class='ocr_line' id='line_1_28' title="bbox 118 2627 915 2702; baseline 0 -19"><span class='ocrx_word' id='word_1_298' title='bbox 118 2629 233 2684; x_wconf 76' lang='lat' dir='ltr'>custodit</span> <span class='ocrx_word' id='word_1_299' title='bbox 258 2631 292 2684; x_wconf 89' lang='lat' dir='ltr'>ab</span> <span class='ocrx_word' id='word_1_300' title='bbox 315 2628 506 2685; x_wconf 83' lang='lat' dir='ltr'>infestantibus</span> <span class='ocrx_word' id='word_1_301' title='bbox 529 2629 611 2695; x_wconf 91' lang='lat' dir='ltr'>curis,</span> <span class='ocrx_word' id='word_1_302' title='bbox 627 2627 799 2702; x_wconf 75' lang='lat' dir='ltr'>protegitque</span> <span class='ocrx_word' id='word_1_303' title='bbox 822 2629 856 2684; x_wconf 86' lang='lat' dir='ltr'>ab</span> <span class='ocrx_word' id='word_1_304' title='bbox 869 2627 915 2683; x_wconf 93' lang='lat' dir='ltr'>in·</span> 
     </span>
     <span class='ocr_line' id='line_1_29' title="bbox 118 2718 914 2792; baseline 0.001 -22"><span class='ocrx_word' id='word_1_305' title='bbox 118 2718 322 2790; x_wconf 89' lang='lat' dir='ltr'>quietudiuibus</span> <span class='ocrx_word' id='word_1_306' title='bbox 345 2719 493 2786; x_wconf 91' lang='lat' dir='ltr'>actionum,</span> <span class='ocrx_word' id='word_1_307' title='bbox 516 2727 542 2775; x_wconf 87' lang='lat' dir='ltr'>et</span> <span class='ocrx_word' id='word_1_308' title='bbox 568 2719 699 2775; x_wconf 85' lang='lat' dir='ltr'>molestiis</span> <span class='ocrx_word' id='word_1_309' title='bbox 725 2719 914 2792; x_wconf 68' lang='lat' dir='ltr'>negotiorum</span> 
     </span>
     <span class='ocr_line' id='line_1_30' title="bbox 119 2806 918 2880; baseline 0.006 -19"><span class='ocrx_word' id='word_1_310' title='bbox 119 2823 169 2863; x_wconf 92' lang='lat' dir='ltr'>nec</span> <span class='ocrx_word' id='word_1_311' title='bbox 192 2809 292 2878; x_wconf 87' lang='lat' dir='ltr'>patitur</span> <span class='ocrx_word' id='word_1_312' title='bbox 315 2810 427 2865; x_wconf 91' lang='lat' dir='ltr'>omniuo</span> <span class='ocrx_word' id='word_1_313' title='bbox 447 2809 582 2876; x_wconf 87' lang='lat' dir='ltr'>suscitari,</span> <span class='ocrx_word' id='word_1_314' title='bbox 596 2809 649 2864; x_wconf 88' lang='lat' dir='ltr'>nisi</span> <span class='ocrx_word' id='word_1_315' title='bbox 673 2808 707 2864; x_wconf 85' lang='lat' dir='ltr'>od</span> <span class='ocrx_word' id='word_1_316' title='bbox 723 2806 811 2880; x_wconf 92' lang='lat' dir='ltr'>ipsius</span> <span class='ocrx_word' id='word_1_317' title='bbox 825 2809 918 2879; x_wconf 87' lang='lat' dir='ltr'>utique</span> 
     </span>
     <span class='ocr_line' id='line_1_31' title="bbox 121 2894 917 2970; baseline -0.001 -17"><span class='ocrx_word' id='word_1_318' title='bbox 121 2896 349 2955; x_wconf 71' lang='lat' dir='ltr'>voluntatemne</span> <span class='ocrx_word' id='word_1_319' title='bbox 370 2899 438 2954; x_wconf 88' lang='lat' dir='ltr'>istud</span> <span class='ocrx_word' id='word_1_320' title='bbox 462 2915 517 2955; x_wconf 92' lang='lat' dir='ltr'>non</span> <span class='ocrx_word' id='word_1_321' title='bbox 540 2899 567 2953; x_wconf 91' lang='lat' dir='ltr'>in</span> <span class='ocrx_word' id='word_1_322' title='bbox 587 2897 718 2970; x_wconf 88' lang='lat' dir='ltr'>augustiis</span> <span class='ocrx_word' id='word_1_323' title='bbox 732 2894 842 2953; x_wconf 84' lang='lat' dir='ltr'>finiendi</span> <span class='ocrx_word' id='word_1_324' title='bbox 859 2897 917 2968; x_wconf 89' lang='lat' dir='ltr'>jam</span> 
     </span>
    </p>
   </div>
   <div class='ocr_carea' id='block_1_7' title="bbox 122 2985 955 3064">
    <p class='ocr_par' dir='ltr' id='par_1_7' title="bbox 122 2985 955 3064">
     <span class='ocr_line' id='line_1_32' title="bbox 122 2985 955 3064; baseline 0.001 -22"><span class='ocrx_word' id='word_1_325' title='bbox 122 2987 255 3044; x_wconf 81' lang='lat' dir='ltr'>sermonis</span> <span class='ocrx_word' id='word_1_326' title='bbox 278 2987 455 3043; x_wconf 90' lang='lat' dir='ltr'>adoriendum</span> <span class='ocrx_word' id='word_1_327' title='bbox 477 2996 528 3055; x_wconf 88' lang='lat' dir='ltr'>est,</span> <span class='ocrx_word' id='word_1_328' title='bbox 549 2988 636 3060; x_wconf 90' lang='lat' dir='ltr'>magis</span> <span class='ocrx_word' id='word_1_329' title='bbox 658 2993 746 3044; x_wconf 68' lang='lat' dir='ltr'>summ</span> <span class='ocrx_word' id='word_1_330' title='bbox 771 2986 833 3043; x_wconf 90' lang='lat' dir='ltr'>irinc</span> <span class='ocrx_word' id='word_1_331' title='bbox 850 2985 955 3064; x_wconf 69' lang='lat' dir='ltr'>aliusss</span> 
     </span>
    </p>
   </div>
   <div class='ocr_carea' id='block_1_8' title="bbox 122 3074 921 3753">
    <p class='ocr_par' dir='ltr' id='par_1_8' title="bbox 122 3074 921 3753">
     <span class='ocr_line' id='line_1_33' title="bbox 122 3074 920 3147; baseline 0.004 -19"><span class='ocrx_word' id='word_1_332' title='bbox 122 3075 272 3141; x_wconf 87' lang='lat' dir='ltr'>inchoetur,</span> <span class='ocrx_word' id='word_1_333' title='bbox 297 3085 427 3147; x_wconf 87' lang='lat' dir='ltr'>quatenus</span> <span class='ocrx_word' id='word_1_334' title='bbox 455 3077 532 3133; x_wconf 89' lang='lat' dir='ltr'>locus</span> <span class='ocrx_word' id='word_1_335' title='bbox 569 3074 735 3132; x_wconf 89' lang='lat' dir='ltr'>delectabilis</span> <span class='ocrx_word' id='word_1_336' title='bbox 766 3075 859 3130; x_wconf 87' lang='lat' dir='ltr'>debita</span> <span class='ocrx_word' id='word_1_337' title='bbox 891 3075 920 3131; x_wconf 91' lang='lat' dir='ltr'>in</span> 
     </span>
     <span class='ocr_line' id='line_1_34' title="bbox 123 3163 919 3239; baseline 0 -20"><span class='ocrx_word' id='word_1_338' title='bbox 123 3165 260 3220; x_wconf 88' lang='lat' dir='ltr'>tractando</span> <span class='ocrx_word' id='word_1_339' title='bbox 282 3164 422 3239; x_wconf 90' lang='lat' dir='ltr'>diligentia</span> <span class='ocrx_word' id='word_1_340' title='bbox 445 3181 501 3222; x_wconf 90' lang='lat' dir='ltr'>non</span> <span class='ocrx_word' id='word_1_341' title='bbox 525 3165 675 3222; x_wconf 80' lang='lat' dir='ltr'>fraudetur.</span> <span class='ocrx_word' id='word_1_342' title='bbox 691 3165 753 3220; x_wconf 92' lang='lat' dir='ltr'>Nou</span> <span class='ocrx_word' id='word_1_343' title='bbox 777 3163 849 3236; x_wconf 90' lang='lat' dir='ltr'>quod</span> <span class='ocrx_word' id='word_1_344' title='bbox 875 3164 919 3219; x_wconf 86' lang='lat' dir='ltr'>uel</span> 
     </span>
     <span class='ocr_line' id='line_1_35' title="bbox 124 3250 919 3328; baseline -0.004 -20"><span class='ocrx_word' id='word_1_345' title='bbox 124 3263 189 3309; x_wconf 91' lang='lat' dir='ltr'>tuuc</span> <span class='ocrx_word' id='word_1_346' title='bbox 203 3253 369 3310; x_wconf 78' lang='lat' dir='ltr'>sufficientes</span> <span class='ocrx_word' id='word_1_347' title='bbox 379 3257 463 3312; x_wconf 90' lang='lat' dir='ltr'>simus</span> <span class='ocrx_word' id='word_1_348' title='bbox 477 3255 598 3328; x_wconf 83' lang='lat' dir='ltr'>cogitare</span> <span class='ocrx_word' id='word_1_349' title='bbox 608 3252 709 3324; x_wconf 88' lang='lat' dir='ltr'>aliquid</span> <span class='ocrx_word' id='word_1_350' title='bbox 723 3269 739 3307; x_wconf 96' lang='lat' dir='ltr'>a</span> <span class='ocrx_word' id='word_1_351' title='bbox 753 3255 832 3308; x_wconf 85' lang='lat' dir='ltr'>nohis</span> <span class='ocrx_word' id='word_1_352' title='bbox 841 3250 919 3323; x_wconf 88' lang='lat' dir='ltr'>quasi</span> 
     </span>
     <span class='ocr_line' id='line_1_36' title="bbox 122 3342 920 3416; baseline -0.003 -17"><span class='ocrx_word' id='word_1_353' title='bbox 122 3360 159 3399; x_wconf 80' lang='lat' dir='ltr'>ex</span> <span class='ocrx_word' id='word_1_354' title='bbox 173 3344 260 3410; x_wconf 86' lang='lat' dir='ltr'>nobis,</span> <span class='ocrx_word' id='word_1_355' title='bbox 272 3345 422 3415; x_wconf 70' lang='lat' dir='ltr'>presertim</span> <span class='ocrx_word' id='word_1_356' title='bbox 437 3344 465 3400; x_wconf 91' lang='lat' dir='ltr'>in</span> <span class='ocrx_word' id='word_1_357' title='bbox 476 3351 529 3399; x_wconf 90' lang='lat' dir='ltr'>tam</span> <span class='ocrx_word' id='word_1_358' title='bbox 543 3345 757 3416; x_wconf 69' lang='lat' dir='ltr'>dignatumque</span> <span class='ocrx_word' id='word_1_359' title='bbox 771 3342 920 3399; x_wconf 84' lang='lat' dir='ltr'>excellente</span> 
     </span>
     <span class='ocr_line' id='line_1_37' title="bbox 124 3427 920 3503; baseline -0.005 -14"><span class='ocrx_word' id='word_1_360' title='bbox 124 3442 151 3489; x_wconf 94' lang='lat' dir='ltr'>et</span> <span class='ocrx_word' id='word_1_361' title='bbox 165 3433 275 3488; x_wconf 93' lang='lat' dir='ltr'>omnino</span> <span class='ocrx_word' id='word_1_362' title='bbox 299 3432 516 3503; x_wconf 88' lang='lat' dir='ltr'>supereminente</span> <span class='ocrx_word' id='word_1_363' title='bbox 537 3433 668 3503; x_wconf 82' lang='lat' dir='ltr'>materia3</span> <span class='ocrx_word' id='word_1_364' title='bbox 692 3430 740 3486; x_wconf 80' lang='lat' dir='ltr'>sed</span> <span class='ocrx_word' id='word_1_365' title='bbox 759 3427 920 3487; x_wconf 87' lang='lat' dir='ltr'>sufficientia</span> 
     </span>
     <span class='ocr_line' id='line_1_38' title="bbox 125 3519 921 3592; baseline -0.004 -15"><span class='ocrx_word' id='word_1_366' title='bbox 125 3529 219 3577; x_wconf 87' lang='lat' dir='ltr'>nostra</span> <span class='ocrx_word' id='word_1_367' title='bbox 233 3536 265 3576; x_wconf 83' lang='lat' dir='ltr'>ex</span> <span class='ocrx_word' id='word_1_368' title='bbox 280 3520 336 3575; x_wconf 87' lang='lat' dir='ltr'>Deo</span> <span class='ocrx_word' id='word_1_369' title='bbox 352 3530 402 3586; x_wconf 88' lang='lat' dir='ltr'>est,</span> <span class='ocrx_word' id='word_1_370' title='bbox 414 3536 512 3592; x_wconf 87' lang='lat' dir='ltr'>sponso</span> <span class='ocrx_word' id='word_1_371' title='bbox 527 3520 655 3579; x_wconf 78' lang='lat' dir='ltr'>Ecclesiae</span> <span class='ocrx_word' id='word_1_372' title='bbox 668 3520 731 3576; x_wconf 81' lang='lat' dir='ltr'>lesu</span> <span class='ocrx_word' id='word_1_373' title='bbox 747 3519 853 3576; x_wconf 84' lang='lat' dir='ltr'>Christo</span> <span class='ocrx_word' id='word_1_374' title='bbox 868 3520 921 3574; x_wconf 86' lang='lat' dir='ltr'>Do-</span> 
     </span>
     <span class='ocr_line' id='line_1_39' title="bbox 126 3608 921 3680; baseline 0.001 -16"><span class='ocrx_word' id='word_1_375' title='bbox 126 3611 200 3664; x_wconf 93' lang='lat' dir='ltr'>mino</span> <span class='ocrx_word' id='word_1_376' title='bbox 219 3618 322 3677; x_wconf 85' lang='lat' dir='ltr'>nostro,</span> <span class='ocrx_word' id='word_1_377' title='bbox 339 3609 385 3680; x_wconf 90' lang='lat' dir='ltr'>qui</span> <span class='ocrx_word' id='word_1_378' title='bbox 398 3616 439 3664; x_wconf 87' lang='lat' dir='ltr'>cst</span> <span class='ocrx_word' id='word_1_379' title='bbox 463 3624 545 3680; x_wconf 89' lang='lat' dir='ltr'>snper</span> <span class='ocrx_word' id='word_1_380' title='bbox 568 3609 659 3665; x_wconf 92' lang='lat' dir='ltr'>omnia</span> <span class='ocrx_word' id='word_1_381' title='bbox 672 3609 744 3666; x_wconf 86' lang='lat' dir='ltr'>Deus</span> <span class='ocrx_word' id='word_1_382' title='bbox 763 3608 921 3665; x_wconf 88' lang='lat' dir='ltr'>benedictus</span> 
     </span>
     <span class='ocr_line' id='line_1_40' title="bbox 126 3699 388 3753; baseline -0.004 0"><span class='ocrx_word' id='word_1_383' title='bbox 126 3699 153 3753; x_wconf 92' lang='lat' dir='ltr'>in</span> <span class='ocrx_word' id='word_1_384' title='bbox 167 3705 278 3753; x_wconf 85' lang='lat' dir='ltr'>saecuta.</span> <span class='ocrx_word' id='word_1_385' title='bbox 294 3699 388 3753; x_wconf 76' lang='lat' dir='ltr'>Amen.</span> 
     </span>
    </p>
   </div>
   <div class='ocr_carea' id='block_1_9' title="bbox 963 1805 1773 3816">
    <p class='ocr_par' dir='ltr' id='par_1_9' title="bbox 963 1805 1773 3816">
     <span class='ocr_line' id='line_1_41' title="bbox 999 1805 1762 1887; baseline 0.013 -26"><span class='ocrx_word' id='word_1_386' title='bbox 999 1810 1026 1861; x_wconf 77' lang='lat'>2.</span> <span class='ocrx_word' id='word_1_387' title='bbox 1045 1805 1167 1880; x_wconf 88' lang='lat' dir='ltr'>Denique</span> <span class='ocrx_word' id='word_1_388' title='bbox 1191 1822 1240 1863; x_wconf 93' lang='lat' dir='ltr'>nec</span> <span class='ocrx_word' id='word_1_389' title='bbox 1264 1806 1340 1863; x_wconf 88' lang='lat' dir='ltr'>deest</span> <span class='ocrx_word' id='word_1_390' title='bbox 1363 1807 1390 1864; x_wconf 95' lang='lat' dir='ltr'>in</span> <span class='ocrx_word' id='word_1_391' title='bbox 1412 1817 1505 1867; x_wconf 90' lang='lat' dir='ltr'>nostro</span> <span class='ocrx_word' id='word_1_392' title='bbox 1519 1827 1632 1884; x_wconf 83' lang='lat' dir='ltr'>genere,</span> <span class='ocrx_word' id='word_1_393' title='bbox 1649 1813 1694 1887; x_wconf 89' lang='lat' dir='ltr'>qui</span> <span class='ocrx_word' id='word_1_394' title='bbox 1709 1815 1762 1872; x_wconf 88' lang='lat' dir='ltr'>hoc</span> 
     </span>
     <span class='ocr_line' id='line_1_42' title="bbox 963 1895 1762 1977; baseline 0.016 -28"><span class='ocrx_word' id='word_1_395' title='bbox 963 1911 1077 1952; x_wconf 88' lang='lat' dir='ltr'>munere</span> <span class='ocrx_word' id='word_1_396' title='bbox 1091 1895 1154 1951; x_wconf 83' lang='lat' dir='ltr'>felix</span> <span class='ocrx_word' id='word_1_397' title='bbox 1173 1895 1307 1952; x_wconf 83' lang='lat' dir='ltr'>laetificari</span> <span class='ocrx_word' id='word_1_398' title='bbox 1326 1897 1464 1967; x_wconf 88' lang='lat' dir='ltr'>meruerit,</span> <span class='ocrx_word' id='word_1_399' title='bbox 1479 1907 1506 1954; x_wconf 92' lang='lat' dir='ltr'>et</span> <span class='ocrx_word' id='word_1_400' title='bbox 1520 1900 1560 1955; x_wconf 89' lang='lat' dir='ltr'>sic</span> <span class='ocrx_word' id='word_1_401' title='bbox 1574 1902 1601 1956; x_wconf 95' lang='lat' dir='ltr'>in</span> <span class='ocrx_word' id='word_1_402' title='bbox 1616 1903 1762 1977; x_wconf 89' lang='lat' dir='ltr'>semetipso</span> 
     </span>
     <span class='ocr_line' id='line_1_43' title="bbox 964 1984 1761 2060; baseline 0.01 -20"><span class='ocrx_word' id='word_1_403' title='bbox 964 1984 1117 2041; x_wconf 84' lang='lat' dir='ltr'>suavissimi</span> <span class='ocrx_word' id='word_1_404' title='bbox 1148 1985 1239 2041; x_wconf 90' lang='lat' dir='ltr'>arcani</span> <span class='ocrx_word' id='word_1_405' title='bbox 1269 1984 1350 2054; x_wconf 82' lang='lat' dir='ltr'>hujus</span> <span class='ocrx_word' id='word_1_406' title='bbox 1382 1985 1504 2041; x_wconf 90' lang='lat' dir='ltr'>habuerit</span> <span class='ocrx_word' id='word_1_407' title='bbox 1531 1989 1761 2060; x_wconf 66' lang='lat' dir='ltr'>experimentum</span> 
     </span>
     <span class='ocr_line' id='line_1_44' title="bbox 964 2072 1761 2147; baseline 0.009 -18"><span class='ocrx_word' id='word_1_408' title='bbox 964 2074 1017 2130; x_wconf 90' lang='lat' dir='ltr'>nisi</span> <span class='ocrx_word' id='word_1_409' title='bbox 1042 2081 1133 2130; x_wconf 82' lang='lat' dir='ltr'>tamen</span> <span class='ocrx_word' id='word_1_410' title='bbox 1155 2072 1301 2144; x_wconf 78' lang='lat' dir='ltr'>Scripturae</span> <span class='ocrx_word' id='word_1_411' title='bbox 1326 2074 1397 2139; x_wconf 90' lang='lat' dir='ltr'>loeo,</span> <span class='ocrx_word' id='word_1_412' title='bbox 1421 2074 1466 2145; x_wconf 90' lang='lat' dir='ltr'>qui</span> <span class='ocrx_word' id='word_1_413' title='bbox 1487 2090 1543 2145; x_wconf 84' lang='lat' dir='ltr'>prae</span> <span class='ocrx_word' id='word_1_414' title='bbox 1566 2077 1691 2134; x_wconf 88' lang='lat' dir='ltr'>manibus</span> <span class='ocrx_word' id='word_1_415' title='bbox 1710 2088 1761 2147; x_wconf 87' lang='lat' dir='ltr'>eat,</span> 
     </span>
     <span class='ocr_line' id='line_1_45' title="bbox 965 2160 1764 2232; baseline 0.006 -13"><span class='ocrx_word' id='word_1_416' title='bbox 965 2162 1076 2219; x_wconf 93' lang='lat' dir='ltr'>omuino</span> <span class='ocrx_word' id='word_1_417' title='bbox 1098 2161 1279 2232; x_wconf 86' lang='lat' dir='ltr'>decredimus,</span> <span class='ocrx_word' id='word_1_418' title='bbox 1296 2161 1342 2224; x_wconf 86' lang='lat' dir='ltr'>uhi</span> <span class='ocrx_word' id='word_1_419' title='bbox 1362 2160 1507 2218; x_wconf 89' lang='lat' dir='ltr'>manifeste</span> <span class='ocrx_word' id='word_1_420' title='bbox 1526 2164 1659 2222; x_wconf 88' lang='lat' dir='ltr'>inducitur</span> <span class='ocrx_word' id='word_1_421' title='bbox 1681 2168 1764 2224; x_wconf 86' lang='lat' dir='ltr'>coele·</span> 
     </span>
     <span class='ocr_line' id='line_1_46' title="bbox 967 2250 1764 2328; baseline -0.005 -22"><span class='ocrx_word' id='word_1_422' title='bbox 967 2253 1015 2306; x_wconf 90' lang='lat' dir='ltr'>stis</span> <span class='ocrx_word' id='word_1_423' title='bbox 1034 2266 1152 2323; x_wconf 88' lang='lat' dir='ltr'>sponsus</span> <span class='ocrx_word' id='word_1_424' title='bbox 1174 2250 1414 2307; x_wconf 83' lang='lat' dir='ltr'>vehementissime</span> <span class='ocrx_word' id='word_1_425' title='bbox 1429 2250 1521 2307; x_wconf 88' lang='lat' dir='ltr'>zelans</span> <span class='ocrx_word' id='word_1_426' title='bbox 1539 2269 1588 2324; x_wconf 90' lang='lat' dir='ltr'>pro</span> <span class='ocrx_word' id='word_1_427' title='bbox 1611 2253 1701 2328; x_wconf 72' lang='lat' dir='ltr'>quiete</span> <span class='ocrx_word' id='word_1_428' title='bbox 1715 2269 1764 2314; x_wconf 89' lang='lat' dir='ltr'>cu-</span> 
     </span>
     <span class='ocr_line' id='line_1_47' title="bbox 966 2331 1766 2406; baseline 0.004 -6"><span class='ocrx_word' id='word_1_429' title='bbox 966 2331 1071 2400; x_wconf 81' lang='lat' dir='ltr'>insuam</span> <span class='ocrx_word' id='word_1_430' title='bbox 1086 2340 1191 2395; x_wconf 87' lang='lat' dir='ltr'>tlllectae</span> <span class='ocrx_word' id='word_1_431' title='bbox 1211 2355 1280 2406; x_wconf 86' lang='lat' dir='ltr'>suae,</span> <span class='ocrx_word' id='word_1_432' title='bbox 1297 2339 1429 2396; x_wconf 88' lang='lat' dir='ltr'>sollicitus</span> <span class='ocrx_word' id='word_1_433' title='bbox 1452 2357 1558 2399; x_wconf 85' lang='lat' dir='ltr'>seruere</span> <span class='ocrx_word' id='word_1_434' title='bbox 1572 2342 1643 2401; x_wconf 85' lang='lat' dir='ltr'>iuter</span> <span class='ocrx_word' id='word_1_435' title='bbox 1656 2345 1766 2404; x_wconf 87' lang='lat' dir='ltr'>brachia</span> 
     </span>
     <span class='ocr_line' id='line_1_48' title="bbox 968 2425 1765 2501; baseline 0.01 -19"><span class='ocrx_word' id='word_1_436' title='bbox 968 2426 1079 2501; x_wconf 86' lang='lat' dir='ltr'>propria</span> <span class='ocrx_word' id='word_1_437' title='bbox 1091 2425 1280 2494; x_wconf 88' lang='lat' dir='ltr'>dormientem,</span> <span class='ocrx_word' id='word_1_438' title='bbox 1296 2442 1330 2481; x_wconf 91' lang='lat' dir='ltr'>ue</span> <span class='ocrx_word' id='word_1_439' title='bbox 1352 2443 1406 2498; x_wconf 86' lang='lat' dir='ltr'>qna</span> <span class='ocrx_word' id='word_1_440' title='bbox 1428 2427 1497 2486; x_wconf 90' lang='lat' dir='ltr'>forte</span> <span class='ocrx_word' id='word_1_441' title='bbox 1520 2431 1645 2487; x_wconf 83' lang='lat' dir='ltr'>molestia</span> <span class='ocrx_word' id='word_1_442' title='bbox 1665 2435 1704 2489; x_wconf 87' lang='lat' dir='ltr'>rel</span> <span class='ocrx_word' id='word_1_443' title='bbox 1719 2434 1765 2489; x_wconf 93' lang='lat' dir='ltr'>in-</span> 
     </span>
     <span class='ocr_line' id='line_1_49' title="bbox 969 2514 1766 2588; baseline 0.01 -18"><span class='ocrx_word' id='word_1_444' title='bbox 969 2514 1125 2588; x_wconf 85' lang='lat' dir='ltr'>quietudine</span> <span class='ocrx_word' id='word_1_445' title='bbox 1139 2531 1155 2569; x_wconf 90' lang='lat' dir='ltr'>a</span> <span class='ocrx_word' id='word_1_446' title='bbox 1169 2529 1267 2571; x_wconf 89' lang='lat' dir='ltr'>somno</span> <span class='ocrx_word' id='word_1_447' title='bbox 1285 2514 1445 2572; x_wconf 80' lang='lat' dir='ltr'>suavissimo</span> <span class='ocrx_word' id='word_1_448' title='bbox 1462 2517 1630 2576; x_wconf 87' lang='lat' dir='ltr'>deturbetur.</span> <span class='ocrx_word' id='word_1_449' title='bbox 1646 2522 1705 2577; x_wconf 88' lang='lat' dir='ltr'>Non</span> <span class='ocrx_word' id='word_1_450' title='bbox 1722 2539 1766 2579; x_wconf 89' lang='lat' dir='ltr'>ms</span> 
     </span>
     <span class='ocr_line' id='line_1_50' title="bbox 968 2598 1766 2676; baseline 0.006 -14"><span class='ocrx_word' id='word_1_451' title='bbox 968 2607 1046 2676; x_wconf 88' lang='lat' dir='ltr'>capio</span> <span class='ocrx_word' id='word_1_452' title='bbox 1061 2620 1117 2675; x_wconf 77' lang='lat' dir='ltr'>prae</span> <span class='ocrx_word' id='word_1_453' title='bbox 1138 2603 1240 2670; x_wconf 83' lang='lat' dir='ltr'>laetitia,</span> <span class='ocrx_word' id='word_1_454' title='bbox 1264 2603 1338 2674; x_wconf 91' lang='lat' dir='ltr'>quod</span> <span class='ocrx_word' id='word_1_455' title='bbox 1359 2603 1404 2659; x_wconf 90' lang='lat' dir='ltr'>illa</span> <span class='ocrx_word' id='word_1_456' title='bbox 1425 2598 1629 2676; x_wconf 64' lang='lat' dir='ltr'>rnajestas‘tarn</span> <span class='ocrx_word' id='word_1_457' title='bbox 1642 2610 1766 2668; x_wconf 82' lang='lat' dir='ltr'>familiari</span> 
     </span>
     <span class='ocr_line' id='line_1_51' title="bbox 969 2692 1768 2764; baseline 0.011 -16"><span class='ocrx_word' id='word_1_458' title='bbox 969 2693 1097 2764; x_wconf 90' lang='lat' dir='ltr'>dulcique</span> <span class='ocrx_word' id='word_1_459' title='bbox 1119 2692 1257 2748; x_wconf 88' lang='lat' dir='ltr'>consortio</span> <span class='ocrx_word' id='word_1_460' title='bbox 1282 2702 1384 2749; x_wconf 83' lang='lat' dir='ltr'>nostroe</span> <span class='ocrx_word' id='word_1_461' title='bbox 1407 2709 1436 2749; x_wconf 85' lang='lat' dir='ltr'>se</span> <span class='ocrx_word' id='word_1_462' title='bbox 1462 2693 1594 2753; x_wconf 87' lang='lat' dir='ltr'>inclinare</span> <span class='ocrx_word' id='word_1_463' title='bbox 1616 2698 1768 2757; x_wconf 87' lang='lat' dir='ltr'>infirmitati</span> 
     </span>
     <span class='ocr_line' id='line_1_52' title="bbox 970 2782 1766 2858; baseline 0.01 -21"><span class='ocrx_word' id='word_1_464' title='bbox 970 2782 1081 2839; x_wconf 87' lang='lat' dir='ltr'>minime</span> <span class='ocrx_word' id='word_1_465' title='bbox 1093 2782 1265 2854; x_wconf 83' lang='lat' dir='ltr'>dedignatur,</span> <span class='ocrx_word' id='word_1_466' title='bbox 1282 2790 1308 2838; x_wconf 90' lang='lat' dir='ltr'>ct</span> <span class='ocrx_word' id='word_1_467' title='bbox 1321 2798 1442 2853; x_wconf 88' lang='lat' dir='ltr'>superna</span> <span class='ocrx_word' id='word_1_468' title='bbox 1455 2784 1548 2840; x_wconf 87' lang='lat' dir='ltr'>Deitas</span> <span class='ocrx_word' id='word_1_469' title='bbox 1560 2786 1663 2858; x_wconf 47' lang='lat' dir='ltr'>,animm</span> <span class='ocrx_word' id='word_1_470' title='bbox 1685 2804 1766 2845; x_wconf 84' lang='lat' dir='ltr'>exsu-</span> 
     </span>
     <span class='ocr_line' id='line_1_53' title="bbox 971 2871 1769 2944; baseline 0.011 -18"><span class='ocrx_word' id='word_1_471' title='bbox 971 2872 1051 2928; x_wconf 89' lang='lat' dir='ltr'>lantis</span> <span class='ocrx_word' id='word_1_472' title='bbox 1074 2872 1142 2927; x_wconf 92' lang='lat' dir='ltr'>inire</span> <span class='ocrx_word' id='word_1_473' title='bbox 1169 2872 1317 2940; x_wconf 86' lang='lat' dir='ltr'>connuhio,</span> <span class='ocrx_word' id='word_1_474' title='bbox 1348 2871 1428 2943; x_wconf 90' lang='lat' dir='ltr'>eique</span> <span class='ocrx_word' id='word_1_475' title='bbox 1460 2874 1553 2944; x_wconf 92' lang='lat' dir='ltr'>spousi</span> <span class='ocrx_word' id='word_1_476' title='bbox 1580 2875 1769 2935; x_wconf 87' lang='lat' dir='ltr'>ardentissimo</span> 
     </span>
     <span class='ocr_line' id='line_1_54' title="bbox 971 2957 1768 3033; baseline 0.009 -17"><span class='ocrx_word' id='word_1_477' title='bbox 971 2975 1065 3016; x_wconf 83' lang='lat' dir='ltr'>amore</span> <span class='ocrx_word' id='word_1_478' title='bbox 1084 2960 1156 3031; x_wconf 91' lang='lat' dir='ltr'>capti</span> <span class='ocrx_word' id='word_1_479' title='bbox 1182 2958 1309 3014; x_wconf 85' lang='lat' dir='ltr'>exhibere</span> <span class='ocrx_word' id='word_1_480' title='bbox 1336 2957 1462 3016; x_wconf 87' lang='lat' dir='ltr'>affectum</span> <span class='ocrx_word' id='word_1_481' title='bbox 1484 2975 1539 3016; x_wconf 93' lang='lat' dir='ltr'>non</span> <span class='ocrx_word' id='word_1_482' title='bbox 1566 2961 1689 3033; x_wconf 86' lang='lat' dir='ltr'>despicit.</span> <span class='ocrx_word' id='word_1_483' title='bbox 1714 2965 1768 3033; x_wconf 86' lang='lat' dir='ltr'>Sic,</span> 
     </span>
     <span class='ocr_line' id='line_1_55' title="bbox 972 3045 1770 3121; baseline 0.005 -16"><span class='ocrx_word' id='word_1_484' title='bbox 972 3049 1010 3105; x_wconf 86' lang='lat' dir='ltr'>sic</span> <span class='ocrx_word' id='word_1_485' title='bbox 1026 3049 1053 3103; x_wconf 92' lang='lat' dir='ltr'>in</span> <span class='ocrx_word' id='word_1_486' title='bbox 1063 3048 1134 3104; x_wconf 87' lang='lat' dir='ltr'>coelo</span> <span class='ocrx_word' id='word_1_487' title='bbox 1148 3063 1210 3102; x_wconf 87' lang='lat' dir='ltr'>esso</span> <span class='ocrx_word' id='word_1_488' title='bbox 1229 3059 1283 3101; x_wconf 94' lang='lat' dir='ltr'>non</span> <span class='ocrx_word' id='word_1_489' title='bbox 1307 3045 1429 3119; x_wconf 83' lang='lat' dir='ltr'>ambigo,</span> <span class='ocrx_word' id='word_1_490' title='bbox 1449 3055 1479 3102; x_wconf 93' lang='lat' dir='ltr'>ut</span> <span class='ocrx_word' id='word_1_491' title='bbox 1493 3050 1555 3121; x_wconf 87' lang='lat' dir='ltr'>lego</span> <span class='ocrx_word' id='word_1_492' title='bbox 1571 3051 1599 3104; x_wconf 91' lang='lat' dir='ltr'>in</span> <span class='ocrx_word' id='word_1_493' title='bbox 1614 3061 1695 3121; x_wconf 90' lang='lat' dir='ltr'>terra,</span> <span class='ocrx_word' id='word_1_494' title='bbox 1710 3069 1770 3110; x_wconf 91' lang='lat' dir='ltr'>sen·</span> 
     </span>
     <span class='ocr_line' id='line_1_56' title="bbox 973 3134 1770 3210; baseline 0.004 -18"><span class='ocrx_word' id='word_1_495' title='bbox 973 3141 1072 3210; x_wconf 90' lang='lat' dir='ltr'>tietqne</span> <span class='ocrx_word' id='word_1_496' title='bbox 1087 3142 1222 3208; x_wconf 88' lang='lat' dir='ltr'>procerte</span> <span class='ocrx_word' id='word_1_497' title='bbox 1236 3134 1325 3190; x_wconf 91' lang='lat' dir='ltr'>anima</span> <span class='ocrx_word' id='word_1_498' title='bbox 1344 3134 1418 3207; x_wconf 90' lang='lat' dir='ltr'>quod</span> <span class='ocrx_word' id='word_1_499' title='bbox 1442 3135 1561 3193; x_wconf 90' lang='lat' dir='ltr'>continet</span> <span class='ocrx_word' id='word_1_500' title='bbox 1583 3139 1696 3210; x_wconf 87' lang='lat' dir='ltr'>pagina,</span> <span class='ocrx_word' id='word_1_501' title='bbox 1719 3143 1770 3198; x_wconf 87' lang='lat' dir='ltr'>nisi</span> 
     </span>
     <span class='ocr_line' id='line_1_57' title="bbox 972 3222 1770 3303; baseline 0.01 -23"><span class='ocrx_word' id='word_1_502' title='bbox 972 3226 1047 3298; x_wconf 89' lang='lat' dir='ltr'>quod</span> <span class='ocrx_word' id='word_1_503' title='bbox 1070 3242 1124 3281; x_wconf 92' lang='lat' dir='ltr'>non</span> <span class='ocrx_word' id='word_1_504' title='bbox 1139 3222 1240 3281; x_wconf 86' lang='lat' dir='ltr'>suflicit</span> <span class='ocrx_word' id='word_1_505' title='bbox 1264 3223 1318 3279; x_wconf 89' lang='lat' dir='ltr'>istu</span> <span class='ocrx_word' id='word_1_506' title='bbox 1334 3223 1445 3281; x_wconf 91' lang='lat' dir='ltr'>omnino</span> <span class='ocrx_word' id='word_1_507' title='bbox 1463 3225 1625 3298; x_wconf 84' lang='lat' dir='ltr'>exprimere,</span> <span class='ocrx_word' id='word_1_508' title='bbox 1640 3241 1770 3303; x_wconf 88' lang='lat' dir='ltr'>quantum</span> 
     </span>
     <span class='ocr_line' id='line_1_58' title="bbox 974 3312 1770 3392; baseline 0.01 -22"><span class='ocrx_word' id='word_1_509' title='bbox 974 3329 1072 3386; x_wconf 87' lang='lat' dir='ltr'>cupere</span> <span class='ocrx_word' id='word_1_510' title='bbox 1083 3314 1129 3369; x_wconf 89' lang='lat' dir='ltr'>illa</span> <span class='ocrx_word' id='word_1_511' title='bbox 1143 3321 1208 3370; x_wconf 90' lang='lat' dir='ltr'>tunc</span> <span class='ocrx_word' id='word_1_512' title='bbox 1222 3312 1333 3386; x_wconf 86' lang='lat' dir='ltr'>poterit,</span> <span class='ocrx_word' id='word_1_513' title='bbox 1345 3313 1393 3369; x_wconf 89' lang='lat' dir='ltr'>sed</span> <span class='ocrx_word' id='word_1_514' title='bbox 1405 3329 1455 3370; x_wconf 92' lang='lat' dir='ltr'>nec</span> <span class='ocrx_word' id='word_1_515' title='bbox 1469 3323 1770 3392; x_wconf 81' lang='lat' dir='ltr'>quantumjampotest.</span> 
     </span>
     <span class='ocr_line' id='line_1_59' title="bbox 973 3402 1771 3476; baseline 0.01 -18"><span class='ocrx_word' id='word_1_516' title='bbox 973 3403 1055 3474; x_wconf 83' lang='lat' dir='ltr'>Quid,</span> <span class='ocrx_word' id='word_1_517' title='bbox 1072 3413 1162 3475; x_wconf 88' lang='lat' dir='ltr'>putes,</span> <span class='ocrx_word' id='word_1_518' title='bbox 1178 3402 1234 3459; x_wconf 88' lang='lat' dir='ltr'>illic</span> <span class='ocrx_word' id='word_1_519' title='bbox 1249 3402 1374 3475; x_wconf 88' lang='lat' dir='ltr'>ecoipiet,</span> <span class='ocrx_word' id='word_1_520' title='bbox 1391 3418 1452 3476; x_wconf 81' lang='lat' dir='ltr'>quae</span> <span class='ocrx_word' id='word_1_521' title='bbox 1472 3404 1518 3462; x_wconf 90' lang='lat' dir='ltr'>hic</span> <span class='ocrx_word' id='word_1_522' title='bbox 1532 3414 1605 3462; x_wconf 85' lang='lat' dir='ltr'>tanta</span> <span class='ocrx_word' id='word_1_523' title='bbox 1628 3404 1771 3466; x_wconf 86' lang='lat' dir='ltr'>familiari·</span> 
     </span>
     <span class='ocr_line' id='line_1_60' title="bbox 974 3491 1770 3567; baseline 0.008 -19"><span class='ocrx_word' id='word_1_524' title='bbox 974 3500 1028 3548; x_wconf 91' lang='lat' dir='ltr'>tate</span> <span class='ocrx_word' id='word_1_525' title='bbox 1043 3493 1169 3561; x_wconf 88' lang='lat' dir='ltr'>donatur,</span> <span class='ocrx_word' id='word_1_526' title='bbox 1185 3499 1216 3549; x_wconf 85' lang='lat' dir='ltr'>ut</span> <span class='ocrx_word' id='word_1_527' title='bbox 1238 3491 1291 3547; x_wconf 87' lang='lat' dir='ltr'>Dei</span> <span class='ocrx_word' id='word_1_528' title='bbox 1304 3491 1427 3548; x_wconf 83' lang='lat' dir='ltr'>brachiis</span> <span class='ocrx_word' id='word_1_529' title='bbox 1453 3493 1578 3565; x_wconf 89' lang='lat' dir='ltr'>amplecti</span> <span class='ocrx_word' id='word_1_530' title='bbox 1604 3510 1634 3551; x_wconf 92' lang='lat' dir='ltr'>se</span> <span class='ocrx_word' id='word_1_531' title='bbox 1662 3498 1770 3567; x_wconf 88' lang='lat' dir='ltr'>sentiat,</span> 
     </span>
     <span class='ocr_line' id='line_1_61' title="bbox 973 3580 1773 3650; baseline 0.008 -14"><span class='ocrx_word' id='word_1_532' title='bbox 973 3581 1024 3637; x_wconf 80' lang='lat' dir='ltr'>liei</span> <span class='ocrx_word' id='word_1_533' title='bbox 1047 3581 1217 3649; x_wconf 88' lang='lat' dir='ltr'>ainufoveri,</span> <span class='ocrx_word' id='word_1_534' title='bbox 1233 3580 1285 3637; x_wconf 86' lang='lat' dir='ltr'>Dei</span> <span class='ocrx_word' id='word_1_535' title='bbox 1309 3596 1376 3637; x_wconf 90' lang='lat' dir='ltr'>cura</span> <span class='ocrx_word' id='word_1_536' title='bbox 1394 3587 1421 3635; x_wconf 90' lang='lat' dir='ltr'>et</span> <span class='ocrx_word' id='word_1_537' title='bbox 1448 3582 1538 3638; x_wconf 89' lang='lat' dir='ltr'>studio</span> <span class='ocrx_word' id='word_1_538' title='bbox 1570 3583 1712 3650; x_wconf 88' lang='lat' dir='ltr'>custodiri,</span> <span class='ocrx_word' id='word_1_539' title='bbox 1737 3600 1773 3642; x_wconf 92' lang='lat' dir='ltr'>ne</span> 
     </span>
     <span class='ocr_line' id='line_1_62' title="bbox 975 3668 1772 3744; baseline 0.003 -17"><span class='ocrx_word' id='word_1_540' title='bbox 975 3670 1112 3727; x_wconf 89' lang='lat' dir='ltr'>dormiens</span> <span class='ocrx_word' id='word_1_541' title='bbox 1125 3670 1196 3727; x_wconf 92' lang='lat' dir='ltr'>forte</span> <span class='ocrx_word' id='word_1_542' title='bbox 1210 3685 1227 3724; x_wconf 90' lang='lat' dir='ltr'>a</span> <span class='ocrx_word' id='word_1_543' title='bbox 1241 3668 1381 3742; x_wconf 88' lang='lat' dir='ltr'>quopiam,</span> <span class='ocrx_word' id='word_1_544' title='bbox 1397 3668 1482 3725; x_wconf 89' lang='lat' dir='ltr'>donec</span> <span class='ocrx_word' id='word_1_545' title='bbox 1492 3668 1564 3725; x_wconf 90' lang='lat' dir='ltr'>ultro</span> <span class='ocrx_word' id='word_1_546' title='bbox 1583 3668 1704 3744; x_wconf 83' lang='lat' dir='ltr'>evigilet,</span> <span class='ocrx_word' id='word_1_547' title='bbox 1723 3688 1772 3729; x_wconf 82' lang='lat' dir='ltr'>ex·</span> 
     </span>
     <span class='ocr_line' id='line_1_63' title="bbox 974 3759 1092 3816; baseline -0.017 0"><span class='ocrx_word' id='word_1_548' title='bbox 974 3759 1092 3816; x_wconf 75' lang='lat' dir='ltr'>citetur?</span> 
     </span>
    </p>
   </div>
   <div class='ocr_carea' id='block_1_10' title="bbox 69 3846 1781 4997">
    <p class='ocr_par' dir='ltr' id='par_1_10' title="bbox 129 3846 1780 4725">
     <span class='ocr_line' id='line_1_64' title="bbox 1012 3846 1772 3922; baseline 0.003 -17"><span class='ocrx_word' id='word_1_549' title='bbox 1012 3853 1038 3905; x_wconf 81' lang='lat'>³.</span> <span class='ocrx_word' id='word_1_550' title='bbox 1051 3852 1111 3922; x_wconf 72' lang='lat' dir='ltr'>ege</span> <span class='ocrx_word' id='word_1_551' title='bbox 1123 3849 1181 3918; x_wconf 84' lang='lat' dir='ltr'>jaro</span> <span class='ocrx_word' id='word_1_552' title='bbox 1195 3847 1295 3918; x_wconf 89' lang='lat' dir='ltr'>itaque,</span> <span class='ocrx_word' id='word_1_553' title='bbox 1309 3846 1432 3905; x_wconf 85' lang='lat' dir='ltr'>dicamus</span> <span class='ocrx_word' id='word_1_554' title='bbox 1445 3847 1467 3903; x_wconf 89' lang='lat' dir='ltr'>si</span> <span class='ocrx_word' id='word_1_555' title='bbox 1481 3861 1637 3918; x_wconf 86' lang='lat' dir='ltr'>possumus,</span> <span class='ocrx_word' id='word_1_556' title='bbox 1649 3848 1772 3922; x_wconf 86' lang='lat' dir='ltr'>quisnam</span> 
     </span>
     <span class='ocr_line' id='line_1_65' title="bbox 978 3935 1774 4009; baseline 0.006 -17"><span class='ocrx_word' id='word_1_557' title='bbox 978 3937 1024 3993; x_wconf 90' lang='lat' dir='ltr'>ille</span> <span class='ocrx_word' id='word_1_558' title='bbox 1038 3938 1074 3993; x_wconf 87' lang='lat' dir='ltr'>sit</span> <span class='ocrx_word' id='word_1_559' title='bbox 1088 3951 1209 4005; x_wconf 88' lang='lat' dir='ltr'>somnus,</span> <span class='ocrx_word' id='word_1_560' title='bbox 1228 3951 1282 4009; x_wconf 92' lang='lat' dir='ltr'>qno</span> <span class='ocrx_word' id='word_1_561' title='bbox 1303 3935 1430 3992; x_wconf 88' lang='lat' dir='ltr'>dilectam</span> <span class='ocrx_word' id='word_1_562' title='bbox 1450 3951 1527 3994; x_wconf 90' lang='lat' dir='ltr'>suam</span> <span class='ocrx_word' id='word_1_563' title='bbox 1544 3951 1660 4008; x_wconf 88' lang='lat' dir='ltr'>sponsus</span> <span class='ocrx_word' id='word_1_564' title='bbox 1674 3940 1774 3999; x_wconf 88' lang='lat' dir='ltr'>ohdor-</span> 
     </span>
     <span class='ocr_line' id='line_1_66' title="bbox 129 4009 1776 4099; baseline 0.005 -20"><span class='ocrx_word' id='word_1_565' title='bbox 129 4016 166 4070; x_wconf 74' lang='lat'>00</span> <span class='ocrx_word' id='word_1_566' title='bbox 179 4026 307 4096; x_wconf 78' lang='lat' dir='ltr'>excessu,</span> <span class='ocrx_word' id='word_1_567' title='bbox 319 4027 370 4096; x_wconf 39' lang='lat' dir='ltr'>quc·</span> <span class='ocrx_word' id='word_1_568' title='bbox 379 4009 581 4092; x_wconf 60' lang='grc' dir='ltr'>θθιιῑθΰψῑᾷῖῑθ</span> <span class='ocrx_word' id='word_1_569' title='bbox 595 4010 714 4078; x_wconf 57' lang='lat' dir='ltr'>diffluit</span> <span class='ocrx_word' id='word_1_570' title='bbox 726 4011 759 4065; x_wconf 62' lang='lat' dir='ltr'>id</span> <span class='ocrx_word' id='word_1_571' title='bbox 772 4025 828 4082; x_wconf 85' lang='lat' dir='ltr'>que</span> <span class='ocrx_word' id='word_1_572' title='bbox 841 4025 926 4093; x_wconf 79' lang='lat' dir='ltr'>apen·</span> <span class='ocrx_word' id='word_1_573' title='bbox 978 4027 1047 4083; x_wconf 91' lang='lat' dir='ltr'>miro</span> <span class='ocrx_word' id='word_1_574' title='bbox 1061 4026 1133 4095; x_wconf 87' lang='lat' dir='ltr'>velit,</span> <span class='ocrx_word' id='word_1_575' title='bbox 1151 4041 1203 4083; x_wconf 91' lang='lat' dir='ltr'>nec</span> <span class='ocrx_word' id='word_1_576' title='bbox 1216 4026 1333 4097; x_wconf 87' lang='lat' dir='ltr'>patiatur</span> <span class='ocrx_word' id='word_1_577' title='bbox 1348 4026 1468 4098; x_wconf 90' lang='lat' dir='ltr'>omnino,</span> <span class='ocrx_word' id='word_1_578' title='bbox 1484 4025 1537 4081; x_wconf 87' lang='lat' dir='ltr'>nisi</span> <span class='ocrx_word' id='word_1_579' title='bbox 1552 4027 1585 4082; x_wconf 89' lang='lat' dir='ltr'>ad</span> <span class='ocrx_word' id='word_1_580' title='bbox 1600 4028 1687 4099; x_wconf 89' lang='lat' dir='ltr'>ipsius</span> <span class='ocrx_word' id='word_1_581' title='bbox 1702 4033 1776 4088; x_wconf 90' lang='lat' dir='ltr'>arbi·</span> 
     </span>
     <span class='ocr_line' id='line_1_67' title="bbox 164 4086 1775 4209; baseline 0.003 -38"><span class='ocrx_word' id='word_1_582' title='bbox 164 4100 213 4166; x_wconf 74' lang='lat'>⁸¹²⁸.</span> <span class='ocrx_word' id='word_1_583' title='bbox 231 4087 463 4209; x_wconf 42' lang='lat' dir='ltr'>,familquwmre</span> <span class='ocrx_word' id='word_1_584' title='bbox 481 4098 610 4140; x_wconf 64' lang='lat' dir='ltr'><strong><em>ammam</em></strong></span> <span class='ocrx_word' id='word_1_585' title='bbox 629 4086 770 4145; x_wconf 59' lang='lat' dir='ltr'>mmm·</span> <span class='ocrx_word' id='word_1_586' title='bbox 786 4098 838 4154; x_wconf 59' lang='grc' dir='ltr'>ΨΟ</span> <span class='ocrx_word' id='word_1_587' title='bbox 862 4096 925 4153; x_wconf 55' lang='lat'>⁰7⁸⁸</span> <span class='ocrx_word' id='word_1_588' title='bbox 978 4117 1070 4187; x_wconf 89' lang='lat' dir='ltr'>trium,</span> <span class='ocrx_word' id='word_1_589' title='bbox 1083 4115 1207 4183; x_wconf 82' lang='lat' dir='ltr'>excitari,</span> <span class='ocrx_word' id='word_1_590' title='bbox 1219 4131 1253 4172; x_wconf 89' lang='lat' dir='ltr'>ne</span> <span class='ocrx_word' id='word_1_591' title='bbox 1269 4115 1337 4172; x_wconf 88' lang='lat' dir='ltr'>forte</span> <span class='ocrx_word' id='word_1_592' title='bbox 1348 4131 1408 4171; x_wconf 89' lang='lat' dir='ltr'>cum</span> <span class='ocrx_word' id='word_1_593' title='bbox 1424 4115 1522 4189; x_wconf 89' lang='lat' dir='ltr'>legerit</span> <span class='ocrx_word' id='word_1_594' title='bbox 1537 4115 1598 4188; x_wconf 91' lang='lat' dir='ltr'>quis</span> <span class='ocrx_word' id='word_1_595' title='bbox 1612 4117 1685 4194; x_wconf 78' lang='lat' dir='ltr'>apud</span> <span class='ocrx_word' id='word_1_596' title='bbox 1699 4121 1775 4190; x_wconf 79' lang='lat' dir='ltr'>Apo-</span> 
     </span>
     <span class='ocr_line' id='line_1_68' title="bbox 166 4170 1775 4316; baseline 0.004 -55"><span class='ocrx_word' id='word_1_597' title='bbox 166 4171 228 4229; x_wconf 60' lang='lat' dir='ltr'>qm</span> <span class='ocrx_word' id='word_1_598' title='bbox 243 4170 301 4212; x_wconf 52' lang='grc' dir='ltr'>Μ</span> <span class='ocrx_word' id='word_1_599' title='bbox 314 4172 378 4211; x_wconf 58' lang='lat'>‘⁸⁷²⁸&#39;</span> <span class='ocrx_word' id='word_1_600' title='bbox 941 4235 965 4316; x_wconf 68' lang='lat' dir='ltr'>n</span> <span class='ocrx_word' id='word_1_601' title='bbox 979 4207 1097 4263; x_wconf 88' lang='lat' dir='ltr'>stolum:</span> <span class='ocrx_word' id='word_1_602' title='bbox 1113 4205 1186 4262; x_wconf 84' lang='lat' dir='ltr'>llere</span> <span class='ocrx_word' id='word_1_603' title='bbox 1195 4206 1309 4277; x_wconf 80' lang='lat' dir='ltr'>estjam</span> <span class='ocrx_word' id='word_1_604' title='bbox 1323 4221 1374 4262; x_wconf 80' lang='lat' dir='ltr'>cos</span> <span class='ocrx_word' id='word_1_605' title='bbox 1389 4204 1423 4260; x_wconf 85' lang='lat' dir='ltr'>de</span> <span class='ocrx_word' id='word_1_606' title='bbox 1443 4219 1540 4262; x_wconf 80' lang='lat' dir='ltr'>somne</span> <span class='ocrx_word' id='word_1_607' title='bbox 1554 4221 1666 4279; x_wconf 80' lang='lat' dir='ltr'>surpere</span> <span class='ocrx_word' id='word_1_608' title='bbox 1684 4208 1775 4279; x_wconf 84' lang='lat' dir='ltr'>(Rom.</span> 
     </span>
     <span class='ocr_line' id='line_1_69' title="bbox 169 4294 1778 4372; baseline -0.001 -18"><span class='ocrx_word' id='word_1_609' title='bbox 169 4303 194 4354; x_wconf 91' lang='lat' dir='ltr'>l.</span> <span class='ocrx_word' id='word_1_610' title='bbox 210 4299 319 4369; x_wconf 76' lang='lat' dir='ltr'>dejero</span> <span class='ocrx_word' id='word_1_611' title='bbox 333 4315 390 4371; x_wconf 84' lang='lat' dir='ltr'>vos,</span> <span class='ocrx_word' id='word_1_612' title='bbox 406 4299 473 4371; x_wconf 74' lang='lat' dir='ltr'>filie</span> <span class='ocrx_word' id='word_1_613' title='bbox 488 4300 659 4366; x_wconf 73' lang='lat' dir='ltr'>Jerusalem,</span> <span class='ocrx_word' id='word_1_614' title='bbox 672 4315 724 4371; x_wconf 86' lang='lat' dir='ltr'>per</span> <span class='ocrx_word' id='word_1_615' title='bbox 738 4313 852 4372; x_wconf 80' lang='lat' dir='ltr'>ceprcer</span> <span class='ocrx_word' id='word_1_616' title='bbox 866 4314 927 4356; x_wconf 86' lang='lat' dir='ltr'>cer·</span> <span class='ocrx_word' id='word_1_617' title='bbox 980 4311 1044 4364; x_wconf 84' lang='lat' dir='ltr'>xur,</span> <span class='ocrx_word' id='word_1_618' title='bbox 1062 4295 1120 4367; x_wconf 82' lang='lat' dir='ltr'>ll),</span> <span class='ocrx_word' id='word_1_619' title='bbox 1147 4294 1204 4352; x_wconf 86' lang='lat' dir='ltr'>sire</span> <span class='ocrx_word' id='word_1_620' title='bbox 1233 4294 1304 4366; x_wconf 89' lang='lat' dir='ltr'>apud</span> <span class='ocrx_word' id='word_1_621' title='bbox 1326 4294 1487 4366; x_wconf 85' lang='lat' dir='ltr'>Prophetam</span> <span class='ocrx_word' id='word_1_622' title='bbox 1519 4294 1626 4349; x_wconf 80' lang='lat' dir='ltr'>exorari</span> <span class='ocrx_word' id='word_1_623' title='bbox 1654 4296 1688 4351; x_wconf 89' lang='lat' dir='ltr'>ab</span> <span class='ocrx_word' id='word_1_624' title='bbox 1716 4296 1778 4368; x_wconf 88' lang='lat' dir='ltr'>ipso</span> 
     </span>
     <span class='ocr_line' id='line_1_70' title="bbox 131 4383 1780 4462; baseline -0.002 -16"><span class='ocrx_word' id='word_1_625' title='bbox 131 4403 230 4461; x_wconf 86' lang='lat' dir='ltr'>uosque</span> <span class='ocrx_word' id='word_1_626' title='bbox 243 4403 418 4460; x_wconf 83' lang='lat' dir='ltr'>camporum,</span> <span class='ocrx_word' id='word_1_627' title='bbox 429 4393 463 4444; x_wconf 85' lang='lat' dir='ltr'>uf</span> <span class='ocrx_word' id='word_1_628' title='bbox 476 4405 535 4445; x_wconf 79' lang='lat' dir='ltr'>aee</span> <span class='ocrx_word' id='word_1_629' title='bbox 549 4390 679 4445; x_wconf 75' lang='lat' dir='ltr'>excitetis</span> <span class='ocrx_word' id='word_1_630' title='bbox 691 4403 781 4462; x_wconf 81' lang='lat' dir='ltr'>neque</span> <span class='ocrx_word' id='word_1_631' title='bbox 795 4390 928 4461; x_wconf 79' lang='lat' dir='ltr'>euiqilere</span> <span class='ocrx_word' id='word_1_632' title='bbox 981 4386 1079 4451; x_wconf 86' lang='lat' dir='ltr'>Deum,</span> <span class='ocrx_word' id='word_1_633' title='bbox 1094 4383 1242 4440; x_wconf 91' lang='lat' dir='ltr'>illuminari</span> <span class='ocrx_word' id='word_1_634' title='bbox 1257 4383 1350 4440; x_wconf 89' lang='lat' dir='ltr'>oculos</span> <span class='ocrx_word' id='word_1_635' title='bbox 1364 4397 1430 4438; x_wconf 90' lang='lat' dir='ltr'>suos</span> <span class='ocrx_word' id='word_1_636' title='bbox 1443 4398 1478 4437; x_wconf 89' lang='lat' dir='ltr'>ne</span> <span class='ocrx_word' id='word_1_637' title='bbox 1492 4396 1610 4453; x_wconf 87' lang='lat' dir='ltr'>nnqnem</span> <span class='ocrx_word' id='word_1_638' title='bbox 1625 4383 1780 4443; x_wconf 85' lang='lat' dir='ltr'>obdormiat</span> 
     </span>
     <span class='ocr_line' id='line_1_71' title="bbox 133 4471 1779 4552; baseline -0.001 -17"><span class='ocrx_word' id='word_1_639' title='bbox 133 4475 929 4552; x_wconf 75' lang='lat' dir='ltr'>fecialisdilecfem‚queeduequcipeeuclt&#39;ttdent.u‚7)q</span> <span class='ocrx_word' id='word_1_640' title='bbox 980 4475 1011 4530; x_wconf 90' lang='lat' dir='ltr'>in</span> <span class='ocrx_word' id='word_1_641' title='bbox 1032 4483 1119 4530; x_wconf 91' lang='lat' dir='ltr'>morte</span> <span class='ocrx_word' id='word_1_642' title='bbox 1148 4471 1236 4544; x_wconf 82' lang='lat' dir='ltr'>(Psel.</span> <span class='ocrx_word' id='word_1_643' title='bbox 1257 4487 1305 4537; x_wconf 85' lang='grc' dir='ltr'>ιιι,</span> <span class='ocrx_word' id='word_1_644' title='bbox 1322 4471 1360 4543; x_wconf 86' lang='lat' dir='ltr'>t),</span> <span class='ocrx_word' id='word_1_645' title='bbox 1392 4471 1533 4527; x_wconf 93' lang='lat' dir='ltr'>nominum</span> <span class='ocrx_word' id='word_1_646' title='bbox 1565 4471 1779 4544; x_wconf 82' lang='lat' dir='ltr'>aequirocatione</span> 
     </span>
     <span class='ocr_line' id='line_1_72' title="bbox 135 4558 1780 4634; baseline -0.001 -11"><span class='ocrx_word' id='word_1_647' title='bbox 135 4564 544 4623; x_wconf 81' lang='lat' dir='ltr'>Prohibenturadolescentnloe:</span> <span class='ocrx_word' id='word_1_648' title='bbox 561 4565 610 4622; x_wconf 88' lang='lat' dir='ltr'>has</span> <span class='ocrx_word' id='word_1_649' title='bbox 619 4566 692 4623; x_wconf 88' lang='lat' dir='ltr'>enirn</span> <span class='ocrx_word' id='word_1_650' title='bbox 701 4563 771 4621; x_wconf 83' lang='lat' dir='ltr'>dhus</span> <span class='ocrx_word' id='word_1_651' title='bbox 779 4566 929 4622; x_wconf 80' lang='lat' dir='ltr'>Jerusalem</span> <span class='ocrx_word' id='word_1_652' title='bbox 982 4564 1117 4627; x_wconf 88' lang='lat' dir='ltr'>turbetur,</span> <span class='ocrx_word' id='word_1_653' title='bbox 1133 4575 1185 4617; x_wconf 88' lang='lat' dir='ltr'>nec</span> <span class='ocrx_word' id='word_1_654' title='bbox 1202 4558 1320 4618; x_wconf 82' lang='lat' dir='ltr'>inveniat</span> <span class='ocrx_word' id='word_1_655' title='bbox 1333 4559 1454 4627; x_wconf 92' lang='lat' dir='ltr'>omnino,</span> <span class='ocrx_word' id='word_1_656' title='bbox 1471 4559 1536 4632; x_wconf 92' lang='lat' dir='ltr'>qnid</span> <span class='ocrx_word' id='word_1_657' title='bbox 1555 4559 1638 4634; x_wconf 89' lang='lat' dir='ltr'>digne</span> <span class='ocrx_word' id='word_1_658' title='bbox 1660 4564 1695 4620; x_wconf 90' lang='lat' dir='ltr'>de</span> <span class='ocrx_word' id='word_1_659' title='bbox 1714 4564 1780 4621; x_wconf 89' lang='lat' dir='ltr'>dor·</span> 
     </span>
     <span class='ocr_line' id='line_1_73' title="bbox 134 4648 1779 4725; baseline -0.001 -14"><span class='ocrx_word' id='word_1_660' title='bbox 134 4655 208 4721; x_wconf 89' lang='lat' dir='ltr'>dicit,</span> <span class='ocrx_word' id='word_1_661' title='bbox 222 4653 296 4725; x_wconf 89' lang='lat' dir='ltr'>quia,</span> <span class='ocrx_word' id='word_1_662' title='bbox 309 4653 360 4709; x_wconf 87' lang='lat' dir='ltr'>etsi</span> <span class='ocrx_word' id='word_1_663' title='bbox 379 4654 501 4710; x_wconf 81' lang='lat' dir='ltr'>delicatae</span> <span class='ocrx_word' id='word_1_664' title='bbox 516 4663 543 4709; x_wconf 94' lang='lat' dir='ltr'>et</span> <span class='ocrx_word' id='word_1_665' title='bbox 557 4653 662 4720; x_wconf 83' lang='lat' dir='ltr'>molles,</span> <span class='ocrx_word' id='word_1_666' title='bbox 678 4664 705 4710; x_wconf 88' lang='lat' dir='ltr'>et</span> <span class='ocrx_word' id='word_1_667' title='bbox 718 4655 795 4725; x_wconf 86' lang='lat' dir='ltr'>qnasi</span> <span class='ocrx_word' id='word_1_668' title='bbox 807 4653 931 4710; x_wconf 77' lang='lat' dir='ltr'>femineis</span> <span class='ocrx_word' id='word_1_669' title='bbox 984 4651 1096 4707; x_wconf 92' lang='lat' dir='ltr'>mitione</span> <span class='ocrx_word' id='word_1_670' title='bbox 1114 4663 1296 4721; x_wconf 75' lang='lat' dir='ltr'>sponsaeque</span> <span class='ocrx_word' id='word_1_671' title='bbox 1311 4649 1362 4705; x_wconf 89' lang='lat' dir='ltr'>hoc</span> <span class='ocrx_word' id='word_1_672' title='bbox 1384 4648 1446 4705; x_wconf 92' lang='lat' dir='ltr'>loco</span> <span class='ocrx_word' id='word_1_673' title='bbox 1469 4657 1646 4720; x_wconf 88' lang='lat' dir='ltr'>memoratur,</span> <span class='ocrx_word' id='word_1_674' title='bbox 1676 4653 1779 4711; x_wconf 90' lang='lat' dir='ltr'>sentire</span> 
     </span>
    </p>

    <p class='ocr_par' dir='ltr' id='par_1_11' title="bbox 69 4730 1781 4997">
     <span class='ocr_line' id='line_1_74' title="bbox 69 4730 1780 4814; baseline 0 -14"><span class='ocrx_word' id='word_1_675' title='bbox 69 4730 71 4737; x_wconf 70' lang='grc'><strong>’</strong></span> <span class='ocrx_word' id='word_1_676' title='bbox 136 4740 383 4800; x_wconf 87' lang='lat' dir='ltr'>adhncalfectibus</span> <span class='ocrx_word' id='word_1_677' title='bbox 399 4752 426 4798; x_wconf 91' lang='lat' dir='ltr'>et</span> <span class='ocrx_word' id='word_1_678' title='bbox 448 4741 556 4798; x_wconf 89' lang='lat' dir='ltr'>ectihns</span> <span class='ocrx_word' id='word_1_679' title='bbox 575 4741 698 4809; x_wconf 85' lang='lat' dir='ltr'>inlinnte,</span> <span class='ocrx_word' id='word_1_680' title='bbox 714 4756 823 4814; x_wconf 78' lang='lat' dir='ltr'>sponse</span> <span class='ocrx_word' id='word_1_681' title='bbox 842 4753 932 4798; x_wconf 74' lang='lat' dir='ltr'>umen</span> <span class='ocrx_word' id='word_1_682' title='bbox 986 4739 1081 4812; x_wconf 90' lang='lat' dir='ltr'>possit.</span> <span class='ocrx_word' id='word_1_683' title='bbox 1092 4739 1162 4794; x_wconf 89' lang='lat' dir='ltr'>Nam</span> <span class='ocrx_word' id='word_1_684' title='bbox 1174 4754 1208 4794; x_wconf 89' lang='lat' dir='ltr'>ne</span> <span class='ocrx_word' id='word_1_685' title='bbox 1221 4737 1287 4793; x_wconf 93' lang='lat' dir='ltr'>illud</span> <span class='ocrx_word' id='word_1_686' title='bbox 1301 4737 1411 4810; x_wconf 89' lang='lat' dir='ltr'>quidem</span> <span class='ocrx_word' id='word_1_687' title='bbox 1426 4738 1513 4794; x_wconf 89' lang='lat' dir='ltr'>simile</span> <span class='ocrx_word' id='word_1_688' title='bbox 1527 4748 1568 4795; x_wconf 90' lang='lat' dir='ltr'>est</span> <span class='ocrx_word' id='word_1_689' title='bbox 1577 4739 1650 4810; x_wconf 88' lang='lat' dir='ltr'>huic,</span> <span class='ocrx_word' id='word_1_690' title='bbox 1662 4743 1735 4814; x_wconf 92' lang='lat' dir='ltr'>qnod</span> <span class='ocrx_word' id='word_1_691' title='bbox 1745 4743 1780 4800; x_wconf 89' lang='lat' dir='ltr'>de</span> 
     </span>
     <span class='ocr_line' id='line_1_75' title="bbox 69 4826 1780 4906; baseline 0 -17"><span class='ocrx_word' id='word_1_692' title='bbox 69 4832 78 4870; x_wconf 80' lang='lat'>&#39;-</span> <span class='ocrx_word' id='word_1_693' title='bbox 137 4836 270 4891; x_wconf 76' lang='lat' dir='ltr'>inherent</span> <span class='ocrx_word' id='word_1_694' title='bbox 285 4849 334 4906; x_wconf 88' lang='lat' dir='ltr'>spe</span> <span class='ocrx_word' id='word_1_695' title='bbox 349 4831 507 4905; x_wconf 85' lang='lat' dir='ltr'>proficiendi</span> <span class='ocrx_word' id='word_1_696' title='bbox 521 4839 548 4887; x_wconf 91' lang='lat' dir='ltr'>et</span> <span class='ocrx_word' id='word_1_697' title='bbox 561 4831 751 4903; x_wconf 84' lang='lat' dir='ltr'>proficiscendi</span> <span class='ocrx_word' id='word_1_698' title='bbox 762 4829 929 4888; x_wconf 82' lang='lat' dir='ltr'>tenuatam:</span> <span class='ocrx_word' id='word_1_699' title='bbox 986 4830 1090 4885; x_wconf 89' lang='lat' dir='ltr'>Lazaro</span> <span class='ocrx_word' id='word_1_700' title='bbox 1105 4828 1143 4884; x_wconf 90' lang='lat' dir='ltr'>eit</span> <span class='ocrx_word' id='word_1_701' title='bbox 1156 4827 1184 4883; x_wconf 92' lang='lat' dir='ltr'>in</span> <span class='ocrx_word' id='word_1_702' title='bbox 1197 4828 1346 4901; x_wconf 85' lang='lat' dir='ltr'>Evangelio</span> <span class='ocrx_word' id='word_1_703' title='bbox 1362 4826 1516 4885; x_wconf 85' lang='lat' dir='ltr'>Dominus:</span> <span class='ocrx_word' id='word_1_704' title='bbox 1534 4829 1656 4887; x_wconf 77' lang='lat' dir='ltr'>deseres</span> <span class='ocrx_word' id='word_1_705' title='bbox 1669 4833 1780 4890; x_wconf 73' lang='lat' dir='ltr'>emicem</span> 
     </span>
     <span class='ocr_line' id='line_1_76' title="bbox 137 4918 1781 4997; baseline 0.001 -19"><span class='ocrx_word' id='word_1_706' title='bbox 137 4924 316 4997; x_wconf 88' lang='lat' dir='ltr'>prohihentur</span> <span class='ocrx_word' id='word_1_707' title='bbox 330 4939 397 4994; x_wconf 89' lang='lat' dir='ltr'>ergo</span> <span class='ocrx_word' id='word_1_708' title='bbox 406 4922 440 4976; x_wconf 87' lang='lat' dir='ltr'>ab</span> <span class='ocrx_word' id='word_1_709' title='bbox 454 4921 624 4977; x_wconf 87' lang='lat' dir='ltr'>infestatione</span> <span class='ocrx_word' id='word_1_710' title='bbox 639 4934 748 4992; x_wconf 79' lang='lat' dir='ltr'>sponse</span> <span class='ocrx_word' id='word_1_711' title='bbox 761 4918 932 4986; x_wconf 86' lang='lat' dir='ltr'>dormientis,</span> <span class='ocrx_word' id='word_1_712' title='bbox 987 4924 1083 4979; x_wconf 81' lang='lat' dir='ltr'>nester</span> <span class='ocrx_word' id='word_1_713' title='bbox 1097 4918 1212 4986; x_wconf 82' lang='lat' dir='ltr'>dormit,</span> <span class='ocrx_word' id='word_1_714' title='bbox 1229 4934 1328 4976; x_wconf 83' lang='lat' dir='ltr'>cemes</span> <span class='ocrx_word' id='word_1_715' title='bbox 1343 4920 1372 4975; x_wconf 85' lang='lat' dir='ltr'>ef</span> <span class='ocrx_word' id='word_1_716' title='bbox 1386 4934 1404 4973; x_wconf 92' lang='lat' dir='ltr'>e</span> <span class='ocrx_word' id='word_1_717' title='bbox 1418 4933 1516 4977; x_wconf 82' lang='lat' dir='ltr'>somne</span> <span class='ocrx_word' id='word_1_718' title='bbox 1535 4919 1692 4979; x_wconf 73' lang='lat' dir='ltr'>excitemus</span> <span class='ocrx_word' id='word_1_719' title='bbox 1715 4937 1781 4980; x_wconf 83' lang='lat' dir='ltr'>cum</span> 
     </span>
    </p>
   </div>
   <div class='ocr_carea' id='block_1_11' title="bbox 424 3864 622 3924">
    <p class='ocr_par' dir='ltr' id='par_1_12' title="bbox 424 3864 622 3924">
     <span class='ocr_line' id='line_1_77' title="bbox 424 3864 622 3924; baseline -0.02 0"><span class='ocrx_word' id='word_1_720' title='bbox 424 3864 541 3924; x_wconf 79' lang='lat' dir='ltr'>sttutto</span> <span class='ocrx_word' id='word_1_721' title='bbox 567 3867 622 3922; x_wconf 82' lang='lat' dir='ltr'>tlt.</span> 
     </span>
    </p>
   </div>
   <div class='ocr_carea' id='block_1_12' title="bbox 69 5006 1860 5532">
    <p class='ocr_par' dir='ltr' id='par_1_13' title="bbox 69 5006 1860 5532">
     <span class='ocr_line' id='line_1_78' title="bbox 139 5006 1781 5084; baseline 0 -17"><span class='ocrx_word' id='word_1_722' title='bbox 139 5029 173 5068; x_wconf 90' lang='lat' dir='ltr'>ne</span> <span class='ocrx_word' id='word_1_723' title='bbox 193 5012 295 5068; x_wconf 89' lang='lat' dir='ltr'>scilicet</span> <span class='ocrx_word' id='word_1_724' title='bbox 313 5017 414 5084; x_wconf 73' lang='lat' dir='ltr'>praeter</span> <span class='ocrx_word' id='word_1_725' title='bbox 434 5010 595 5067; x_wconf 83' lang='lat' dir='ltr'>voluntatem</span> <span class='ocrx_word' id='word_1_726' title='bbox 614 5009 702 5083; x_wconf 90' lang='lat' dir='ltr'>ipsius</span> <span class='ocrx_word' id='word_1_727' title='bbox 723 5009 860 5065; x_wconf 88' lang='lat' dir='ltr'>ullatenus</span> <span class='ocrx_word' id='word_1_728' title='bbox 872 5022 933 5065; x_wconf 83' lang='lat' dir='ltr'>eum</span> <span class='ocrx_word' id='word_1_729' title='bbox 987 5012 1080 5082; x_wconf 79' lang='lat' dir='ltr'>(locu.</span> <span class='ocrx_word' id='word_1_730' title='bbox 1097 5025 1139 5080; x_wconf 82' lang='grc' dir='ltr'>ιι,</span> <span class='ocrx_word' id='word_1_731' title='bbox 1155 5010 1212 5080; x_wconf 82' lang='grc' dir='ltr'>ιι),</span> <span class='ocrx_word' id='word_1_732' title='bbox 1226 5009 1283 5066; x_wconf 82' lang='grc' dir='ltr'>Ηοο</span> <span class='ocrx_word' id='word_1_733' title='bbox 1295 5007 1367 5063; x_wconf 88' lang='lat' dir='ltr'>enirn</span> <span class='ocrx_word' id='word_1_734' title='bbox 1380 5006 1489 5061; x_wconf 86' lang='lat' dir='ltr'>dicebat</span> <span class='ocrx_word' id='word_1_735' title='bbox 1503 5006 1538 5062; x_wconf 88' lang='lat' dir='ltr'>de</span> <span class='ocrx_word' id='word_1_736' title='bbox 1553 5017 1640 5064; x_wconf 90' lang='lat' dir='ltr'>morte</span> <span class='ocrx_word' id='word_1_737' title='bbox 1655 5011 1781 5082; x_wconf 85' lang='lat' dir='ltr'>corporis</span> 
     </span>
     <span class='ocr_line' id='line_1_79' title="bbox 139 5094 1782 5174; baseline -0.001 -16"><span class='ocrx_word' id='word_1_738' title='bbox 139 5102 256 5158; x_wconf 80' lang='lat' dir='ltr'>excitare</span> <span class='ocrx_word' id='word_1_739' title='bbox 285 5113 457 5172; x_wconf 71' lang='lat' dir='ltr'>praesumant.</span> <span class='ocrx_word' id='word_1_740' title='bbox 486 5101 632 5174; x_wconf 86' lang='lat' dir='ltr'>Propterea</span> <span class='ocrx_word' id='word_1_741' title='bbox 657 5099 730 5156; x_wconf 89' lang='lat' dir='ltr'>enim</span> <span class='ocrx_word' id='word_1_742' title='bbox 761 5098 935 5156; x_wconf 88' lang='lat' dir='ltr'>dulcissimus</span> <span class='ocrx_word' id='word_1_743' title='bbox 987 5102 1048 5171; x_wconf 84' lang='lat' dir='ltr'>ejus</span> <span class='ocrx_word' id='word_1_744' title='bbox 1065 5116 1127 5157; x_wconf 91' lang='lat' dir='ltr'>cnm</span> <span class='ocrx_word' id='word_1_745' title='bbox 1141 5096 1267 5169; x_wconf 89' lang='lat' dir='ltr'>discipuli</span> <span class='ocrx_word' id='word_1_746' title='bbox 1280 5097 1314 5153; x_wconf 91' lang='lat' dir='ltr'>de</span> <span class='ocrx_word' id='word_1_747' title='bbox 1330 5094 1493 5152; x_wconf 89' lang='lat' dir='ltr'>dormitione</span> <span class='ocrx_word' id='word_1_748' title='bbox 1508 5096 1596 5151; x_wconf 91' lang='lat' dir='ltr'>somni</span> <span class='ocrx_word' id='word_1_749' title='bbox 1610 5096 1711 5155; x_wconf 91' lang='lat' dir='ltr'>dictum</span> <span class='ocrx_word' id='word_1_750' title='bbox 1725 5117 1782 5173; x_wconf 93' lang='lat' dir='ltr'>pn-</span> 
     </span>
     <span class='ocr_line' id='line_1_80' title="bbox 69 5183 1783 5264; baseline 0 -19"><span class='ocrx_word' id='word_1_751' title='bbox 69 5183 70 5187; x_wconf 69' lang='grc'>’</span> <span class='ocrx_word' id='word_1_752' title='bbox 139 5205 257 5262; x_wconf 89' lang='lat' dir='ltr'>sponsus</span> <span class='ocrx_word' id='word_1_753' title='bbox 270 5190 365 5247; x_wconf 80' lang='lat' dir='ltr'>lteram</span> <span class='ocrx_word' id='word_1_754' title='bbox 388 5206 465 5246; x_wconf 86' lang='lat' dir='ltr'>suam</span> <span class='ocrx_word' id='word_1_755' title='bbox 488 5191 568 5262; x_wconf 87' lang='lat' dir='ltr'>capiti</span> <span class='ocrx_word' id='word_1_756' title='bbox 586 5191 648 5261; x_wconf 88' lang='lat' dir='ltr'>ejus</span> <span class='ocrx_word' id='word_1_757' title='bbox 668 5189 822 5261; x_wconf 86' lang='lat' dir='ltr'>supposuit,</span> <span class='ocrx_word' id='word_1_758' title='bbox 836 5203 935 5244; x_wconf 86' lang='lat' dir='ltr'>accun-</span> <span class='ocrx_word' id='word_1_759' title='bbox 988 5189 1152 5246; x_wconf 83' lang='lat' dir='ltr'>tarentNon</span> <span class='ocrx_word' id='word_1_760' title='bbox 1162 5194 1252 5243; x_wconf 89' lang='lat' dir='ltr'>antem</span> <span class='ocrx_word' id='word_1_761' title='bbox 1263 5185 1291 5241; x_wconf 90' lang='lat' dir='ltr'>in</span> <span class='ocrx_word' id='word_1_762' title='bbox 1301 5199 1409 5259; x_wconf 82' lang='lat' dir='ltr'>sponsae</span> <span class='ocrx_word' id='word_1_763' title='bbox 1423 5199 1536 5264; x_wconf 87' lang='lat' dir='ltr'>somnus</span> <span class='ocrx_word' id='word_1_764' title='bbox 1546 5185 1672 5244; x_wconf 91' lang='lat' dir='ltr'>dormitio</span> <span class='ocrx_word' id='word_1_765' title='bbox 1686 5202 1783 5262; x_wconf 91' lang='lat' dir='ltr'>corpo·</span> 
     </span>
     <span class='ocr_line' id='line_1_81' title="bbox 140 5273 1783 5352; baseline 0.001 -17"><span class='ocrx_word' id='word_1_766' title='bbox 140 5281 205 5336; x_wconf 90' lang='lat' dir='ltr'>dnm</span> <span class='ocrx_word' id='word_1_767' title='bbox 229 5295 261 5337; x_wconf 89' lang='lat' dir='ltr'>ea</span> <span class='ocrx_word' id='word_1_768' title='bbox 275 5294 335 5351; x_wconf 83' lang='lat' dir='ltr'>quae</span> <span class='ocrx_word' id='word_1_769' title='bbox 355 5279 494 5352; x_wconf 83' lang='lat' dir='ltr'>praemissa</span> <span class='ocrx_word' id='word_1_770' title='bbox 512 5287 585 5345; x_wconf 89' lang='lat' dir='ltr'>sunt,</span> <span class='ocrx_word' id='word_1_771' title='bbox 600 5286 733 5351; x_wconf 81' lang='lat' dir='ltr'>quatenns</span> <span class='ocrx_word' id='word_1_772' title='bbox 759 5277 788 5333; x_wconf 93' lang='lat' dir='ltr'>iu</span> <span class='ocrx_word' id='word_1_773' title='bbox 810 5277 872 5333; x_wconf 91' lang='lat' dir='ltr'>sinu</span> <span class='ocrx_word' id='word_1_774' title='bbox 886 5293 936 5336; x_wconf 84' lang='lat' dir='ltr'>ano</span> <span class='ocrx_word' id='word_1_775' title='bbox 990 5280 1037 5346; x_wconf 90' lang='lat' dir='ltr'>ris,</span> <span class='ocrx_word' id='word_1_776' title='bbox 1052 5278 1097 5336; x_wconf 80' lang='lat' dir='ltr'>vel</span> <span class='ocrx_word' id='word_1_777' title='bbox 1111 5276 1228 5350; x_wconf 86' lang='lat' dir='ltr'>placida,</span> <span class='ocrx_word' id='word_1_778' title='bbox 1243 5291 1305 5348; x_wconf 78' lang='lat' dir='ltr'>qum</span> <span class='ocrx_word' id='word_1_779' title='bbox 1319 5290 1416 5331; x_wconf 86' lang='lat' dir='ltr'>sensus</span> <span class='ocrx_word' id='word_1_780' title='bbox 1426 5273 1516 5331; x_wconf 77' lang='lat' dir='ltr'>menis</span> <span class='ocrx_word' id='word_1_781' title='bbox 1529 5275 1649 5333; x_wconf 83' lang='lat' dir='ltr'>suaviter</span> <span class='ocrx_word' id='word_1_782' title='bbox 1662 5277 1733 5352; x_wconf 86' lang='lat' dir='ltr'>sopit</span> <span class='ocrx_word' id='word_1_783' title='bbox 1747 5278 1783 5336; x_wconf 88' lang='lat' dir='ltr'>ad</span> 
     </span>
     <span class='ocr_line' id='line_1_82' title="bbox 140 5363 1784 5441; baseline 0 -16"><span class='ocrx_word' id='word_1_784' title='bbox 140 5386 201 5425; x_wconf 87' lang='lat' dir='ltr'>cam</span> <span class='ocrx_word' id='word_1_785' title='bbox 223 5368 362 5440; x_wconf 85' lang='lat' dir='ltr'>quiescere</span> <span class='ocrx_word' id='word_1_786' title='bbox 385 5369 487 5426; x_wconf 90' lang='lat' dir='ltr'>laceret</span> <span class='ocrx_word' id='word_1_787' title='bbox 507 5377 534 5425; x_wconf 89' lang='lat' dir='ltr'>et</span> <span class='ocrx_word' id='word_1_788' title='bbox 559 5368 690 5425; x_wconf 89' lang='lat' dir='ltr'>dormire.</span> <span class='ocrx_word' id='word_1_789' title='bbox 714 5368 748 5425; x_wconf 85' lang='lat' dir='ltr'>lft</span> <span class='ocrx_word' id='word_1_790' title='bbox 768 5383 840 5426; x_wconf 90' lang='lat' dir='ltr'>nnnc</span> <span class='ocrx_word' id='word_1_791' title='bbox 866 5366 937 5426; x_wconf 86' lang='lat' dir='ltr'>sicut</span> <span class='ocrx_word' id='word_1_792' title='bbox 991 5378 1107 5441; x_wconf 88' lang='lat' dir='ltr'>tempus,</span> <span class='ocrx_word' id='word_1_793' title='bbox 1119 5365 1290 5435; x_wconf 85' lang='lat' dir='ltr'>velhorrida,</span> <span class='ocrx_word' id='word_1_794' title='bbox 1304 5363 1497 5436; x_wconf 80' lang='lat' dir='ltr'>quelnnditns</span> <span class='ocrx_word' id='word_1_795' title='bbox 1511 5365 1593 5423; x_wconf 87' lang='lat' dir='ltr'>ritem</span> <span class='ocrx_word' id='word_1_796' title='bbox 1608 5365 1705 5425; x_wconf 89' lang='lat' dir='ltr'>tollere</span> <span class='ocrx_word' id='word_1_797' title='bbox 1717 5382 1784 5427; x_wconf 90' lang='lat' dir='ltr'>eon·</span> 
     </span>
     <span class='ocr_line' id='line_1_83' title="bbox 142 5451 1860 5532; baseline 0.001 -16"><span class='ocrx_word' id='word_1_798' title='bbox 142 5457 258 5516; x_wconf 86' lang='lat' dir='ltr'>subinde</span> <span class='ocrx_word' id='word_1_799' title='bbox 286 5457 427 5530; x_wconf 87' lang='lat' dir='ltr'>Scriptura</span> <span class='ocrx_word' id='word_1_800' title='bbox 450 5458 634 5530; x_wconf 84' lang='lat' dir='ltr'>prosequitur,</span> <span class='ocrx_word' id='word_1_801' title='bbox 661 5457 721 5532; x_wconf 88' lang='lat' dir='ltr'>ipse</span> <span class='ocrx_word' id='word_1_802' title='bbox 748 5467 840 5516; x_wconf 86' lang='lat' dir='ltr'>custos</span> <span class='ocrx_word' id='word_1_803' title='bbox 866 5455 938 5516; x_wconf 83' lang='lat' dir='ltr'>illius</span> <span class='ocrx_word' id='word_1_804' title='bbox 967 5460 1092 5516; x_wconf 65' lang='lat' dir='ltr'>suerit.</span> <span class='ocrx_word' id='word_1_805' title='bbox 1106 5457 1193 5516; x_wconf 88' lang='lat' dir='ltr'>tlulte</span> <span class='ocrx_word' id='word_1_806' title='bbox 1215 5454 1305 5530; x_wconf 80' lang='lat' dir='ltr'>magis</span> <span class='ocrx_word' id='word_1_807' title='bbox 1318 5469 1384 5513; x_wconf 85' lang='lat' dir='ltr'>vero</span> <span class='ocrx_word' id='word_1_808' title='bbox 1406 5460 1434 5510; x_wconf 90' lang='lat' dir='ltr'>et</span> <span class='ocrx_word' id='word_1_809' title='bbox 1461 5451 1553 5511; x_wconf 84' lang='lat' dir='ltr'>thille</span> <span class='ocrx_word' id='word_1_810' title='bbox 1572 5453 1678 5516; x_wconf 78' lang='lat' dir='ltr'>alienus</span> <span class='ocrx_word' id='word_1_811' title='bbox 1691 5456 1784 5519; x_wconf 84' lang='lat' dir='ltr'>existit</span> <span class='ocrx_word' id='word_1_812' title='bbox 1849 5453 1860 5466; x_wconf 75' lang='lat'>‘</span> 
     </span>
    </p>
   </div>
   <div class='ocr_carea' id='block_1_13' title="bbox 0 0 1913 5948">
    <p class='ocr_par' dir='ltr' id='par_1_14' title="bbox 0 0 1913 5948">
     <span class='ocr_line' id='line_1_84' title="bbox 0 0 1913 5948; baseline 0 0"><span class='ocrx_word' id='word_1_813' title='bbox 0 0 1913 5948; x_wconf 95' lang='lat' dir='ltr'> </span> 
     </span>
    </p>
   </div>
  </div>
 </body>
</html>
