3734 5948
607 222 779 286 sanantes
799 223 829 282 tl
850 224 998 284 cantion.

1581 224 1631 284 97⁴

83 371 90 409 t
111 367 173 426 qua
193 350 263 407 torte
286 352 481 421 supercreverit
496 352 609 408 scientia
624 351 732 407 minime
745 350 784 406 in·
800 369 824 449 .
841 350 863 404 si
878 350 977 423 dignus
995 351 1029 406 sit
1053 366 1144 406 amore
1159 351 1200 406 vel
1215 349 1278 406 odio
1292 350 1392 421 (Erote.
1409 366 1449 419 ts,
1471 351 1517 420 l),
1534 352 1634 421 justius

83 448 151 516 :pote
173 455 235 513 quae
249 439 315 494 nibil
327 438 427 495 allerre
443 440 531 497 valeat
545 440 645 496 terreni
663 454 784 495 commo·
841 439 977 510 tutiusque
994 440 1124 510 prolecto,
1136 441 1213 509 juna
1233 438 1319 508 ipsius
1334 439 1461 494 Veritatis
1480 440 1633 506 consilium,

93 529 216 599 honoris,
231 528 302 601 quod
319 543 373 584 non
389 528 424 585 sit
446 544 512 585 saue
526 527 640 586 interius
658 545 705 600 spe
718 543 784 584 con-

94 617 241 689 letitiaque
261 616 318 689 spei
336 617 392 687 jam
408 616 488 673 altius
502 617 620 673 radicata
640 617 666 672 in
684 619 785 672 animo.

83 711 222 766 cremnon
233 702 403 775 consonuit:
414 707 480 777 qnia
488 706 617 762 charitas
626 705 788 777 Dcidt'fsaso

94 796 224 854 cordibus
239 795 346 850 nostris
360 795 567 866 perspiritum
582 800 725 864 sanctam,
738 793 789 866 qui

84 889 127 945 'ast
140 885 221 943 nobis
235 884 326 956 (Rom.
341 900 367 951 v,
384 882 421 954 5).
436 884 499 940 ldeo
513 884 558 939 illa
570 900 624 940 nnn
637 883 787 945 contundit,

83 980 120 1030 na
140 970 256 1027 tutundit
279 970 479 1026 certitudinem.
499 973 548 1028 l'er
560 972 630 1026 hanc
644 969 714 1026 enim
730 971 790 1040 ipse

83 1076 116 1118 aa
127 1056 456 1131 testimoniamperbt'bet
470 1061 587 1132 spiritui
601 1063 708 1126 nostro,
721 1057 792 1132 qaod

83 1150 124 1209 oar·
150 1164 249 1206 snmus
272 1149 360 1218 (liora
382 1164 442 1215 ιιιι,
473 1152 529 1220 to).
557 1149 693 1220 Quidnam
712 1147 793 1222 igitur

95 1236 131 1294 da
158 1245 250 1292 nostra
273 1245 484 1310 quantacunque
512 1238 626 1295 scientia
647 1235 793 1310 provenire

92 1325 168 1400 quod
181 1341 234 1379 urin
250 1325 283 1380 sit
297 1328 385 1382 minus
401 1327 451 1382 hac
472 1326 569 1398 gloria,
591 1342 644 1398 qna
659 1326 730 1381 inter
743 1323 793 1392 Der

83 1415 272 1471 numeramur?
287 1414 383 1471 Parum
399 1414 454 1471 dixi
470 1432 478 1469 ι
497 1432 549 1473 uec
571 1415 671 1484 respici
695 1416 723 1469 in
736 1415 795 1482 ejus

83 1502 192 1559 tratione
212 1507 301 1574 potest
328 1503 403 1560 orbis
427 1503 486 1575 ipse
511 1516 538 1559 et
565 1503 704 1575 plenitudo
726 1504 793 1574 ejus,

83 1588 97 1644 ti
121 1597 194 1646 totus
217 1591 293 1648 cadat
307 1590 441 1647 unicuivis
455 1597 578 1648 nostrum
594 1592 623 1647 iu
639 1590 793 1662 possessio·

83 1676 223 1743 aaaron,
238 1678 261 1734 si
272 1695 322 1733 nos
335 1679 486 1752 ignorantia
495 1680 543 1737 Dei
561 1689 642 1751 tenet,
658 1679 793 1752 quomodo

83 1781 135 1822 uus
154 1766 181 1820 in
195 1781 256 1821 eum
278 1783 360 1837 quem
374 1767 552 1839 ignoramus?
566 1767 590 1824 si
611 1767 709 1838 nostri,
723 1781 794 1840 quo-

99 1854 215 1911 humiles
233 1855 344 1925 erimus,
370 1863 494 1928 putantes
516 1871 567 1913 nos
592 1856 696 1930 aliquid
720 1871 792 1921 mse,

83 1940 140 1999 iiltil
168 1943 272 1999 simusi
287 1942 393 2000 Scimus
407 1954 497 2000 autem
511 1960 563 2003 nec
585 1943 719 2016 superbis,
744 1959 795 2001 uec

83 2031 144 2088 ratis
174 2041 278 2103 partem
311 2047 372 2088 esse
404 2033 447 2091 vel
480 2036 635 2092 societatem
663 2034 692 2089 in
721 2041 795 2091 sorte

83 2136 160 2178 trum.

91 2205 198 2264 latuere
224 2224 291 2283 ergo
318 2225 391 2266 nnnc
418 2225 535 2276 mecum,
554 2219 652 2285 quanta
677 2227 741 2270 cura
770 2221 796 2270 et

85 2293 177 2352 tudine
196 2299 287 2353 ambas
311 2298 377 2354 istas
396 2299 529 2369 repellere
544 2317 558 2354 a
573 2299 653 2356 nobis
668 2301 796 2374 ignoran-

83 2382 217 2454 ebeamus,
240 2401 356 2458 quarum
370 2386 459 2442 omnis
478 2387 580 2458 peccati
595 2388 676 2443 altera
691 2388 797 2445 initium

104 2472 187 2527 altera
211 2473 472 2531 consummationem
499 2493 505 2533 :
536 2475 604 2533 sicut
630 2478 743 2535 duarum
770 2486 798 2533 et

83 2576 109 2618 te
136 2561 290 2617 notitiarum
320 2562 425 2619 initium
449 2564 587 2636 sapientiae
615 2582 678 2632 una,
708 2565 798 2637 perle-

83 2663 117 2704 tm
144 2646 226 2704 altera
248 2648 350 2722 giguit;
379 2651 427 2706 illa
447 2651 570 2709 timorem
597 2652 715 2720 Domini,
745 2653 796 2710 ista

83 2746 163 2794 amm.
180 2736 216 2791 At
230 2737 303 2794 istud
324 2738 358 2795 de
369 2740 470 2797 notitiis
485 2757 566 2813 supra
584 2755 726 2799 ostensam
740 2754 795 2800 est.

100 2824 134 2881 de
161 2826 320 2896 ignorantiis
347 2827 417 2886 vide,
447 2829 564 2900 Etenim,
601 2830 671 2888 sicut
694 2830 797 2887 initium

840 523 1014 580 novissimum
1038 526 1116 579 nobis
1132 526 1218 580 locum
1233 523 1371 592 eligimus,
1384 521 1420 577 de
1442 539 1497 595 quo
1512 532 1635 595 postma-

841 612 905 666 dum
924 627 986 669 cnm
1001 613 1103 668 bonne
1118 612 1243 683 superius
1266 610 1422 679 educamur,
1438 627 1519 682 quam
1533 626 1638 683 praesu·

842 699 942 755 mimus
964 702 1097 766 altiorem,
1120 701 1192 756 unde
1215 699 1311 756 cedere
1335 714 1395 754 rnox
1421 707 1546 769 oporteat
1576 715 1636 757 cum

843 789 940 844 rubore
953 787 1032 860 (Lao.
1048 803 1108 858 xrv,
1124 792 1168 854 to,
1185 787 1225 859 9).

879 878 907 931 7.
924 877 985 932 Non
1008 886 1050 932 est
1073 893 1140 951 ergo
1168 876 1328 946 periculum,
1351 885 1588 948 quantumcunque
1612 885 1639 934 te

844 965 979 1038 humilies,
990 976 1227 1037 quantumcunque
1237 973 1344 1033 reputes
1354 964 1488 1021 minorem
1500 980 1581 1036 quarn
1590 965 1638 1030 sis,

846 1058 897 1112 hoc
912 1063 962 1120 est,
977 1071 1058 1127 quam
1077 1066 1102 1111 te
1126 1055 1222 1111 veritas
1246 1055 1353 1109 habeat.
1369 1055 1418 1109 llst
1433 1061 1522 1110 autem
1536 1053 1639 1126 grande

847 1144 958 1212 malum,
982 1143 1199 1214 horrendumque
1225 1141 1387 1214 periculum,
1411 1141 1434 1197 si
1463 1140 1508 1197 vel
1535 1141 1641 1199 modice

848 1231 910 1302 plus
923 1247 988 1289 vcro
1003 1239 1029 1286 tc
1041 1233 1165 1297 extollas,
1177 1231 1199 1284 si
1215 1232 1253 1286 nel
1269 1230 1314 1285 uui
1329 1230 1451 1286 videlicet
1466 1232 1492 1285 in
1510 1238 1553 1286 tua
1567 1228 1641 1300 cogi-

850 1322 948 1377 tatione
973 1330 998 1375 te
1022 1318 1243 1391 presterasqnam
1267 1318 1335 1374 lorte
1361 1335 1450 1389 parem
1475 1317 1521 1373 tibi
1541 1317 1643 1374 veritas

847 1417 960 1488 judicat,
976 1423 1021 1471 aut
1036 1415 1116 1471 etiam
1131 1415 1311 1482 superiorem.
1323 1414 1554 1484 Quemadmodum
1570 1414 1643 1471 euim

851 1507 937 1576 siper
957 1504 1056 1560 ostium
1079 1510 1209 1568 transeas,
1230 1504 1308 1572 cuius
1326 1502 1542 1575 superliminare,
1557 1513 1588 1560 ut
1607 1503 1643 1558 ad

851 1593 1057 1666 intelligentiam
1071 1593 1178 1664 loquar,
1199 1592 1313 1647 nimium
1328 1593 1436 1647 bassum
1456 1591 1500 1658 sit,
1516 1607 1569 1646 nou
1591 1605 1644 1647 no·

852 1690 896 1738 cet
918 1691 1154 1754 quantumcunque
1176 1688 1203 1735 te
1231 1679 1418 1747 inclinaveris3
1444 1689 1525 1736 uocet
1543 1687 1644 1747 autern,

847 1772 870 1826 si
881 1771 924 1828 vel
937 1770 1083 1827 transversi
1098 1768 1176 1842 digiti
1191 1768 1279 1841 spatio
1296 1768 1453 1842 plusquam
1468 1768 1531 1824 ostii
1545 1768 1645 1840 patitur

848 1873 982 1921 mensura,
994 1856 1125 1923 erexeris,
1137 1858 1175 1914 ita
1186 1864 1214 1910 ut
1228 1856 1364 1929 impingas
1373 1867 1402 1912 et
1414 1856 1502 1927 capite
1516 1867 1645 1930 qnasmto

848 1945 1001 2015 collidaris;
1017 1945 1057 2001 sic
1072 1945 1099 2000 iu
1114 1944 1203 2000 anina
1217 1956 1323 2000 nonest
1339 1943 1418 2014 plane
1433 1945 1553 2000 timenda
1563 1961 1646 2017 quan-

849 2036 945 2093 talibet
963 2033 1127 2100 humiliatio,
1144 2032 1280 2089 horrenda
1302 2039 1393 2088 autem
1412 2032 1575 2105 nimiumque
1596 2049 1644 2102 pa-

849 2125 985 2182 vendavel
995 2123 1108 2179 minima
1120 2121 1239 2180 1404
1253 2130 1354 2178 temere
1363 2128 1527 2193 praesumpta
1536 2121 1644 2178 erectio.

850 2212 1030 2283 Quamobrem
1055 2211 1109 2268 noli
1134 2218 1170 2282 te,
1192 2213 1283 2280 homa,
1302 2225 1460 2281 consparare
1486 2208 1644 2278 maioribus,

851 2301 907 2358 noli
933 2300 1092 2367 minoribus,
1107 2299 1162 2355 nali
1186 2298 1330 2371 aliquibus,
1346 2297 1402 2354 noli
1424 2297 1480 2356 uni.
1501 2297 1571 2369 Quid
1594 2298 1648 2354 acis

850 2390 932 2455 enitor,
958 2391 1083 2458 obomo,
1111 2390 1134 2444 si
1158 2404 1227 2444 uuus
1251 2388 1307 2453 ille,
1327 2403 1409 2457 quem
1434 2385 1503 2441 lorte
1526 2386 1647 2442 onmium

851 2479 1011 2536 vilissimum
1036 2490 1116 2550 atque
1136 2476 1317 2533 miserrimum
1332 2483 1450 2547 reputas,
1465 2477 1546 2545 oujns
1566 2476 1646 2532 vitam

852 2566 1088 2623 sceleratissimam
1110 2581 1140 2620 ac
1159 2564 1330 2639 singulariter
1349 2563 1526 2620 foedissimam
1541 2565 1646 2632 borres,

850 2664 877 2712 et
895 2664 1038 2729 propterea
1061 2655 1137 2710 illum
1163 2661 1243 2727 putas
1271 2652 1455 2726 spernendum
1483 2668 1539 2709 nou
1565 2654 1648 2708 modo

852 2761 908 2816 prae
917 2744 1007 2816 te,qui
1021 2743 1089 2799 torte
1104 2744 1160 2812 jam
1174 2742 1274 2810 sobrie,
1286 2750 1312 2797 et
1326 2742 1409 2811 Justa,
1420 2751 1447 2796 et
1460 2741 1506 2813 pic
1520 2742 1610 2797 vivere
1625 2751 1650 2799 te

852 2832 976 2898 contidis,
992 2833 1040 2889 sed
1056 2831 1137 2886 etiam
1156 2847 1212 2902 prsu
1237 2831 1343 2885 steteris
1367 2830 1492 2885 ninnibus
1510 2829 1649 2886 sceleratis

83 2913 139 2995 ntiae
157 2914 238 2971 timor
260 2915 368 2972 Domini
386 2917 485 2990 (Ereti.
510 2935 529 2989 r,
553 2921 611 2992 to),
630 2919 669 2976 sic
692 2919 797 2978 initium
817 2923 980 3001 sstauqnaut
1004 2919 1125 2978 omniurn
1146 2918 1404 2975 sceleratissimum:
1433 2918 1496 2989 quid
1520 2918 1584 2983 scis,
1605 2918 1649 2972 in·

83 3019 89 3060 r
107 3003 209 3076 peccati
223 3005 350 3076 superbia
364 3006 461 3079 (necta.
483 3025 510 3075 x,
527 3012 573 3081 15)
594 3027 602 3065 :
619 3018 646 3066 et
658 3009 796 3082 quomodo

83 3089 192 3150 monem
216 3091 268 3147 sibi
290 3093 428 3166 sapientiae
456 3095 576 3153 vindicat
589 3113 666 3154 amor
688 3097 745 3164 Dei,
764 3097 799 3153 ita

83 3179 152 3237 ratio
180 3181 233 3237 sibi
255 3197 365 3240 ornnem
391 3186 500 3242 malitia
526 3189 797 3246 consummationem.

83 3267 285 3326 ramadmodum
309 3287 343 3327 ex
367 3271 462 3330 uotiua
484 3275 524 3330 tui
546 3275 618 3331 venit
636 3275 665 3332 in
679 3287 706 3333 te
721 3275 801 3331 timor

83 3361 158 3431 itque
172 3374 206 3413 ex
228 3358 277 3414 Dei
299 3359 395 3417 notitia
419 3363 466 3418 Dei
482 3362 573 3420 itidem
600 3380 696 3436 amor;
720 3363 760 3419 sic
773 3373 799 3418 et

83 3443 136 3500 ario
166 3445 201 3499 de
228 3446 380 3521 ignorantia
408 3451 445 3504 tui
475 3452 613 3521 superbia,
641 3468 673 3507 ac
695 3455 729 3508 de
751 3451 798 3508 Dei

83 3531 154 3589 antia
176 3534 249 3590 veuit
275 3534 438 3605 desperatio.
464 3538 508 3594 Sic
540 3549 628 3596 autern
648 3543 800 3611 superbiam

89 3620 139 3678 tibi
162 3621 315 3696 ignorantia
331 3621 379 3688 tui,
405 3639 465 3679 cum
491 3625 629 3683 meliorem
653 3645 733 3698 quam
750 3628 798 3697 sis,

83 3717 114 3766 na
136 3718 164 3764 et
183 3709 324 3780 deceptrix
339 3717 385 3765 tua
406 3711 532 3787 cogitatio
548 3722 573 3770 tc
586 3730 646 3771 esse
662 3718 800 3772 mentitur.

85 3796 186 3869 quippe
209 3808 236 3853 et
249 3798 387 3872 superbia,
403 3801 455 3857 boc
468 3801 572 3858 initium
587 3803 675 3859 omnis
688 3805 800 3876 peccati,

851 3026 943 3084 quam,
967 3008 990 3064 si
1013 3009 1109 3065 melior
1131 3014 1158 3061 et
1181 3017 1216 3071 te,
1241 3014 1267 3059 et
1289 3005 1341 3060 illis
1362 3004 1510 3059 mutatione
1535 3004 1649 3060 dexterae

853 3098 960 3158 Excelsi
972 3098 1000 3152 in
1016 3114 1046 3152 sa
1068 3095 1178 3169 quidem
1203 3094 1309 3150 futurus
1331 3092 1376 3159 sit,
1393 3093 1420 3147 in
1435 3094 1493 3149 Deo
1513 3108 1576 3149 vero
1594 3093 1650 3163 jam

854 3189 909 3244 siti
930 3188 964 3245 Et
980 3193 1120 3258 proptrea
1144 3199 1199 3239 non
1216 3184 1388 3248 mediocrem,
1400 3198 1455 3238 nou
1471 3183 1514 3239 vel
1530 3182 1651 3253 penulti-

854 3293 940 3343 mum,
962 3288 1016 3331 uon
1039 3274 1130 3346 ipsum
1155 3273 1252 3328 saltem
1273 3271 1343 3327 inter
1365 3268 1529 3327 novissimos
1551 3269 1652 3343 eligere

854 3367 946 3422 locam
958 3379 1010 3422 aas
1025 3363 1126 3419 voluit:
1140 3362 1186 3417 sed
1198 3362 1338 3429 recumbe,
1351 3359 1446 3432 iuquit,
1457 3362 1489 3416 ta
1502 3360 1652 3417 noobdnto

856 3454 931 3523 loco,·
946 3461 976 3510 ut
997 3454 1072 3509 solus
1085 3451 1212 3507 videlicet
1226 3449 1347 3506 omnium
1369 3449 1533 3505 novissimus
1548 3449 1653 3517 sedeas,

856 3541 1059 3615 renascamini,
1070 3555 1124 3596 non
1135 3541 1195 3596 dico
1213 3554 1365 3609 praeponas,
1377 3539 1425 3595 sed
1436 3552 1486 3593 nec
1499 3551 1654 3608 comparare

857 3646 1013 3701 presumas.
1030 3630 1070 3684 En
1089 3636 1218 3700 quantum
1242 3627 1340 3681 malum
1354 3624 1429 3681 venit
1442 3624 1478 3679 de
1501 3622 1655 3694 ignorantia

856 3718 953 3787 nostri,
977 3717 1070 3785 utique
1092 3723 1230 3785 peccatum
1255 3712 1365 3778 diaboli,
1388 3718 1415 3766 et
1439 3710 1542 3766 initium
1566 3711 1655 3766 omnis

856 3805 972 3878 peceati,
987 3802 1127 3874 superbia.
1141 3803 1209 3873 Quid
1226 3801 1305 3857 etiam
1324 3799 1372 3856 Dei
1387 3798 1519 3870 parturiat
1531 3798 1656 3871 ignoras

83 3885 163 3956 najor
174 3902 204 3943 es
218 3885 246 3941 in
261 3887 316 3944 tuis
329 3889 415 3944 oculis
429 3906 511 3962 quam
525 3893 596 3964 apud
612 3893 706 3963 Deum,
720 3909 801 3964 quam
857 3896 904 3962 tia,
919 3894 987 3950 alian
1009 3892 1169 3950 videbimus.
1184 3891 1252 3946 Nam
1276 3905 1349 3954 nuno
1371 3890 1446 3946 horre
1465 3887 1582 3945 brevitas
1600 3903 1654 3944 nnn

83 3974 166 4032 ritate.
182 3977 216 4031 Et
231 3975 291 4034 ideo
305 3977 351 4048 qui
366 3977 472 4050 primus
489 3979 610 4052 peccavit
629 3981 681 4039 boc
698 3982 801 4055 grande
858 3982 998 4055 permittit,
1014 3980 1140 4054 quoniam
1164 3979 1244 4037 bodie
1266 3979 1340 4034 tarde
1361 3978 1545 4036 convenimus.
1561 3977 1655 4049 ltaque

83 4072 142 4122 tam
152 4064 303 4137 (diabolum
318 4065 439 4138 loquor),
453 4067 487 4123 de
501 4068 561 4139 ipso
574 4067 675 4125 dictum
690 4071 804 4141 estquis
858 4069 975 4128 suificat
996 4083 1219 4142 unumquemque
1233 4067 1325 4135 modo,
1339 4083 1373 4123 ne
1389 4083 1418 4122 se
1433 4065 1523 4139 ipsum
1537 4064 1652 4138 ignoret,

83 4154 229 4214 autenm
239 4157 330 4224 stetit,
342 4156 699 4217 sedmertdoorertabim'tio
709 4159 801 4230 (toan.
820 4157 1025 4275 nadmonitum
1047 4173 1118 4228 esse,
1141 4172 1195 4213 uon
1221 4156 1309 4213 solum
1336 4169 1462 4211 sermone
1484 4159 1588 4218 nosue,
1607 4151 1654 4206 sed

83 4241 146 4316 tt);
158 4244 296 4315 quoniam,
312 4245 382 4319 qnod
393 4246 420 4300 in
435 4263 484 4302 sua
499 4244 548 4303 luit
562 4247 739 4320 cogitatione,
748 4265 803 4304 nun
857 4247 945 4320 ipsius
954 4261 1063 4321 qaoque
1072 4245 1227 4320 dignatione
1237 4244 1332 4317 sponsi
1342 4242 1471 4301 Ecclesia
1480 4243 1547 4298 lesu
1556 4239 1655 4296 Christi

82 4349 90 4387 ι
103 4330 226 4388 veritate.
243 4332 324 4403 Quid,
339 4335 362 4389 si
378 4335 406 4390 in
421 4351 453 4391 eo
465 4335 637 4393 discordaret
650 4353 667 4393 a
680 4338 801 4405 veritate,
859 4337 968 4394 Domini
983 4335 1079 4407 nostri,
1092 4336 1138 4408 qui
1152 4343 1193 4391 ost
1207 4349 1288 4406 super
1302 4332 1393 4390 omnia
1408 4332 1481 4387 Deus
1499 4328 1654 4386 benedictus

83 4432 179 4476 norem
198 4434 228 4475 se
249 4420 460 4495 inferioremque
477 4434 591 4498 pataret,
609 4443 690 4500 quam
705 4429 805 4484 veritas
859 4428 886 4483 in
900 4427 1009 4486 secula
1024 4429 1120 4481 Arnen.

83 4507 298 4565 rettlixouaaret
307 4527 370 4566 eum
379 4527 428 4566 sua
442 4514 632 4584 proculdubio
644 4517 804 4591 ignorantia,
1110 4511 1228 4569 sunno
1247 4509 1404 4566 xxxvnr.

83 4595 158 4652 ,nina
181 4604 349 4669 reputaretur
371 4601 516 4672 superbus,
538 4617 588 4659 nea
602 4610 655 4661 tam
667 4605 803 4662 inuenire-
859 4622 993 4693 -Quagm
1006 4637 1042 4679 ,x
1055 4619 1220 4691 ,ymnum
1233 4617 1284 4672 pei
1296 4616 1427 4671 „ascitur
1445 4613 1610 4687 desperatio,
1625 4616 1655 4666 et

84 4683 203 4758 niquitas
217 4687 277 4756 ejus
290 4687 324 4742 ad
338 4685 439 4753 odium,
456 4704 537 4762 quarn
552 4690 689 4748 humilitas
706 4693 803 4751 tortas·
880 4693 1004 4767 qoalder
1016 4707 1120 4764 sponsa
1133 4690 1247 4745 dicatur
1261 4688 1382 4761 palcina
1401 4686 1479 4742 inter
1491 4684 1635 4741 mulieres.

83 4773 104 4829 ‚d
128 4772 255 4847 gratiam.
278 4773 307 4830 si
327 4774 398 4829 enim
424 4775 453 4830 ia
478 4792 596 4847 quonam
610 4786 681 4835 statu
704 4797 803 4838 unum·
898 4785 922 4835 l.
939 4779 1010 4848 Quid
1025 4778 1112 4850 igitur
1126 4776 1176 4832 Dei
1190 4775 1341 4848 ignorantia
1357 4772 1495 4846 parturiti
1509 4773 1579 4827 Nam
1594 4770 1656 4825 hinc

83 4879 144 4937 tque
164 4870 283 4920 nostrum
306 4862 405 4919 habeat
428 4864 514 4937 Deus,
534 4865 637 4939 liquido
656 4883 805 4943 cognosce·
861 4868 1045 4940 incipiendum
1068 4873 1119 4932 est,
1135 4866 1208 4921 sicut
1230 4861 1409 4922 recordamini
1428 4862 1472 4918 ltio
1493 4860 1552 4916 beri
1571 4858 1655 4915 luisse

83 4975 98 5007 s
109 4971 116 5024 3
128 4968 264 5023 aecsupra
273 4968 408 5019 sane,nec
417 4951 488 5010 intra
495 4956 623 5013 secedere
633 4958 804 5027 deberemus,
861 4957 1046 5016 terminatum.
1063 4955 1134 5025 Quid
1153 4956 1242 5026 itaque
1265 4953 1401 5027 parturit?
1419 4950 1542 5007 Diximus
1555 4949 1654 5021 despe-

83 5043 112 5098 ιιι
122 5042 151 5098 ia
165 5041 291 5097 omuibus
306 5041 509 5113 acquiescentes
519 5043 604 5115 (aba).
616 5046 693 5104 Nunc
706 5058 805 5120 sutem,
862 5050 1004 5119 rationem,
1029 5046 1078 5103 sed
1103 5061 1221 5118 quonam
1244 5043 1335 5112 mado,
1352 5041 1482 5097 dicamus.
1503 5039 1582 5095 Forte
1602 5038 1654 5093 ali-

93 5129 239 5186 ctnsilium
253 5132 304 5185 hoc
321 5129 409 5201 posuit
425 5132 548 5187 tenebras
563 5133 700 5191 latibulum
715 5152 804 5201 suum,
860 5137 922 5211 quis
947 5151 1073 5194 reversus
1089 5135 1117 5189 in
1140 5149 1178 5202 se,
1193 5141 1221 5189 et
1244 5131 1391 5204 displicens
1413 5129 1464 5185 sibi
1487 5128 1514 5183 iu
1533 5126 1657 5185 omnibns

83 5232 141 5275 rrno
160 5218 337 5273 absconditus
351 5228 391 5274 est
414 5218 532 5286 atrabis,
548 5220 584 5275 ita
603 5231 632 5278 ut
646 5239 725 5279 uerno
739 5227 807 5282 scint
863 5225 939 5282 malis
964 5241 1025 5297 quar
1044 5224 1120 5294 iecit,
1137 5221 1315 5295 cogitansque
1340 5218 1508 5288 resipiscere,
1524 5229 1550 5274 et
1571 5214 1658 5271 redire

83 5369 334 5454 >aptungensem
355 5368 621 5443 notionumilitatis,
647 5377 728 5448 cujus
758 5378 828 5435 ratio
843 5380 870 5435 in
899 5380 958 5452 ipsa
984 5378 1096 5436 veritate
1111 5376 1244 5433 consistit.
1267 5374 1367 5431 Conlm
1393 5386 1548 5430 sermonem
1567 5370 1601 5424 20
1625 5366 1659 5423 de

83 5457 140 5499 rats.
