3734 5948
624 216 659 277 {tt
678 213 806 282 octava
825 215 1012 278 diffututa
1031 219 1146 281 suado·

630 371 671 436 ΙΝ
704 368 860 437 octava
887 370 1130 440 El‘lPHthlAE.

770 498 857 558 804
874 499 1003 559 suano.

56 623 96 679 De
110 618 338 686 assumsisset,
355 619 503 689 captatam,
519 623 546 679 cl
570 619 650 678 verbo
664 618 1021 762 mmlffult‘rmmsss
1039 621 1085 677 Sic
1098 620 1177 678 dccet
1192 638 1242 680 nos
1256 621 1377 693 implere
1391 634 1503 679 omnem
1512 621 1672 692 justitiam.
1694 640 1707 674 a

558 728 560 730 ψ
806 707 824 745 a
876 704 938 755 .ιιι,
992 729 998 745 .

95 799 125 850 t.
139 791 242 865 Populo
263 791 341 849 durae
361 793 477 851 cervicis
497 795 622 852 cultellus
643 802 704 852 erat
725 809 865 851 necessa-
879 808 904 888 Α
919 795 1020 851 mirum
1034 796 1056 851 si
1072 797 1191 868 Baptista
1212 796 1395 853 contremuit?
1413 795 1481 867 Quis
1495 794 1539 852 rel
1562 794 1620 867 ipsa
1634 795 1711 868 cogi·

58 884 130 951 rius,
145 890 175 940 at
188 880 304 955 lapideis
316 882 446 939 cordibus
455 884 553 941 merite
568 883 648 941 cultri
663 883 762 956 lapidei
776 882 863 939 debe-
918 885 1020 941 tatione
1043 900 1096 941 non
1120 885 1337 943 contremiscat?
1358 884 1382 942 0
1405 901 1487 957 quam
1510 884 1595 939 altum
1609 884 1661 939 erit
1684 884 1712 938 in

59 973 172 1040 bantur,
200 971 327 1044 qualibus
350 986 366 1026 a
392 972 458 1028 lesu
486 975 561 1028 Nara
589 973 661 1029 facta
689 971 862 1030 circumcisio
915 972 1018 1042 judicio
1033 980 1124 1046 caput,
1148 975 1220 1047 quod
1240 973 1321 1030 modo
1335 974 1375 1029 sic
1398 971 1560 1029 inclinaturl
1577 980 1604 1029 et
1617 978 1713 1029 vertex

59 1066 251 1117 memorantur
265 1061 359 1129 (desae
374 1076 403 1128 v,
433 1063 459 1126 2,
486 1063 524 1131 3).
536 1061 637 1116 Noster
659 1067 750 1117 autam
771 1061 862 1129 Jesus,
917 1061 964 1135 qui
985 1062 1066 1118 modo
1086 1070 1141 1118 tam
1165 1061 1274 1117 taralis
1297 1062 1413 1130 videtur,
1436 1076 1518 1133 quam
1539 1060 1663 1116 sublimis
1686 1066 1715 1118 et

59 1157 193 1221 tanquam
219 1163 310 1221 agnus
333 1156 505 1217 mansuetus,
535 1165 647 1205 omnem
674 1147 862 1204 austeritatem
917 1157 946 1204 et
964 1151 1089 1207 excelsus
1103 1158 1168 1208 tunc
1182 1148 1339 1222 apparebit!
1356 1149 1539 1221 Sinainquit,
1554 1152 1635 1206 modo
1649 1167 1659 1205 .·
1673 1149 1714 1204 ric

59 1235 182 1292 abstulit
205 1236 334 1303 Domine,
359 1252 448 1309 agnus
463 1252 493 1292 es
507 1252 571 1292 cum
584 1237 649 1292 luua
672 1245 700 1292 et
722 1236 794 1292 lacte
808 1251 860 1292 vc·
917 1239 1140 1298 enimdecatoor
1151 1241 1269 1313 impiare
1280 1256 1390 1297 omnam
1403 1241 1562 1310 justitiam.
1573 1236 1715 1310 Siquidem

61 1324 142 1381 niens
155 1341 161 1382 :
174 1323 253 1380 aufer
267 1340 283 1380 a
297 1325 490 1393 mc,obseero,
506 1325 646 1382 cultellum
657 1324 750 1381 istum.
760 1326 865 1381 Durum
917 1343 972 1400 que
987 1328 1014 1382 in
1027 1328 1197 1400 plenitudine
1213 1327 1343 1398 temporis
1357 1325 1441 1391 venit,
1458 1325 1527 1380 etin
1542 1342 1596 1397 quo
1612 1323 1715 1380 habitat

59 1413 136 1471 enim
155 1411 266 1468 ridetur
280 1420 308 1468 et
329 1413 452 1482 crudele,
475 1415 588 1485 parvulo
603 1429 701 1471 recens
720 1422 783 1470 nate
798 1412 861 1469 cul·
917 1417 1057 1488 plenitudo
1072 1416 1228 1484 divinitatis,
1243 1414 1307 1471 nibil
1332 1415 1407 1471 novit
1425 1413 1478 1470 nisi
1497 1413 1620 1485 plenum.
1644 1412 1716 1467 Nam

62 1511 136 1557 trum
149 1500 289 1573 lapideum
304 1500 447 1558 adbibere.
467 1502 514 1559 Sic
527 1503 584 1575 agit
598 1503 764 1559 misericors.
781 1501 865 1557 Duri·
918 1513 946 1560 et
960 1504 1050 1579 legem
1066 1520 1119 1562 non
1134 1506 1210 1562 venit
1231 1504 1347 1573 solvere,
1364 1503 1413 1560 sed
1427 1502 1541 1574 implere
1554 1502 1667 1572 (blattis.
1683 1517 1713 1570 v,

65 1590 144 1659 dam,
160 1590 238 1646 duris
250 1591 323 1647 bena
338 1605 490 1664 congruam
506 1592 603 1660 serris,
620 1591 683 1648 liliis
690 1589 866 1648 commutavit
920 1595 974 1664 ll).
991 1595 1039 1649 Est
1062 1602 1152 1650 autem
1171 1593 1273 1664 justitia
1295 1593 1420 1666 quaedam
1439 1592 1533 1647 stricta
1552 1597 1580 1646 et
1598 1592 1714 1663 augusta

64 1679 94 1735 in
107 1679 361 1748 mansuetudinem,
377 1688 406 1735 ut
421 1680 578 1753 rubiginem
592 1680 734 1755 originalis
747 1679 864 1753 peccati,
918 1681 1006 1751 valde,
1022 1682 1058 1736 ita
1076 1690 1106 1738 ut
1127 1698 1210 1755 quarn
1232 1682 1286 1738 cito
1306 1681 1406 1753 pedam
1424 1679 1552 1750 verteris,
1566 1678 1594 1733 in
1609 1676 1716 1749 peccati

62 1783 147 1841 quam
161 1767 206 1824 rix
221 1767 349 1824 cultellus
363 1767 479 1824 eradere
489 1776 607 1840 poterat,
618 1784 652 1824 ex
666 1770 718 1826 hoc
730 1769 787 1839 jam
802 1783 865 1824 cum
918 1768 1025 1825 foveam
1053 1769 1135 1825 cadas
1161 1789 1168 1825 :
1198 1784 1250 1824 nec
1276 1784 1439 1840 praeponere
1468 1783 1498 1824 se
1526 1765 1635 1839 aquali,
1664 1776 1717 1822 nec

63 1854 197 1912 unctione
211 1854 310 1929 gratiae
328 1854 406 1911 lacile
427 1854 498 1913 luvet
519 1872 600 1929 aqua.
625 1856 700 1912 Nilril
720 1871 788 1929 ergo
812 1855 864 1910 mi·
919 1873 1029 1930 aequare
1043 1857 1199 1929 praeposito.
1215 1857 1302 1926 Hujus
1316 1856 1438 1913 definitio
1452 1863 1504 1924 est,
1520 1853 1640 1910 reddere
1654 1850 1716 1909 uui·

62 1960 125 1998 rum
149 1943 174 2000 si
197 1958 249 2015 pro
268 1942 427 2000 diversitate
449 1951 603 2016 temporum
624 1952 726 2000 mnata
750 1944 805 1999 sint
822 1959 865 1998 sa·
919 1947 1018 2020 cuique
1033 1947 1106 2020 quod
1121 1964 1201 2002 suum
1224 1955 1276 2002 est.
1294 1946 1387 2002 attera
1410 1945 1489 2001 latior
1503 1953 1530 2001 et
1544 1943 1659 2015 amplior
1672 1943 1718 2013 ju·

62 2040 216 2101 eramenta,
231 2039 262 2087 ut
275 2032 388 2088 daretur
407 2032 532 2105 utrisque
546 2033 620 2105 quod
639 2048 792 2106 congruum
806 2039 866 2088 erat
919 2035 1001 2104 stitia,
1017 2051 1070 2092 uec
1083 2050 1192 2108 aequare
1207 2051 1237 2090 se
1251 2034 1320 2106 pari,
1336 2050 1389 2090 nec
1406 2032 1528 2089 infcriori
1541 2045 1715 2104 praeponere.

62 2121 111 2176 eis.
128 2120 191 2192 lpse
206 2135 273 2177 vero
292 2120 417 2176 Christus
438 2130 585 2194 utrumque
608 2121 738 2193 suscepit,
755 2129 784 2176 ut
802 2127 864 2176 tan·
881 2141 903 2219 B
919 2123 996 2179 Sicut
1011 2123 1083 2179 enim
1098 2123 1212 2196 grandis
1227 2129 1254 2179 et
1269 2122 1361 2195 granis
1375 2129 1416 2177 est
1429 2119 1567 2191 superbia,
1583 2117 1716 2190 praeferre

62 2225 146 2280 quam
167 2207 237 2280 lapis
259 2208 401 2281 angularis
419 2208 528 2282 utrique
543 2209 640 2281 parieti
655 2209 817 2275 cobaereret,
833 2223 865 2265 ac
919 2227 949 2267 se
966 2210 1072 2283 aequali,
1093 2219 1138 2265 aut
1158 2225 1268 2282 aequare
1289 2209 1412 2281 praelato,
1435 2208 1472 2262 ita
1487 2223 1594 2280 magnae
1609 2205 1718 2261 humili·

62 2295 220 2352 aiduarum
236 2296 324 2367 capita
338 2297 521 2370 corrigiarum
543 2298 701 2354 consuendo
715 2303 864 2354 connecte-
919 2301 980 2355 tatis
999 2308 1051 2368 est,
1072 2299 1232 2356 inferiorern
1253 2315 1283 2355 se
1298 2298 1428 2354 exhibere
1442 2295 1550 2369 aequali,
1566 2304 1612 2350 aut
1626 2309 1718 2367 aequa·

63 2393 115 2450 ret,
139 2385 211 2442 sieut
233 2392 262 2440 et
281 2386 383 2441 Pascha
406 2384 554 2459 figuratum
578 2386 636 2458 ipse
662 2384 817 2458 complevit,
838 2391 866 2441 et
918 2389 973 2446 lem
988 2387 1122 2444 inferiori.
1148 2388 1264 2443 blasima
1285 2394 1313 2443 et
1333 2386 1414 2457 plena
1432 2383 1536 2455 justitia
1558 2391 1608 2451 est,
1626 2397 1656 2437 se
1675 2380 1717 2436 in·

64 2489 164 2532 rerum
177 2473 302 2546 protinus
316 2474 462 2530 inchoarit.
920 2477 1049 2533 seriorem
1072 2476 1202 2532 erlribere
1220 2476 1303 2532 etiam
1323 2474 1373 2546 ipsi
1396 2472 1529 2529 inferiori.
1554 2469 1718 2527 sicutenim

99 2566 127 2619 a.
144 2561 244 2618 Sedet
266 2571 414 2635 propterea
428 2563 513 2618 voluit
537 2562 705 2630 circumcidi,
725 2569 755 2619 ut
773 2571 866 2619 osten·
920 2580 1026 2623 summa
1048 2574 1076 2620 et
1103 2565 1280 2621 intolerabilis
1303 2563 1432 2634 superbia
1457 2568 1509 2627 est,
1535 2559 1669 2633 superiori
1686 2572 1717 2614 se

63 2651 144 2708 deret
160 2657 286 2707 autorem
300 2666 331 2707 se
351 2666 413 2707 esse
432 2650 534 2719 veteris
547 2650 629 2726 legis,
645 2651 716 2708 sicut
730 2659 759 2708 et
773 2651 864 2706 Evan·
920 2668 1080 2726 praeponere
1103 2653 1140 2708 ita
1159 2653 1282 2710 inferiori
1304 2669 1334 2709 se
1359 2666 1515 2724 supponere
1536 2649 1625 2724 ¹[alias
1655 2649 1719 2703 sub·

63 2738 145 2812 gelii3
168 2738 297 2812 quoniam
326 2738 372 2811 qui
399 2755 451 2812 per
470 2756 501 2794 se
520 2739 610 2811 ipsum
625 2739 683 2796 ait:
704 2739 774 2809 Nisi,
803 2740 865 2812 qaia
919 2743 1006 2816 derel,
1035 2757 1142 2798 summa
1166 2752 1193 2798 et
1214 2745 1296 2815 plena
1324 2740 1427 2812 justitia
1456 2749 1508 2798 est.
1528 2737 1607 2808 Quod
1632 2736 1718 2811 aba

63 2828 867 2916 reactussaeritecoqcoetSpiritomactomeniatradit
918 2833 1038 2888 loannes
1061 2831 1108 2894 ait,
1128 2833 1214 2903 Epeo
1238 2835 1264 2889 ta
1286 2830 1368 2887 dedeo
1391 2830 1531 2903 baptisari
1546 2825 1654 2896 (liottb.
1675 2840 1717 2896 ιιι,

64 2917 96 2972 ia
111 2931 233 2986 regnam
256 2916 390 2974 carlorum
410 2915 504 2982 (loca.
528 2931 570 2984 nt,
591 2919 631 2984 tt,
651 2916 710 2988 ipse
728 2916 801 2972 idem
816 2931 866 2988 per
921 2922 976 2993 li),
1002 2919 1036 2975 de
1064 2919 1153 2990 prima
1180 2919 1241 2987 luit,
1270 2918 1334 2992 quia
1359 2916 1494 2989 superiori
1521 2931 1552 2971 se
1575 2908 1717 2969 subdidit':

63 3019 178 3060 servum
196 3019 278 3059 suum
300 3004 378 3076 prius
400 3005 518 3075 dixerat,
545 3006 641 3063 Omnis
665 3007 763 3063 anima
782 3007 866 3078 cujas
920 3009 994 3082 quod
1022 3015 1114 3063 autern
1143 3006 1266 3064 Christus
1293 3005 1368 3073 iecit,
1392 3006 1427 3060 dc
1450 3004 1530 3076 plcua
1557 3001 1661 3072 justitia
1679 3001 1720 3056 ie-

62 3094 202 3166 praeputii
212 3108 278 3149 coro
293 3093 464 3150 circumciso
479 3109 537 3149 noa
551 3096 651 3164 suant,
661 3094 766 3167 peribit
779 3095 812 3150 de
820 3111 867 3167 po·
920 3098 967 3166 cit,
996 3095 1132 3169 siquidem
1159 3095 1204 3152 ille
1227 3093 1328 3150 servuli
1356 3093 1397 3147 sui
1426 3091 1552 3147 manibus
1580 3105 1609 3145 se
1637 3087 1718 3145 incli-

62 3181 129 3254 pato
151 3197 203 3238 atto
227 3182 307 3250 iden.
324 3195 390 3248 xrtt,
415 3181 471 3253 tt).
491 3180 571 3250 Quod
592 3181 615 3236 si
630 3184 717 3238 solum
732 3183 867 3254 baptisma
921 3184 1004 3240 navit.
1593 3169 1596 3174 ’

63 3267 244 3342 suscepisset,
271 3268 359 3326 rideri
385 3276 493 3341 poterat
516 3269 653 3343 refugisse
676 3270 866 3328 cncumcisio·
956 3277 983 3329 5.
1001 3270 1097 3327 Videat
1114 3284 1187 3326 nunc
1202 3268 1318 3342 quisque
1338 3281 1421 3340 quem
1435 3263 1565 3333 imitetur,
1581 3265 1665 3324 bunc.
1681 3276 1718 3318 an

66 3381 143 3433 nem,
174 3373 304 3439 tanquam
324 3366 392 3421 nibil
420 3366 454 3422 ad
482 3382 512 3422 se
536 3367 732 3438 pertinentem.
756 3367 785 3423 si
800 3382 866 3424 vero
921 3378 985 3419 eum
1004 3360 1051 3436 qui
1065 3357 1201 3416 extollitur
1217 3373 1299 3429 super
1315 3371 1396 3413 ornuc
1410 3355 1483 3428 quod
1498 3353 1618 3411 creditur
1632 3353 1717 3422 Deus,

65 3454 313 3511 circumcideretur
334 3463 361 3510 et
385 3470 440 3511 uon
460 3455 653 3526 baptizaretur,
673 3456 782 3529 quando
801 3455 867 3511 mibi
884 3486 906 3564 c
921 3460 966 3509 aut
984 3448 1165 3524 quodeolitur
1179 3449 1217 3519 (ll
1235 3447 1326 3504 Thess.
1344 3462 1377 3514 u,
1388 3446 1426 3517 d).
1439 3444 1602 3500 Studeamus
1615 3451 1643 3499 et
1656 3445 1718 3511 nos',

64 3542 228 3614 persuaderi
249 3550 344 3615 posset
361 3543 504 3614 baptizari,
528 3543 737 3600 circumcisione
751 3545 867 3602 relicta?
921 3542 1046 3609 obsecre,
1068 3538 1178 3605 iratres,
1202 3535 1353 3606 adimplere
1372 3549 1483 3589 omnem
1500 3530 1641 3604 iustitiam.
1658 3530 1719 3602 ipsa
1815 3565 1817 3568 >

65 3631 145 3688 Nunc
167 3629 261 3705 itaque
281 3640 344 3703 post
366 3631 603 3690 circumcisionem
626 3633 760 3705 baptisma
779 3633 868 3690 susci·
922 3630 996 3685 euim
1010 3636 1053 3685 est
1071 3626 1115 3682 ria
1136 3640 1186 3697 per
1207 3639 1290 3698 quam
1319 3621 1353 3678 ad
1368 3621 1488 3678 laetitiam
1510 3619 1628 3677 venitur.
1648 3619 1720 3673 Nam

64 3718 155 3790 piens,
181 3719 249 3776 illud
271 3719 339 3776 mihi
361 3721 511 3777 tenendum
531 3720 652 3794 tradidit,
676 3721 749 3795 quod
772 3721 866 3779 ultimo
921 3716 1013 3774 laetitia
1028 3714 1170 3787 praemium
1184 3721 1235 3781 est,
1250 3710 1375 3782 justititia
1393 3725 1459 3766 vero
1477 3709 1602 3764 meritum
1618 3715 1645 3763 et
1659 3721 1719 3761 rua·

63 3807 199 3880 suscepit.
921 3804 1076 3862 teriaNam
1090 3802 1124 3859 de
1135 3802 1193 3875 ipsa
1202 3799 1306 3873 justitia
1320 3799 1374 3855 erit
1387 3797 1479 3854 laetitia
1490 3806 1592 3867 nostra,
1609 3795 1720 3870 quando

99 3897 127 3952 3.
140 3895 268 3970 Denique
283 3895 487 3953 communitatis
496 3905 600 3953 amator
609 3904 637 3954 et
650 3899 864 3969 commendator,
922 3893 1046 3952 Christus
1063 3891 1206 3963 apparebit
1230 3890 1286 3947 vita
1302 3896 1405 3957 nostra,
1418 3896 1445 3943 et
1459 3902 1510 3943 nos
1528 3884 1720 3959 apparebimus

63 3984 111 4058 qui
125 3984 253 4059 babitare
268 3985 332 4043 iacit
346 3985 428 4042 unius
441 3986 527 4043 moris
540 3985 569 4042 in
582 3986 665 4044 domo
680 3988 769 4057 (Ptol.
779 4005 864 4060 ωινιι,
922 3998 985 4040 curn
1000 3982 1058 4053 ipso
1074 3980 1101 4035 in
1116 3979 1216 4053 gloria3
1237 3978 1363 4052 quoniam
1378 3977 1437 4050 ipse
1456 3985 1498 4032 est
1516 3975 1562 4048 qui
1577 3975 1664 4031 lactus
1678 3981 1721 4030 est

61 4075 102 4143 Ἰ),
133 4073 274 4145 quomodo
302 4073 526 4130 communitatem
553 4073 710 4144 desereret,
744 4083 772 4131 et
799 4077 867 4134 alios
922 4069 1096 4127 nobisalleo
1110 4068 1190 4123 Patre
1204 4067 1318 4137 justitia.
1333 4065 1406 4122 Beati
1421 4080 1497 4134 vero,
1507 4062 1553 4137 qui
1564 4063 1721 4120 etiamnunc

61 4159 283 4218 scandalizaret?
304 4161 351 4217 Sic
374 4161 449 4219 enim
471 4162 720 4218 scandalizarentur
741 4164 867 4222 videntes
922 4160 957 4216 de
971 4157 1076 4229 justitia
1094 4156 1230 4225 laetantur,
1246 4163 1274 4211 et
1293 4155 1480 4211 exhilarantur
1499 4154 1528 4209 in
1547 4149 1720 4209 conscientiis

63 4266 127 4307 aum
158 4264 214 4306 non
238 4249 410 4319 circumcidi,
440 4249 512 4306 sicut
530 4250 611 4307 bodie
639 4251 867 4310 scandalizaretur
922 4248 988 4316 suis,
1004 4252 1136 4319 sugentes
1150 4242 1203 4298 mel
1223 4243 1258 4298 de
1271 4252 1360 4314 petra,
1376 4244 1522 4315 oleumque
1537 4242 1572 4297 de
1586 4255 1651 4296 saxo
1666 4240 1719 4295 du-

64 4335 204 4402 aeclesia,
225 4335 250 4391 si
271 4335 404 4393 infantem
435 4336 542 4394 videret
569 4352 624 4394 non
647 4338 786 4410 baptizari.
810 4341 867 4396 Nec
923 4336 1041 4392 rissimo.
1057 4333 1136 4388 Nunc
1150 4332 1224 4388 enim
1240 4330 1334 4404 [alios
1349 4331 1451 4404 autern]
1467 4330 1573 4386 videtur
1585 4327 1721 4384 laboriosa

67 4424 159 4481 solum
173 4423 377 4481 communitatis
391 4433 419 4481 et
433 4426 546 4481 unitatis
566 4426 669 4483 bouum
692 4429 867 4485 commenda·
922 4424 1025 4495 justitia
1042 4441 1048 4478 ε
1065 4422 1114 4477 sed
1134 4419 1225 4478 veniet
1245 4418 1353 4491 quando
1372 4419 1399 4473 in
1421 4418 1553 4475 suavitate
1571 4425 1600 4474 et
1619 4418 1719 4487 jucun·

64 4528 107 4584 re,
130 4512 184 4568 sed
206 4512 385 4570 bumilitatem
408 4514 492 4570 voluit
512 4514 660 4581 exhibere;
680 4521 710 4573 ut
723 4514 868 4589 ligaturam
923 4514 1008 4571 ditate
1030 4512 1089 4568 siue
1111 4509 1186 4566 omni
1213 4508 1310 4565 labore
1329 4507 1501 4562 desideretur
1525 4506 1554 4562 iu
1576 4507 1719 4573 habeatur,

67 4599 277 4660 vulneratorum
292 4603 453 4674 susciperet,
470 4603 516 4677 qui
532 4603 606 4660 solus
620 4610 679 4660 arat
692 4604 796 4677 absque
809 4605 868 4661 vul·
923 4609 1030 4659 ametur
1057 4608 1084 4656 et
1111 4597 1286 4673 percipiatur,
1307 4596 1416 4669 quaudo
1444 4595 1568 4650 fruemur
1595 4594 1654 4665 ipsa
1677 4595 1720 4663 ju·

66 4705 149 4748 nere.
165 4690 321 4748 llincanim
329 4691 477 4764 Apostolus
491 4691 573 4750 dicit:
587 4693 662 4749 llisit
676 4694 750 4751 Deus
763 4695 868 4751 Filium
924 4690 1008 4747 stitia.
1027 4688 1073 4747 l'ae
1095 4697 1186 4744 autem
1214 4686 1257 4742 liis
1278 4685 1325 4758 qui
1352 4683 1616 4757 praetergrediuntur
1638 4681 1719 4751 riam,

63 4796 155 4837 saum
168 4780 202 4835 ia
214 4779 367 4846 mandam,
383 4783 486 4838 cotum
499 4797 536 4840 ex
549 4781 679 4849 muliero,
694 4784 803 4853 suctum
816 4783 868 4839 rab
925 4779 981 4852 qui,
1005 4777 1102 4834 relicta
1127 4776 1242 4847 justitia,
1267 4789 1365 4831 vanarn
1388 4781 1415 4829 et
1442 4771 1626 4828 transitoriam
1648 4769 1719 4826 laeti-

65 4870 126 4942 leoa
140 4868 250 4937 (Galat.
266 4883 306 4937 tv,
322 4866 359 4937 l).
884 4819 990 4922 ntiam
1018 4865 1156 4939 quaeruntl
1189 4867 1256 4921 Cum
1288 4863 1362 4918 enim
1390 4862 1425 4918 de
1450 4858 1614 4916 transitoriis
1642 4875 1719 4937 quaa·

99 4959 128 5014 d.
146 4955 308 5013 verumne
326 4957 388 5030 quis
408 4957 478 5014 forte
501 4956 629 5020 diceret:
651 4957 730 5027 Quod
751 4958 867 5016 circum·
924 4963 987 5011 runt
1001 4953 1130 5017 laetitiam,
1156 4968 1210 5008 non
1225 4953 1326 5024 poterit
1345 4966 1399 5006 non
1424 4950 1552 5019 transire,
1573 4951 1719 5004 transcun-

62 5046 140 5103 cisus
164 5053 208 5102 est
230 5053 360 5119 parentes
383 5046 507 5103 lacerum
528 5048 668 5118 (parvulus
688 5048 763 5104 enim
783 5049 865 5121 erat),
922 5045 994 5100 tibus
1014 5042 1056 5098 bis
1078 5042 1113 5097 de
1135 5041 1234 5114 quibus
1257 5048 1327 5097 erat.
1352 5040 1426 5097 Sicut
1447 5039 1520 5096 enim
1542 5038 1626 5113 lignis
1648 5037 1720 5094 deli·

59 5138 123 5206 jam
135 5134 251 5209 triginta
270 5149 406 5190 mucium
424 5135 458 5192 ad
481 5135 646 5209 baptismum
662 5136 720 5209 ipse
735 5138 865 5209 perrexit.
921 5132 1057 5190 cientibus
1079 5130 1171 5186 deficit
1193 5129 1274 5202 ignis,
1298 5129 1338 5185 sie
1360 5128 1478 5184 mundus
1493 5129 1597 5197 transit,
1614 5137 1641 5183 et
1656 5141 1720 5183 con·

61 5222 218 5282 inclinatur
241 5224 291 5280 sub
305 5222 431 5296 Baptista
449 5224 576 5280 manibus
598 5232 678 5296 caput
692 5225 865 5282 tremendum
922 5219 1090 5294 cupiscentia
1117 5220 1179 5288 ejus
1205 5233 1211 5271 :
1238 5216 1311 5272 haud
1338 5217 1451 5273 dubium
1479 5218 1546 5290 quin
1574 5224 1601 5273 et
1628 5215 1720 5273 laetitia

59 5311 257 5386 potestatibus,
288 5321 317 5368 et
349 5312 547 5386 principatibus
578 5311 759 5373 adorandum.
793 5313 865 5385 Quid
921 5324 1042 5384 quoque.
1104 5364 1106 5369 ,
1721 5313 1724 5316 ’

761 5457 1010 5476 ψ
