3734 5948
90 342 97 393 l

140 247 192 302 317

675 244 712 302 ΙΝ
724 244 944 306 nsctsrtstottu
956 242 1081 304 nostru
1095 239 1213 300 SBRHO
1227 236 1260 302 V.

1742 238 1809 302 dld'

139 377 282 441 nequeunt
308 367 418 440 spiritus
444 369 587 427 animales.
616 372 696 426 Nunc
728 387 801 427 euim
832 371 942 443 quantis
957 385 980 463 ss
996 369 1104 440 singuli,
1119 367 1167 423 sed
1183 375 1211 422 et
1225 383 1321 423 omnes
1340 366 1442 439 pariter
1466 364 1597 436 incipiant
1618 365 1741 424 babitare
1767 368 1796 425 in

139 458 284 514 conatibus
299 457 382 513 eorda
395 456 487 514 levare
502 475 616 516 necesse
631 467 688 530 est;
705 477 766 532 quae
780 459 890 531 quidem
903 467 943 529 qut

140 547 333 604 miserabiliter
352 546 420 602 satis
438 548 465 601 iu
480 548 549 604 libro
568 550 685 621 propria
708 551 882 621 experientiae
905 552 943 606 le·

140 635 243 710 gimus)
258 644 285 692 et
307 636 446 706 corruptio
469 638 592 708 corporis
616 646 755 709 aggravat,
782 647 809 694 et
835 644 943 695 terrena

142 723 305 779 inhabitatio
320 723 466 793 deprimit?

178 817 205 872 3.
222 813 258 868 At
271 813 342 868 torte
356 813 519 868 tradendum
531 821 583 884 est,
600 814 663 886 quid
682 816 719 870 sic
729 815 818 871 letare
828 830 886 879 cor,
898 825 944 870 aut

142 898 374 972 quemadmodum
384 898 582 972 illudoporteat
591 901 708 968 elevari;
721 902 770 957 sed
779 903 943 958 tradendum

141 1005 207 1044 saue
218 991 255 1042 ab
267 987 400 1059 apostolo
410 989 500 1060 potius
511 1005 593 1061 quam
604 1007 619 1045 a
630 992 717 1047 nobis.
727 993 756 1050 Si
766 996 944 1050 consurrexi-

141 1081 202 1144 stis,
214 1076 314 1148 inquit,
326 1093 393 1132 cem
404 1078 525 1147 Christo,
537 1095 724 1151 quoesursuru
734 1084 802 1137 sarit
811 1083 942 1153 querite,

143 1167 188 1221 ubi
200 1166 332 1222 strutus
339 1167 422 1223 estin
431 1167 613 1223 deuteruna
627 1168 738 1235 sedens,·
753 1186 815 1242 qaia
829 1187 944 1225 sursum

141 1261 210 1311 sunt
220 1256 322 1326 sapite,
334 1272 391 1311 non
401 1273 464 1328 quie
474 1273 560 1328 saper
570 1262 677 1314 terram
686 1258 800 1327 (dolosa.
813 1274 854 1325 ιιι,
867 1262 891 1325 t,
903 1259 942 1328 ι).

85 1386 88 1391 .
143 1343 221 1398 tcsi
237 1342 407 1397 manifestius
425 1344 511 1402 dieat:
534 1345 562 1401 Si
585 1345 804 1415 consurrexistis,
828 1357 855 1402 et
878 1363 942 1403 coa·

141 1431 283 1501 scandite;
310 1431 332 1485 si
355 1430 507 1497 convivitis,
530 1440 557 1489 et
577 1443 754 1508 conregnate.
781 1437 941 1507 Sequemur,

82 1536 84 1543 ·
140 1520 250 1585 tratres,
267 1535 412 1592 sequanum
427 1521 536 1595 riguum
555 1539 717 1596 quocunque
740 1523 817 1592 ierit;
839 1539 942 1596 sequa-

139 1623 201 1661 mur
217 1607 377 1679 patientem,
403 1624 550 1680 sequamur
568 1619 596 1666 et
617 1619 817 1681 resurgentem,
839 1626 942 1683 sequa-

997 474 1090 520 unum,
1105 472 1159 512 non
1174 455 1255 512 modo
1274 455 1379 512 scilicet
1394 470 1448 512 non
1472 453 1552 510 divisi
1576 471 1603 509 tu
1624 456 1795 529 semetipsis,

997 546 1045 603 sed
1061 563 1112 602 nec
1125 546 1197 601 inter
1210 545 1326 617 scipsos.
1344 545 1412 602 [lece
1428 544 1501 601 enim
1517 551 1546 599 ut
1568 551 1695 616 tanquam
1717 548 1795 617 priu-

997 634 1094 707 cipalia
1108 633 1198 691 cordis
1211 634 1296 706 ipsius
1312 633 1436 689 membra
1450 633 1623 705 distinguam,
1645 642 1686 688 est
1709 634 1794 691 intei-

997 725 1083 781 lectus
1097 723 1124 778 in
1139 722 1227 787 nobis,
1245 730 1287 778 est
1302 731 1328 777 ct
1344 720 1474 790 allectus;
1491 730 1518 777 et
1533 721 1559 776 hi
1576 736 1685 795 quoque
1696 723 1796 795 sepius

998 813 1049 869 sibi
1071 813 1186 869 invicem
1208 811 1394 876 adversantes,
1419 817 1448 865 ut
1470 810 1539 866 alter
1559 825 1663 866 summa
1686 816 1797 883 petere,

998 902 1066 957 alter
1080 909 1209 973 appetere
1224 901 1316 954 intima
1327 899 1458 954 videatur.
1468 899 1590 968 Quantus
1605 915 1670 956 vero
1681 901 1703 954 is
1717 899 1795 957 dolor

998 1006 1079 1062 quam
1092 989 1183 1061 gravis
1205 987 1301 1042 anitum
1322 987 1466 1052 cruciatus,
1482 985 1546 1042 dum
1562 988 1601 1042 sic
1623 987 1793 1056 distrahitur,

998 1081 1037 1134 sic
1049 1077 1224 1141 dilaceratur,
1239 1076 1278 1131 sic
1292 1075 1489 1147 abrumpitura
1512 1074 1612 1146 seipsa,
1635 1078 1678 1132 vel
1704 1092 1737 1133 ex
1761 1094 1796 1133 aa

999 1168 1104 1236 saltem,
1121 1181 1200 1238 quam
1215 1163 1341 1219 omuibus
1356 1162 1473 1233 experiri
1488 1162 1516 1216 iu
1531 1171 1657 1234 promptu
1672 1171 1726 1228 cst,
1736 1180 1796 1220 cor·

999 1256 1071 1326 poris
1086 1254 1217 1310 scissione
1231 1251 1369 1323 conjiciat,
1384 1251 1406 1307 si
1425 1250 1485 1322 quis
1509 1250 1536 1304 iu
1551 1267 1600 1306 suo
1614 1251 1710 1324 spiritu
1733 1253 1793 1308 ani·

999 1345 1169 1400 madvertcre
1184 1341 1338 1414 peruiciosa
1359 1348 1387 1396 et
1412 1339 1565 1412 periculosa
1588 1339 1793 1398 insensibilitate

998 1448 1052 1487 non
1077 1431 1239 1503 neglexerit.
1263 1430 1455 1484 Distrabuutur
1489 1428 1627 1483 bominum
1654 1443 1742 1495 crura,
1766 1438 1795 1485 et

997 1520 1126 1592 longioris
1140 1519 1219 1575 obice
1235 1518 1300 1591 ligni
1316 1524 1491 1573 removentur
1506 1518 1540 1571 ab
1557 1516 1673 1572 invicem
1688 1516 1792 1588 pedes3

997 1619 1024 1667 et
1044 1611 1107 1664 dum
1123 1609 1211 1664 adbuc
1223 1609 1291 1664 cutis
1304 1607 1410 1677 integra
1430 1613 1532 1672 manet,
1553 1604 1613 1675 quis
1639 1613 1729 1661 nmen
1750 1604 1794 1662 ille

136 1712 199 1750 mur
215 1695 301 1751 multo
315 1696 443 1752 libentius
458 1699 662 1758 ascendentem.
675 1699 854 1772 Crucifigatur
864 1709 942 1756 vetus
958 1690 980 1766 Β
996 1707 1038 1754 est
1052 1696 1209 1753 cruciatus?

138 1784 223 1841 bomo
239 1792 334 1840 noster
358 1785 436 1839 simul
458 1802 518 1841 cum
540 1786 596 1852 illo,
622 1802 649 1842 ut
670 1789 826 1843 abstraatur
844 1804 942 1859 corpus

136 1872 263 1947 peccati;
278 1873 385 1938 utultra
396 1889 450 1930 non
467 1875 618 1931 serviamus
629 1884 751 1946 peccato,
773 1875 942 1931 mortificatis

137 1965 269 2021 nimirum
281 1965 411 2020 membris
425 1965 533 2032 uostris,
557 1983 618 2037 quae
641 1975 705 2022 suut
722 1983 806 2040 super
827 1977 939 2024 terram.

135 2055 194 2110 Sed
209 2064 239 2110 et
252 2055 389 2127 quomodo
405 2056 464 2125 ipse
490 2055 638 2112 resurrexit
651 2074 667 2111 a
689 2056 803 2113 mortuis
815 2074 866 2129 per
881 2057 940 2130 glu-

136 2143 208 2198 riam
224 2143 320 2209 Patris,
335 2142 373 2198 ita
387 2153 415 2199 et
429 2158 479 2200 nos
495 2143 522 2198 in
537 2144 656 2201 novitate
677 2144 739 2200 vitm
759 2146 939 2203 ambulemus.

136 2235 169 2289 lu
185 2233 238 2288 boc
253 2230 326 2287 euim
343 2239 465 2288 mortuus
488 2241 530 2288 cst
544 2241 572 2289 et
596 2235 752 2303 resurrexit,
776 2243 806 2289 ut
823 2235 940 2306 peccatis

137 2321 250 2391 mortui,
265 2320 378 2392 justitiae
393 2322 525 2378 vivamus.
557 2348 567 2365 ν

175 2411 201 2463 l.
218 2408 353 2464 Caeterum
374 2408 502 2480 quoniam
525 2409 587 2466 vitm
609 2409 715 2466 novitas
738 2409 827 2466 locum
854 2409 939 2482 exigit

139 2496 280 2561 tutiorem,
297 2503 324 2550 et
338 2497 546 2553 resurrectionis
561 2498 679 2570 dignitas
692 2497 817 2554 altiorem
837 2498 941 2571 expetit

137 2583 273 2655 gradum:
289 2598 436 2654 sequamur
450 2584 532 2641 etiam
548 2585 751 2651 ascendentem,
763 2602 889 2658 quaerere
899 2587 940 2642 vi·

136 2671 240 2727 delicet
253 2681 281 2727 et
295 2688 393 2742 sapere
413 2688 474 2745 quae
489 2688 596 2729 sursum
618 2683 680 2730 sunt
695 2674 731 2728 ibi
746 2675 790 2729 ille
811 2685 864 2742 est,
885 2691 940 2731 non

137 2776 203 2831 quae
216 2777 300 2831 super
315 2768 424 2816 terram.
445 2761 543 2829 Queris
557 2761 617 2833 quis
636 2763 679 2817 illa
694 2762 729 2818 sit
743 2761 841 2819 locus?
864 2766 937 2835 dpo7

137 2848 238 2904 stolum
253 2848 334 2905 audi:
358 2851 424 2918 Quae
446 2868 561 2908 sursum
585 2855 637 2920 est,
661 2851 758 2923 inquit,
783 2853 940 2911 Jerusalem

138 2938 227 2996 libero
241 2943 294 3008 eat,
311 2955 372 3010 quie
384 2942 425 2994 cst
440 2945 534 2996 mater
544 2943 644 2998 nostru
653 2939 760 3009 (Galat.
772 2955 810 3006 ιι,
824 2940 879 3011 26).
894 2941 941 2997 Vis

137 3025 209 3082 scire
224 3041 349 3098 quaenam
363 3027 400 3082 ibi
411 3028 489 3082 siuti
508 3029 579 3084 Visio
590 3028 664 3100 pacis
674 3036 725 3084 est.
738 3028 844 3092 Luudc,
855 3032 939 3087 lerc-

135 3115 403 3185 solem‚llominum;
413 3117 593 3175 laudaticum
604 3122 697 3188 tanin,
705 3117 782 3174 Sion:
790 3119 940 3191 praeposuit

137 3205 210 3273 fines
226 3207 291 3260 tuos
303 3220 403 3276 pacem
420 3207 507 3275 (Psct.
523 3221 627 3273 caeru,
641 3209 684 3274 tn,
704 3208 761 3277 ιι).
779 3207 801 3259 0
816 3222 867 3277 pax
880 3224 941 3278 quae

139 3308 292 3364 exsuperas
300 3307 410 3349 omnem
422 3296 544 3349 sensuml
558 3311 574 3350 o
585 3310 636 3365 pax
648 3295 819 3367 etiamsuper
829 3297 938 3366 pacem!

136 3396 296 3437 omensura
310 3396 394 3453 super
408 3397 576 3450 mensuram,
599 3382 734 3449 conferta,
751 3391 779 3439 et
794 3385 939 3456 coagitata,

137 3467 266 3526 elffii
288 3468 501 3539 supereffluens!
527 3472 691 3542 compatere
714 3471 799 3545 igitur
822 3472 939 3545 Christo,

137 3559 229 3614 anima
239 3558 408 3614 Christiana:
421 3573 600 3632 conresurge,
611 3561 779 3616 coascende:
792 3561 865 3632 quod
881 3570 938 3617 est:

135 3648 280 3704 declinus
290 3647 376 3711 mato,
387 3649 468 3718 elsae
478 3648 592 3714 bonurn,
603 3650 717 3720 inquire
722 3665 833 3721 pacem,
844 3653 872 3707 et
878 3666 941 3721 per-

136 3748 254 3808 sequere
264 3750 327 3790 acm
341 3736 430 3804 (Paul.
452 3751 554 3803 xxxru,
573 3740 628 3807 15,
644 3736 688 3792 Sic
702 3736 828 3793 nimirum
843 3739 941 3794 Paulus

137 3823 165 3877 iu
189 3822 302 3878 Actibus
325 3823 511 3894 apostolorum
527 3827 561 3880 de
576 3825 751 3897 continentia,
777 3833 805 3882 ct
825 3827 939 3897 justitia,

137 3920 166 3969 et
179 3927 230 3983 spe
250 3911 313 3967 ritae
330 3925 441 3969 aeternau
455 3922 621 3970 memoratur
644 3915 769 3972 docuisse
794 3915 940 3988 discipulos

137 4004 212 4070 (Act.
230 4016 311 4066 xxiv,
328 4001 384 4071 25).
401 4000 444 4057 Sic
458 4003 559 4058 veritas
573 4003 632 4073 ipsa
648 4004 777 4060 mouetin
791 4005 940 4079 Evangelio

135 4089 305 4161 praecingere
320 4091 436 4160 lumbos,
453 4090 581 4148 lucernas
593 4093 758 4160 accendere,
771 4100 799 4149 et
808 4094 940 4167 deinceps

135 4178 293 4234 hominibus
315 4179 536 4251 exspectantibus
558 4181 706 4237 Dominum
736 4197 814 4237 suum
838 4183 939 4240 similes

135 4267 253 4323 inveniri
268 4270 345 4336 (Luc.
362 4284 413 4334 xu,
430 4272 475 4335 35,
491 4272 537 4326 36.

173 4361 199 4412 5.
214 4356 323 4413 Cretera
337 4358 447 4429 gemina
462 4358 600 4430 quadam,
626 4360 649 4414 si
676 4361 747 4416 beue
770 4360 937 4428 advertistis,

136 4445 264 4502 ascensio
279 4446 358 4502 nobis
373 4448 407 4502 ab
415 4447 548 4519 Apostolo
556 4447 773 4515 commendatur,
782 4448 811 4504 in
821 4463 855 4505 eo
865 4450 937 4523 quod

138 4544 167 4590 et
180 4549 316 4606 quaerere,
333 4543 361 4591 et
376 4551 473 4607 sapere
487 4535 602 4608 monuit,
619 4552 673 4594 uuu
688 4536 790 4604 infima,
815 4537 864 4594 sed
888 4555 938 4593 su·

138 4637 236 4694 perna.
253 4620 342 4690 Quam
357 4624 472 4681 tortasse
488 4624 689 4682 distinctionem
699 4626 819 4698 uecipse
832 4641 939 4700 quoquc

140 4712 277 4782 Propheta
291 4712 458 4782 prateriisse
473 4713 585 4769 omnino
605 4714 750 4785 videbitur,
766 4715 875 4773 dicens:
892 4718 941 4774 ln·

139 4801 223 4874 quire
235 4816 346 4872 pacem,
365 4805 393 4857 et
411 4818 576 4875 persequere
592 4821 665 4874 euru,
681 4812 711 4860 ut
725 4805 778 4861 boc
792 4805 831 4860 sic
844 4822 940 4878 pacem

137 4889 310 4961 sequendam
325 4904 461 4960 quarere,
480 4892 609 4963 persequi
624 4893 790 4965 inquisitam,
806 4896 878 4967 (quod
899 4904 942 4951 est

136 4977 273 5051 sapienda
284 4994 417 5048 quaerere,
431 4980 545 5051 quaesita
555 4996 663 5053 sapere,
672 4997 737 5054 'qum
747 5000 853 5040 sursum
863 4993 938 5049 sunt,

135 5084 193 5125 non
209 5084 273 5141 quae
287 5083 369 5139 super
385 5075 496 5124 terram.
519 5069 652 5125 Nimirum
667 5071 755 5128 donec
771 5072 856 5130 divisa
878 5082 943 5131 suut

134 5157 222 5214 corda
238 5164 343 5222 nostra,
361 5165 387 5212 et
412 5156 511 5214 multos
534 5158 644 5215 interim
669 5159 745 5216 sinus
769 5162 942 5218 inveniuntur

139 5247 257 5314 trabere,
282 5261 335 5301 ucc
357 5246 410 5300 sibi
435 5247 545 5302 omuino
566 5250 706 5305 ‹olraerere
728 5249 873 5318 videntur;
898 5251 942 5307 vel

140 5335 321 5408 particulatim
337 5351 370 5392 ea
384 5344 412 5392 et
425 5337 596 5393 membratim
618 5339 738 5411 quodam
753 5339 836 5396 modo
850 5340 941 5398 levare

139 5440 259 5483 necesse
274 5431 326 5489 est,
342 5423 414 5480 utin
429 5426 759 5497 supernaillaterusalem
769 5427 939 5503 colligantur,

139 5516 221 5586 cujus
236 5512 409 5586 participatio
419 5514 480 5584 ejus
499 5515 526 5569 in
549 5514 684 5588 idipsum:
700 5517 812 5574 ubinon
835 5524 939 5574 tantum

1032 1791 1058 1843 s.
1075 1787 1128 1857 Sic,
1144 1785 1182 1841 sic
1196 1784 1281 1856 ailligl
1302 1783 1455 1859 plangimus
1479 1783 1604 1848 miseros,
1625 1781 1671 1854 qui
1692 1796 1791 1854 corpo·

997 1877 1089 1932 raliter
1103 1877 1175 1931 iuter
1192 1891 1241 1930 nos
1256 1885 1460 1939 conversantes,
1476 1872 1618 1928 illuminati
1637 1871 1705 1927 forte
1722 1871 1795 1927 simi·

995 1965 1067 2034 liter,
1081 1964 1131 2021 sed
1146 1963 1313 2020 dissimiliter
1327 1961 1502 2018 inveniuntur
1514 1958 1615 2015 allecti.
1636 1958 1793 2030 iutelligunt

996 2053 1097 2125 pariter
1110 2054 1181 2109 bona
1196 2068 1258 2125 quae
1271 2050 1381 2115 faciant,
1407 2050 1456 2104 scd
1478 2064 1534 2104 nou
1552 2047 1654 2119 pariter
1674 2047 1793 2120 diligunt

995 2141 1140 2198 intellecta.
1156 2143 1225 2196 Nam
1240 2141 1274 2196 de
1289 2138 1454 2213 ignorantia,
1470 2137 1577 2201 iratres,
1600 2150 1727 2207 quaenam
1743 2151 1794 2191 ex·

994 2231 1097 2287 cumtio
1121 2231 1211 2296 nobis,
1233 2229 1330 2299 quibus
1353 2241 1491 2300 uunquam
1515 2225 1638 2281 doctrina
1660 2224 1791 2292 coelestis,

994 2335 1132 2392 nunquam
1147 2318 1238 2374 divina
1253 2317 1344 2383 lectio,
1359 2331 1497 2387 utinquam
1511 2312 1659 2386 spiritualis
1674 2311 1792 2368 emditio

994 2407 1091 2465 deest?
1105 2406 1279 2480 Quaecunque
1301 2421 1365 2462 vera
1387 2411 1461 2472 sunt,
1488 2417 1658 2474 quaecunque
1682 2400 1791 2473 pudica,

994 2496 1254 2569 quaecuuquejusta,
1274 2507 1444 2566 quaecunque
1457 2490 1592 2555 amabilia,
1614 2503 1785 2561 quaecunque

994 2585 1074 2641 bonas
1090 2584 1184 2650 saman
1198 2583 1221 2638 si
1236 2599 1289 2656 qua
1303 2582 1396 2646 virtus,
1422 2580 1444 2636 si
1469 2595 1522 2651 qua
1545 2579 1604 2634 laus
1627 2576 1790 2648 disciplina,

995 2674 1052 2730 haec
1061 2672 1164 2728 discitis
1173 2679 1202 2728 et
1211 2669 1340 2743 accipitis,
1351 2667 1515 2726 baecauditis
1528 2666 1631 2738 pariter
1642 2672 1671 2721 et
1681 2663 1790 2731 videtis,

995 2763 1022 2816 iu
1036 2761 1167 2833 exemplis
1182 2759 1308 2816 videlicet
1322 2767 1349 2814 et
1362 2757 1453 2814 verbis
1466 2770 1560 2811 eorum
1574 2755 1622 2828 qui
1645 2753 1717 2810 inter
1740 2767 1790 2810 vos

995 2859 1058 2906 sunt
1071 2848 1196 2922 perlecti,
1213 2864 1328 2921 quorum
1341 2856 1369 2903 et
1393 2844 1555 2910 exhortatio,
1571 2851 1599 2899 et
1618 2842 1792 2899 conversatio

996 2939 1103 3010 plenius
1117 2940 1206 2997 erudit
1219 2939 1371 2997 universus.
1386 2935 1493 2991 Utinam
1507 2939 1599 2988 autem
1615 2933 1682 2997 baec,
1699 2939 1726 2986 ut
1751 2929 1792 2984 iu·

997 3027 1132 3084 tellectum
1152 3027 1301 3083 admonent
1322 3031 1449 3080 moveant
1478 3027 1506 3076 et
1524 3017 1669 3075 allectuml
1699 3033 1734 3073 ne
1756 3017 1791 3072 sit

996 3117 1067 3172 intus
1082 3114 1249 3171 amarissima
1264 3111 1454 3174 corrlradictio,
1470 3117 1497 3165 et
1517 3107 1613 3163 divisio
1634 3104 1793 3163 molestissi-

996 3219 1049 3269 ma,
1065 3204 1129 3259 dum
1143 3202 1206 3258 binc
1220 3201 1330 3274 quidem
1345 3215 1453 3255 sursum
1468 3195 1607 3263 trahimur,
1619 3194 1669 3250 sed
1680 3192 1793 3251 retrahi·

995 3310 1056 3348 ntur
1070 3292 1134 3348 inde
1148 3291 1289 3348 deorsum.

1031 3384 1058 3437 7.
1074 3379 1206 3435 Nimirum
1221 3380 1365 3437 advertere
1379 3381 1458 3448 potes
1471 3374 1499 3428 iu
1514 3371 1640 3429 omnibus
1655 3371 1713 3427 iere
1727 3369 1792 3426 reli-

994 3471 1078 3545 glosis
1101 3468 1358 3542 congregationibus
1372 3466 1444 3524 viros
1462 3463 1582 3535 repletos
1596 3460 1792 3529 consolatione,

995 3559 1250 3632 superabundantes
1264 3557 1373 3630 gaudio,
1397 3551 1531 3625 iucundos
1553 3566 1662 3622 semper
1683 3559 1711 3606 et
1729 3549 1794 3604 hila·

995 3665 1048 3717 res,
1064 3648 1203 3706 ferventes
1224 3648 1331 3719 spiritu,
1355 3645 1400 3701 die
1423 3659 1454 3699 ac
1478 3648 1557 3698 nocte
1579 3638 1742 3696 meditantes
1763 3637 1792 3692 in

994 3741 1056 3811 tege
1080 3737 1139 3809 Dei,
1165 3738 1262 3794 crebro
1284 3734 1464 3808 suspicientes
1486 3730 1515 3784 iu
1528 3728 1638 3794 coelum,
1658 3736 1687 3783 et
1710 3741 1793 3798 puras

995 3843 1091 3884 manus
1105 3826 1133 3882 iu
1148 3827 1270 3885 oratioue
1289 3826 1421 3892 levantes,
1446 3817 1576 3877 sollicitos
1599 3817 1792 3873 observatores

994 3915 1176 3982 conscientiae,
1193 3921 1221 3970 et
1229 3914 1342 3970 devotos
1355 3918 1504 3967 sectatores
1513 3907 1646 3963 bonorum
1660 3919 1790 3977 operum:

994 4004 1092 4075 quibus
1110 4002 1232 4059 amabilis
1246 3999 1398 4073 disciplina,
1412 3997 1490 4053 dulce
1514 3994 1660 4067 jejunium,
1688 3990 1792 4065 vigilias

994 4092 1103 4160 breves,
1119 4092 1196 4149 labor
1210 4106 1338 4147 manuum
1351 4085 1530 4158 delectabilis,
1555 4091 1583 4140 et
1597 4083 1724 4139 anniversa
1739 4082 1790 4138 de·

993 4180 1076 4254 nique
1101 4179 1315 4238 conversationis
1337 4180 1417 4251 liujus
1438 4174 1582 4232 austeritas
1617 4169 1788 4243 refrigerium

993 4271 1128 4329 videatur.
1143 4271 1244 4328 Contra
1253 4285 1319 4326 sane
1329 4267 1451 4326 invenire
1465 4270 1507 4322 est
1516 4262 1639 4320 homines
1653 4258 1792 4331 pusillani-

993 4377 1052 4417 mes
1073 4369 1102 4418 et
1123 4361 1266 4429 remissos;
1291 4358 1450 4415 deficientes
1472 4354 1524 4411 sub
1546 4367 1641 4419 onere,
1663 4348 1741 4422 virga
1763 4357 1791 4404 et

993 4449 1143 4506 calcaribus
1156 4448 1326 4523 indigentes:
1342 4460 1458 4519 quorum
1484 4442 1598 4499 remissa
1615 4438 1721 4504 latitia,
1736 4453 1789 4506 pu·

993 4537 1133 4593 sillanimis
1147 4536 1252 4592 tristitia
1273 4543 1329 4592 est:
1350 4547 1465 4607 quorum
1481 4530 1572 4586 brevis
1585 4537 1611 4585 et
1631 4542 1692 4582 rara
1713 4541 1791 4581 coin·

995 4626 1114 4698 punctio,
1148 4624 1271 4681 emundis
1302 4622 1440 4695 cogitatio,
1474 4619 1566 4689 tepida
1597 4613 1791 4672 conversatior

995 4730 1110 4787 quorum
1126 4713 1280 4770 obedientia
1295 4713 1354 4769 sine
1369 4709 1525 4778 devotione,
1541 4719 1632 4762 sermo
1654 4703 1714 4759 sine
1736 4700 1791 4758 cir·

995 4804 1208 4876 cumspectionc.
1223 4803 1310 4861 oratio
1331 4803 1392 4860 sine
1411 4799 1503 4858 cordis
1525 4794 1687 4858 intentione,
1710 4791 1792 4848 lectio

995 4895 1053 4951 siue
1073 4893 1268 4950 aedilicatione:
1291 4907 1359 4966 quos
1383 4888 1512 4960 denique,
1539 4891 1568 4940 ut
1590 4881 1723 4948 videmus,
1747 4879 1790 4938 vix

996 4985 1131 5058 gehenuae
1145 4982 1353 5051 motusiubibet,
1366 4981 1409 5037 vix
1420 4976 1508 5050 pudor
1519 4973 1638 5038 cohibet,
1649 4971 1692 5028 vix
1702 4969 1792 5027 lrenat

997 5073 1074 5141 ratio,
1089 5073 1133 5130 vix
1146 5071 1291 5142 disciplina
1305 5078 1425 5127 coercet.
1441 5065 1538 5121 Nonne
1554 5060 1603 5118 tibi
1618 5061 1715 5118 borum
1737 5061 1793 5116 vita

996 5163 1102 5219 interno
1117 5162 1226 5235 penitus
1240 5158 1459 5231 appropinquare
1477 5152 1594 5221 videtur,
1623 5152 1687 5207 dum
1710 5148 1792 5204 intel-

995 5242 1793 5315 lectuallectui,etaliectuintellectuirepugnante,necesse

996 5342 1097 5398 habent
1112 5341 1219 5396 mittere
1235 5353 1344 5393 manum
1358 5333 1445 5393 ⁹25
1460 5332 1495 5389 ad
1509 5347 1593 5404 opera
1609 5327 1727 5394 tortium,
1748 5327 1795 5400 qui

996 5429 1057 5486 cibo
1072 5429 1180 5485 sortium
1196 5428 1306 5485 minime
1319 5429 1516 5488 sustentantur,
1532 5418 1599 5476 socii
1612 5418 1693 5490 plane
1709 5416 1794 5474 tribu-

995 5517 1111 5587 lationis,
1127 5519 1176 5576 sed
1192 5533 1246 5576 non
1259 5510 1475 5574 consolationisi
1490 5510 1689 5580 Exsurgamus,
1705 5504 1790 5565 obse·
