3734 5948
30 117 117 181 ste
399 116 433 179 ιι
451 114 596 178 nortun:
615 80 887 187 mastauron.
902 113 1349 182 eman-ramessesnauo.
1656 126 1709 185 err

59 243 192 320 quisquis
206 258 237 301 aa
249 241 299 316 qui
311 241 427 298 salutem
437 249 509 298 tuatn
519 242 628 316 operari
642 244 745 315 studes,
755 242 855 297 adver·
874 271 898 351 Α
917 241 1001 298 nullis
1015 230 1101 299 ualeat
1111 243 1305 302 tentationibus
1312 242 1403 316 dejici.
1413 244 1482 304 Oret
1494 246 1711 322 igiturqutsquis

60 337 193 390 suebanc
220 346 304 401 super
330 338 412 402 caput
428 338 503 386 tuum
532 346 617 386 cornu
636 330 725 387 crucis
752 329 855 385 babere
913 328 1101 388 inbaocruce
1116 340 1168 399 est,
1183 342 1317 390 oretcum
1341 337 1419 392 beato
1434 337 1542 394 Andros
1565 339 1710 396 Dominum

60 429 212 487 memento,
223 425 252 473 ut
266 433 319 473 uon
338 416 454 475 eleveris
469 418 496 473 in
511 418 680 490 superbiam,
692 435 746 474 uon
761 418 859 474 exalto·
916 428 943 474 et
958 421 1113 493 magistrum
1129 438 1217 488 suum,
1230 439 1264 478 ne
1278 425 1395 494 patiatur
1405 426 1510 481 eumde
1525 428 1711 499 orucedepoui

61 516 269 575 turcortuum,
294 523 349 563 uon
379 507 500 564 ambules
527 507 555 562 in
570 508 684 582 magnis,
717 522 804 579 neque
832 506 859 561 in
914 508 986 577 Quid
1002 509 1075 565 enim
1090 510 1355 583 malignusillenou
1374 515 1481 578 audeat,
1496 515 1561 585 quid
1577 529 1712 587 nouprre-

62 599 234 656 mirabilibus
249 612 330 665 super
345 605 384 661 te,
413 598 460 650 sed
477 597 528 653 tela
556 613 598 660 ea,
628 612 688 669 qnae
703 597 737 652 de
751 594 860 651 sublimi
915 609 1000 651 sumat
1026 597 1126 668 impius
1150 598 1392 667 attentareiQuod
1416 601 1509 674 AEgeae
1529 604 1654 659 manibus
1677 604 1712 662 de

61 689 186 756 veniunt,
202 685 406 756 supereminens
421 684 503 756 capiti
518 692 563 741 tuo
583 701 667 740 coruu
683 685 772 740 crucis
787 683 862 740 exci-
914 686 1057 756 discipulo,
1076 688 1125 742 boc
1139 687 1294 743 iudaeorum
1311 688 1410 762 linguis
1424 688 1516 746 facere
1531 692 1708 765 engiltaverat

60 779 129 849 piat.
147 777 220 832 Sane
234 777 287 830 boo
302 772 392 829 solum
420 784 471 838 est,
488 774 530 830 oui
544 774 640 829 salutis
664 773 765 845 pariter
779 783 806 828 et
820 790 862 827 rn-
915 789 947 827 oa
959 775 993 828 de
1017 775 1156 846 magistro.
1172 777 1201 830 ln
1225 786 1339 849 utroque
1363 790 1451 833 tamen
1476 795 1536 836 sera
1554 782 1712 850 poenitentia

60 867 110 941 gni
123 866 217 922 titulus
240 862 411 927 inscribitnr;
441 862 503 934 quia
518 862 593 918 solus
620 862 708 934 quise
727 861 861 929 humiliat,
915 861 1027 927 ductus,
1044 863 1130 918 virtus
1151 871 1178 918 et
1199 865 1326 921 contusus
1349 866 1477 923 abcessit.
1504 868 1612 923 Utinam
1633 869 1711 927 abeat

60 955 162 1013 salvari
176 963 204 1010 ot
221 952 331 1010 exaltari
346 959 473 1007 meretur.
916 949 1040 1005 similiter
1053 957 1108 1006 eta
1126 951 1215 1022 nobis,
1235 968 1267 1008 eo
1286 954 1416 1025 vincente,
1435 955 1482 1028 qui
1497 964 1524 1011 et
1538 958 1565 1011 in
1579 972 1620 1022 se,
1635 964 1663 1012 et
1684 957 1712 1012 iu

98 1049 125 1103 8.
140 1044 203 1099 iarn
217 1039 376 1097 utbreviter
404 1049 536 1112 repetam,
552 1049 670 1112 quatuor
683 1041 742 1096 baec
761 1053 863 1095 cornua
916 1038 1049 1110 discipulo
1064 1040 1258 1112 triumpharit!
1275 1041 1366 1098 Faciat
1389 1044 1457 1115 ipse,
1474 1054 1504 1099 ut
1523 1061 1671 1100 mereamur
1685 1052 1714 1101 et

60 1142 126 1190 sunt
140 1130 317 1199 coutinentia,
334 1130 474 1200 patientia,
501 1129 644 1201 prudentia
660 1139 686 1185 et
713 1126 862 1184 humilitas.
918 1143 967 1184 nos
983 1127 1008 1181 iu
1025 1128 1076 1184 bac
1090 1137 1182 1184 nostra
1195 1129 1712 1206 qualicunqueorucepoenitentiaequam

60 1220 138 1280 Felix
154 1220 254 1287 anima,
275 1234 334 1290 quae
361 1217 388 1272 iu
417 1219 469 1273 bac
487 1232 567 1274 cruce
595 1216 736 1291 gloriatur,
766 1217 792 1272 in
814 1218 864 1273 bac
917 1232 968 1289 pro
983 1217 1071 1288 ipsius
1086 1218 1195 1275 nomine
1204 1218 1325 1286 tulimus,
1341 1220 1452 1278 feliciter
1464 1223 1713 1295 consummari,qui

61 1326 144 1368 cruce
168 1306 330 1381 triumphati
357 1315 460 1362 tanturn
487 1317 517 1363 ut
536 1318 693 1378 perseveret
718 1306 746 1362 in
761 1322 804 1375 ea,
837 1312 864 1362 et
919 1315 960 1362 est
974 1321 1057 1380 super
1071 1309 1162 1362 ornata
1176 1307 1249 1363 Deus
1270 1308 1427 1366 benedictus
1443 1311 1470 1366 in
1485 1310 1594 1368 secula.
1615 1313 1712 1368 Arnen.

253 1453 292 1516 ΙΝ
316 1452 432 1517 obitu
457 1452 596 1517 DOMINI
620 1451 821 1518 flutffluatt
845 1403 929 1537 (tlt)
953 1452 1125 1517 subterit
1149 1452 1528 1520 ctAuAE-vttturrsts

100 1617 126 1669 l.
143 1612 310 1667 llumbertus
324 1608 442 1664 lentulus
456 1608 565 1664 Domini
593 1617 717 1666 mortuus
740 1617 792 1675 est,
812 1536 1025 1705 ἀιεκιέιιιῖιιιιηι
1041 1609 1147 1680 reddes,
1164 1626 1246 1683 quern
1259 1610 1361 1667 rideris
1379 1618 1426 1668 tuo
1440 1609 1596 1669 vastissimo
1618 1619 1715 1670 rentro

63 1699 284 1764 rotuslamulus,
299 1713 395 1754 sersus
410 1696 509 1755 fidelis.
525 1697 581 1768 Ipsi
593 1697 710 1767 vidistis,
726 1701 863 1772 quomodo
919 1699 1095 1754 conclusisse.

61 1799 146 1847 uncte
160 1789 296 1861 praeterita
326 1787 515 1842 intermunus
539 1795 648 1843 nostras
675 1788 861 1859 exspiraverit,
954 1790 981 1842 2.
996 1789 1037 1843 lte
1051 1801 1158 1861 oaerero,
1181 1788 1287 1856 tratres,
1313 1788 1442 1846 factitium
1464 1790 1541 1846 tobia
1564 1805 1716 1847 sermonem

62 1889 192 1952 tanquam
206 1895 278 1934 unns
291 1893 325 1933 ox
340 1876 492 1933 vermiculis
504 1886 593 1934 terra.
604 1879 653 1933 Per
667 1879 720 1935 boc
742 1877 864 1936 triduum
918 1877 944 1929 iu
971 1876 1045 1932 omni
1070 1875 1156 1938 forma
1183 1877 1334 1934 sanctitatis
1361 1877 1411 1934 iste
1433 1877 1483 1933 Dei
1512 1895 1606 1936 servus
1634 1878 1715 1935 exbi-

63 1968 189 2042 fatigavit
215 1983 278 2024 eum
311 1981 397 2035 mors,
419 1975 445 2022 et
472 1966 604 2023 demolita
626 1976 669 2024 est
689 1967 759 2023 intra
773 1967 865 2024 lauces
918 1966 975 2020 buit
989 1965 1139 2038 (76)‚quem
1153 1974 1181 2023 et
1193 1967 1307 2042 longum
1322 1966 1385 2022 lecit
1399 1974 1428 2024 et
1441 1982 1580 2040 maguum.
1592 1967 1715 2039 Longum

62 2076 140 2128 suas,
157 2067 186 2114 ut
199 2057 343 2114 satiaretur
356 2057 487 2130 sanguiue
518 2072 599 2128 quent
614 2057 710 2113 sitivit.
726 2056 787 2126 Eia,
803 2058 866 2114 iecit
919 2061 1052 2125 quantum
1067 2057 1100 2109 ad
1126 2056 1349 2130 longinquitatem
1370 2055 1421 2110 riae
1435 2054 1529 2128 [nlius.
1544 2055 1638 2130 ritae];
1655 2072 1716 2110 ma-

63 2147 138 2220 ‘quod
167 2145 268 2217 potuit;
293 2144 392 2202 occinit
410 2159 530 2210 caruem
545 2156 652 2201 etecce
669 2144 806 2201 recondite
824 2156 865 2202 est
919 2159 1013 2217 gnum,
1028 2153 1156 2214 quantum
1179 2145 1212 2199 ad
1227 2146 1289 2200 titre
1311 2143 1510 2200 sublimitatem.
1525 2145 1585 2201 Non
1609 2150 1717 2217 oportet

63 2237 91 2291 in
107 2237 192 2292 eorde
206 2242 297 2292 terrae.
314 2232 452 2303 Separarit
473 2233 583 2290 anobis
610 2233 717 2289 dulcem
733 2233 863 2306 amicum,
920 2247 962 2286 me
983 2231 1100 2303 amplius
1123 2233 1228 2305 aperire
1250 2248 1283 2289 os
1306 2249 1407 2300 meum,
1432 2234 1456 2289 si
1478 2235 1548 2291 bene
1566 2233 1717 2291 retinuistis

63 2325 227 2398 prudentem
254 2322 450 2394 consiliarium,
483 2321 656 2379 auxiliarium
684 2320 794 2378 fortem.
809 2323 866 2380 Nec
920 2336 1072 2376 sermonem
1086 2324 1156 2392 eius,
1174 2322 1197 2377 si
1211 2321 1310 2378 vestris
1325 2320 1400 2379 illum
1423 2320 1552 2378 cordibus
1580 2321 1717 2392 impressi-

63 2414 142 2483 mibi,
160 2428 209 2468 uec
226 2411 305 2468 robis
319 2410 442 2482 pepercit
458 2410 620 2466 insatiabilis
635 2410 781 2480 homicida,
798 2410 865 2465 mibi
920 2409 976 2464 stis.
1005 2408 1207 2483 Quinquaginta
1234 2426 1330 2481 annos,
1350 2419 1379 2467 et
1396 2425 1430 2467 eo
1453 2410 1581 2481 amplius,
1605 2410 1671 2468 sirit
1689 2413 1717 2467 in

64 2509 160 2558 autem
190 2501 289 2557 minus.
318 2498 427 2556 Siccine
452 2514 573 2570 separas,
603 2513 696 2554 amara
723 2514 799 2555 mors
813 2496 865 2554 to
919 2498 1032 2555 servitio
1046 2498 1183 2568 illius,cui
1202 2500 1304 2557 servire
1317 2516 1434 2573 regnare
1452 2509 1503 2572 est,
1520 2500 1583 2572 quia
1605 2500 1717 2573 puerili·

63 2591 152 2648 mstis
179 2587 350 2647 cmdelislo
375 2587 528 2645 amaritudo
558 2586 780 2644 amarissimalo
809 2595 866 2643 ter·
919 2586 1718 2662 busaunislocatusestinsauotuarioltei(¹16¹).Nobiscum

65 2695 112 2738 ror
132 2679 226 2750 (ndns,
253 2676 333 2749 letor)
360 2687 386 2733 et
410 2676 508 2735 horror
533 2675 651 2732 filiorum
669 2676 774 2734 Adam!
798 2676 865 2748 qnid
920 2676 1031 2746 triginta
1045 2678 1123 2735 aunis
1137 2677 1195 2751 (tr)
1210 2678 1244 2734 ab
1259 2678 1320 2749 ipso
1334 2694 1404 2752 pene
1414 2679 1548 2751 principio
1561 2678 1719 2736 monasterii

65 2768 175 2826 iecisti?
188 2767 327 2825 Occidisti.
348 2766 400 2822 Sed
415 2766 501 2838 qnid?
516 2766 631 2823 Cmuem
645 2765 739 2838 utiquo
750 2766 861 2824 solam:
922 2763 1005 2836 bnjus
1015 2772 1190 2824 conteramus
1204 2775 1257 2834 est,
1275 2781 1329 2822 non
1343 2767 1433 2823 solum
1457 2765 1517 2822 siue
1530 2766 1646 2838 querela,
1670 2764 1720 2821 sed

65 2856 252 2914 animaenim
275 2872 328 2911 non
349 2854 435 2910 babes
454 2853 520 2926 quid
537 2854 630 2912 iacias.
647 2854 724 2911 Volat
737 2854 773 2911 ad
786 2855 867 2913 Crea—
920 2862 1024 2909 etcum
1039 2855 1127 2928 gratia
1143 2871 1151 2908 :
1166 2854 1247 2924 cujus
1268 2868 1302 2909 ex
1326 2853 1377 2910 hoc
1399 2853 1528 2910 memoria
1550 2853 1580 2908 in
1603 2853 1720 2909 benedi·

65 2958 155 3005 torem
169 2962 261 3012 suum,
284 2960 366 3018 quem
382 2951 435 3001 tam
449 2945 577 3000 ardenter
600 2943 783 3016 concupierat,
812 2951 866 3000 tam
883 2915 1008 2999 cadone
1033 2942 1084 2998 erit
1103 2943 1192 3008 nobis,
1217 2950 1244 2998 et
1262 2941 1431 3014 generationi
1453 2957 1515 3013 quar
1538 2951 1649 3000 ventura
1667 2947 1718 2999 est.

65 3035 174 3092 fortiter
192 3043 285 3092 secuta
302 3033 391 3090 luerat
404 3032 532 3088 omuibus
545 3032 642 3088 diebus
656 3032 720 3089 ritae
732 3047 800 3088 suoe.
812 3030 867 3088 Sed
922 3030 997 3087 Sicut
1011 3031 1117 3088 advena
1129 3039 1155 3088 et
1171 3029 1331 3102 peregrinus
1349 3029 1495 3103 pertransit
1508 3030 1580 3086 viam
1594 3037 1622 3087 et
1635 3030 1719 3088 ritem
1755 3044 1760 3055 ‘

70 3121 186 3181 1061
204 3133 233 3180 et
247 3125 337 3195 ipsum
348 3137 449 3193 corpus
463 3121 536 3195 quod
549 3121 651 3179 rideris
664 3120 776 3191 babere,
792 3118 869 3175 anie-
922 3117 1013 3186 iatam,
1032 3126 1165 3189 quantum
1178 3118 1269 3173 miuus
1286 3117 1373 3188 potuit
1386 3117 1419 3174 de
1435 3117 1529 3174 muudi
1544 3119 1628 3176 rebus
1650 3117 1722 3176 acci·

66 3222 171 3271 return
185 3221 221 3281 te,
237 3227 298 3269 cum
318 3220 347 3268 tu
372 3210 520 3266 notissima
533 3210 641 3267 inimica
658 3208 827 3276 destrueris,
843 3214 870 3263 et
925 3203 1011 3275 picus,
1032 3212 1125 3279 utpote
1148 3204 1237 3261 sciens
1250 3204 1313 3278 qnia
1330 3220 1383 3261 non
1405 3211 1462 3261 erat
1483 3205 1519 3261 de
1532 3207 1584 3262 boc
1606 3206 1719 3264 mundo.

66 3300 225 3358 absorberis
250 3300 279 3356 in
307 3301 430 3356 victoria.
451 3299 559 3356 Reddes
586 3298 690 3371 ntique,
706 3299 803 3355 reddes
817 3297 870 3352 eli·
924 3293 985 3350 Non
1012 3294 1128 3350 babebat
1146 3293 1189 3352 bic
1215 3303 1367 3351 manentem
1394 3294 1547 3363 civitatem,
1576 3296 1646 3353 siout
1670 3310 1721 3353 neo

67 3390 180 3462 quando
194 3404 308 3462 eorpus,
323 3388 407 3454 istud,
424 3388 497 3459 quod
514 3387 548 3444 ad
562 3386 672 3461 signum
685 3387 818 3444 adrentus
832 3384 871 3441 tui
919 3383 1014 3452 patres
1028 3383 1086 3450 sui;
1103 3383 1151 3439 sed
1166 3383 1193 3438 in
1207 3383 1344 3440 anteriora
1357 3389 1493 3453 extentus,
1509 3374 1674 3457 sequebatur
1686 3383 1722 3441 ad

68 3478 152 3536 tantu
181 3478 309 3536 besterna
337 3477 381 3533 die
402 3477 492 3549 sputis
519 3484 545 3533 et
573 3476 814 3545 exsecrationibus,
838 3489 872 3531 aa
925 3471 1045 3542 palmam
1072 3488 1197 3544 supernae
1220 3472 1377 3531 vocationis.
1392 3471 1463 3528 Nibit
1487 3474 1568 3529 babet
1592 3472 1719 3541 mundus,

67 3565 213 3638 multiplici
242 3565 364 3622 sordium
380 3564 508 3636 squalore
540 3564 703 3635 repleveras,
721 3563 873 3621 letabunda
925 3563 1000 3632 quod
1012 3564 1073 3631 jure
1087 3561 1185 3618 clamet
1199 3561 1380 3629 ineo,velde
1394 3577 1442 3617 eo:
1461 3562 1589 3634 quianec
1603 3560 1721 3618 mundus

69 3666 98 3711 et
123 3656 245 3722 laudans,
261 3653 324 3726 quia
352 3663 380 3710 ot
412 3653 485 3710 huuc
513 3652 567 3709 tuis
599 3653 705 3725 laqueis
728 3653 874 3709 irretisses.
928 3649 954 3704 ci
967 3650 1079 3722 placuit,
1094 3665 1146 3707 uec
1160 3650 1220 3723 ipse
1235 3648 1347 3706 arundo.
1356 3647 1492 3719 Quantum
1508 3650 1615 3722 parcius
1626 3648 1720 3722 potuit,

72 3743 168 3801 Veniet
188 3743 352 3817 Unigenirus
380 3740 466 3799 Patris
495 3758 556 3799 curn
574 3749 707 3813 potestate
734 3756 835 3814 magna
848 3747 877 3796 et
927 3741 960 3796 tle
974 3740 1123 3795 substantia
1141 3742 1202 3812 ejus
1219 3737 1336 3809 accepit;
1351 3746 1378 3795 et
1401 3737 1494 3795 minus
1516 3735 1723 3812 acceptassent

71 3835 215 3905 majestate
229 3831 410 3888 flambertum
431 3846 565 3904 quaerere,
581 3842 608 3888 et
631 3831 698 3887 illud
713 3832 783 3888 idem
796 3830 875 3888 cada·
928 3843 983 3883 non
1008 3827 1162 3884 obedientia
1183 3826 1324 3900 coegisset.
1348 3826 1454 3883 Victum
1478 3835 1505 3883 ct
1527 3828 1652 3884 restitum
1675 3826 1723 3882 ha·

72 3936 202 3979 renonum
221 3936 324 3993 corpus
338 3917 512 3991 configurare
530 3921 636 3994 corpori
659 3921 788 3978 clamatis
803 3936 870 3977 suae.
928 3917 1006 3984 bens,
1021 3916 1216 3971 bisconteutus
1235 3913 1296 3983 luit,
1313 3930 1366 3971 non
1380 3914 1413 3970 ad
1428 3915 1653 3989 superfluitatem,
1673 3917 1722 3972 sed

71 4012 112 4068 lu
126 4021 217 4067 auum
233 4009 323 4082 qnid‘l
338 4007 470 4078 Proiecto,
484 4009 596 4083 quodie
608 4009 726 4066 ieremia
737 4012 868 4083 scriptum
931 4007 963 4062 ad
979 4005 1164 4062 necessitatem
1181 4023 1188 4062 :
1204 4004 1257 4061 uisi
1271 4006 1343 4079 quod
1359 4008 1444 4080 ipsam
1457 4022 1567 4079 quoque
1578 4006 1724 4063 necessita·

71 4109 124 4166 eat,
138 4098 328 4157 innovissimo
356 4099 461 4155 dierum
475 4101 555 4156 stulta
578 4100 729 4157 remanebis
743 4101 752 4172 ι
766 4102 869 4160 ieram.
887 4095 911 4174 n
929 4104 994 4167 ιοιιι,
1021 4093 1234 4167 superfluitatem
1260 4109 1319 4151 esse
1343 4096 1442 4168 saepius
1464 4095 1633 4152 caumbatur.
1652 4096 1722 4150 Anto

74 4204 151 4256 ιιιι,
173 4187 230 4260 ιι),
246 4198 273 4245 et
292 4187 439 4245 llumberto
468 4189 495 4242 iu
510 4197 640 4246 murnum
666 4189 871 4256 viventemin
925 4185 977 4243 hos
993 4200 1097 4257 paucos
1111 4184 1180 4255 dies,
1195 4183 1219 4240 si
1242 4183 1310 4241 bene
1328 4183 1451 4255 memini,
1466 4184 1531 4240 dum
1552 4183 1723 4258 colloquere

74 4287 238 4350 perpetuum
261 4275 397 4334 morieris
422 4277 548 4334 Eromnit
579 4279 738 4350 prophetata
768 4280 873 4336 marina
926 4292 987 4332 mur
1000 4276 1035 4332 ad
1059 4274 1183 4343 invicem,
1197 4272 1302 4331 dicebat
1320 4289 1350 4330 se
1372 4273 1526 4331 monasterii
1544 4272 1626 4344 bnjus
1649 4287 1724 4344 pre-

76 4365 174 4436 beatia,
188 4381 270 4438 quem
279 4366 442 4440 deglutierat
450 4365 552 4438 (lone,
566 4381 598 4435 tt,
616 4366 661 4439 ιι)
683 4386 690 4423 :
704 4376 732 4425 et
745 4373 775 4426 tu
789 4369 874 4425 llum-
926 4365 1086 4422 bandarium
1094 4379 1154 4420 esse
1167 4346 1245 4435 (ιι),
1255 4371 1282 4419 et
1294 4369 1419 4436 tanquam
1429 4361 1531 4420 nullius
1544 4361 1666 4418 utilitatis
1677 4361 1725 4418 bo

112 4482 182 4553 (ιδ’)
196 4480 330 4562 ιιιιιοιιιιο
344 4482 646 4555 regiopostscrmones
661 4481 874 4542 debadicatioua
928 4481 1075 4537 Exordium
1104 4494 1232 4553 magnum
1260 4480 1436 4536 cisterciense
1463 4478 1545 4534 variis
1580 4478 1610 4533 in
1636 4478 1724 4545 locis,
1778 4464 1785 4481 ⁴

76 4554 191 4610 babetur
209 4553 254 4608 htc
271 4567 362 4634 sermo
374 4556 425 4608 sub
440 4553 492 4609 hoc
506 4554 592 4609 titulo.
609 4555 642 4611 ln
655 4556 734 4613 obitu
746 4571 876 4614 rennos·
929 4552 1045 4608 maxime
1058 4550 1107 4618 lib,
1122 4555 1149 4618 ³·
1159 4566 1221 4622 ιιι·
1235 4552 1263 4621 ⁴2
1275 4551 1321 4606 ubi
1335 4551 1416 4620 1¹1¹]OE
1430 4548 1563 4606 θθῐωθΰῑι
1574 4548 1723 4606 stimi-’ssim-

76 4624 292 4696 diasimipntrts
303 4625 457 4692 flamberti,
471 4624 574 4680 scilicet
588 4625 692 4683 abbatis
700 4625 863 4700 igniacensis
964 4623 1021 4697 (ιιι)
1037 4622 1065 4676 ld
1081 4629 1123 4678 est
1136 4623 1268 4679 lectorum
1284 4637 1333 4679 seu
1349 4622 1547 4694 exemplorum,
1562 4635 1622 4693 quae
1637 4621 1725 4676 llum-

76 4698 112 4753 ad
126 4694 335 4779 qusmepistola
349 4694 493 4776 ttl‚ubia
507 4694 645 4780 bernardo
660 4665 876 4824 arguiturque}
927 4695 1026 4789 bertus*
1036 4693 1174 4776 exhibuit..
1351 4763 1357 4776 ⁸
1521 4762 1528 4774 .
1599 4762 1605 4774 ⁸
1648 4761 1683 4775 ..
1716 4762 1723 4775 ι

78 4767 875 4920 tiitt⁰tlltltlltatilttfftt⁰lt.l¹tl.tiabit.
930 4763 1725 4917 .llilbutbultltltitsl‘tillut'tt

78 4911 142 4966 Fntt
154 4908 263 4991 etualter
289 4909 453 4991 llumbertus
474 4855 567 4990 ttttftem
582 4911 827 4994 Clarae-vallensis,
843 4911 878 4969 dc
930 4908 1155 4968 Claram-Vallem
1173 4927 1203 4967 se
1227 4915 1358 4980 reciperet
1372 4926 1379 4962 ι
1395 4906 1468 4980 quod
1487 4905 1586 4962 lactum
1606 4905 1657 4961 sub
1678 4922 1727 4962 au·

79 4979 879 5135 ίι]υιοιιιιῐιῧιιιῗὲἰιιὶιίιιυιθἰιῗέἶιιιιειιιΐίαιιιιιηιιίξΐιιιῗῖιιιιῗιιίιῗριιιεοιιῗιαιιιιιἰδιιὲ
932 4984 1171 5124 ΜέῃπῖΗΤῗιιιιιοιιι
1199 5065 1284 5107 annos
1310 5050 1391 5106 babet
1426 5047 1571 5106 Exordium
1598 5063 1726 5122 maguum

82 5143 96 5177 a
117 5138 271 5179 eommunis
282 5125 409 5195 pater,de
422 5137 476 5194 quo
492 5129 521 5179 tu
532 5124 649 5180 dubitas.
681 5126 789 5184 »Porro
802 5125 878 5181 simi·
932 5124 1112 5180 cisterciense
1126 5122 1174 5192 tib,
1190 5126 1217 5194 3,
1233 5137 1292 5193 nep.
1308 5124 1336 5177 d.

81 5198 123 5251 les
136 5192 166 5249 in
179 5192 256 5250 obitu
270 5208 382 5249 auorum
407 5193 537 5251 funebres
550 5195 685 5253 orationes
698 5196 812 5254 babebat
833 5197 878 5253 Vir
967 5194 1039 5277 (Τι’)
1063 5193 1244 5251 Praebcndarii
1273 5193 1437 5249 vocabantur
1467 5191 1548 5248 etiam
1577 5203 1725 5272 pauperes,

81 5275 203 5349 sauctus,
214 5275 243 5322 ut
255 5265 290 5321 de
305 5263 423 5324 Gerardo
437 5265 519 5324 fratre
534 5282 687 5325 sermonem
702 5271 737 5325 ιι
760 5268 787 5323 in
806 5269 878 5325 Cau·
932 5282 978 5338 qur
991 5265 1177 5339 quotidianum
1190 5273 1369 5321 commeatum
1381 5261 1485 5321 abaliis
1499 5261 1555 5320 acci
1576 5261 1675 5319 rebant.
1689 5261 1729 5318 lta

83 5345 138 5394 tica
149 5356 158 5396 ι
170 5338 401 5408 rtemdequodaut
411 5335 640 5419 Gouremmnlib.
651 5337 800 5412 'illusae
819 5340 877 5396 ab.
932 5337 1082 5394 bernardus
1095 5350 1221 5393 sermone
1235 5339 1248 5391 ι
1270 5334 1298 5391 in
1323 5334 1393 5393 festo
1410 5333 1538 5394 Omnium
1552 5278 1727 5416 gesatorum,

83 5410 126 5467 De
146 5411 297 5467 llumberto
321 5409 417 5465 abbate
434 5407 495 5465 ride
509 5409 558 5467 lib.
575 5416 588 5467 t
606 5410 685 5480 Vitae,
700 5427 774 5469 num.
790 5355 836 5483 fi,
852 5419 880 5468 et
932 5413 1048 5469 unmt:
1066 5407 1354 5478 nuendicisnrnunpn
1365 5404 1571 5480 prebendauei
1579 5414 1726 5466 strantes.»
