3734 5948
559 109 619 166 :nt
635 107 734 168 ΡΒΔΙ..
764 108 825 180 Qvi
839 107 992 168 mim
1012 103 1130 167 ΒΜ
1152 104 1212 165 1!-
1669 118 1728 179 w

10 240 23 280 t·
68 236 99 291 sia
122 230 347 307 quadrigilibns
367 231 617 306 manderentapud
640 249 700 302 eos,
714 231 866 290 etmiuirue
884 243 1050 322 flesepro
1064 229 1728 309 mininaubbomnajudiatriuoupossami·

10 342 17 357 ·
68 321 275 395 pertransirent.
288 322 465 395 Boaqntdm
477 322 593 396 Cophen·
603 338 650 395 epo
668 327 764 380 annm
770 321 866 388 Pauli,
923 334 974 375 uus
988 324 1079 375 autem
1093 317 1161 375 nihil
1173 318 1300 377 conscios
1313 321 1471 380 essenobis.
1486 324 1621 383 Caemrurn
1635 326 1659 383 si
1672 342 1722 385 oo·

10 426 14 457 :
66 413 160 481 ainnt3
177 426 229 483 ego
242 425 306 469 uero
321 410 417 482 Apollo
432 409 459 480 (l
471 411 532 468 Cor.
544 427 562 479 ι,
581 412 636 482 ts).
653 409 783 483 Sedquid
797 409 870 466 lecc-
922 407 1099 464 cultissimum
1112 407 1234 464 Iudicem
1249 408 1345 466 timent
1362 410 1442 466 etiam
1463 413 1572 486 magni;
1589 422 1721 488 quantum

10 513 12 522 ·
68 507 125 555 runt
144 497 248 572 vigiles
264 497 358 562 sobrii,
379 496 476 569 vigiles
489 498 700 571 circumspecti?
714 499 775 556 Non
794 496 867 555 enim
921 510 973 552 uos
995 497 1029 552 ad
1053 494 1123 551 illius
1144 496 1275 553 examinis
1302 499 1460 557 memoriam
1481 502 1610 559 convenit
1633 504 1721 576 trepi-

68 595 196 659 poteraut
208 587 259 643 sibi
268 585 409 657 suscipere
422 602 560 659 sponsam,
576 589 622 660 qui
634 589 774 645 beueamn
788 601 869 643 aemu-
920 584 1010 640 daret
1029 584 1053 642 Ο
1073 585 1097 640 si
1111 585 1176 640 milri
1195 585 1367 661 contingeret
1387 594 1491 645 certum
1510 605 1582 659 esse,
1602 591 1640 647 nil
1659 608 1722 649 esse

10 712 12 721 ι
66 678 205 740 labantur,
219 676 266 748 qui
280 675 479 732 aemulabantur
492 676 543 731 Dei
558 676 738 741 aevnulatioue,
753 675 800 748 qui
818 676 867 730 dc·
920 669 948 728 in
963 673 1089 730 omnibus
1103 673 1182 729 nohis
1195 673 1270 729 illum
1284 673 1429 733 oilendens
1442 678 1560 745 oculum,
1580 681 1626 752 qui
1647 681 1721 739 solus

10 800 12 809 .
67 764 235 834 sponderent
248 765 296 820 uni
309 763 366 821 viro
379 764 512 836 virginem
527 773 627 820 castam
643 765 772 821 exhibere
786 763 866 819 Chri·
921 762 1043 833 perlecto
1062 762 1137 819 novit
1156 761 1220 833 quid
1240 762 1321 818 sitin
1340 765 1460 839 homine,
1483 767 1622 824 vidensin
1641 777 1721 826 eost

65 859 115 910 sto.
130 857 341 912 Percrttsmnt
354 869 400 910 mc
414 859 442 909 ct
455 854 678 911 volneraverant
688 870 742 920 ane,
766 853 812 908 ait.
835 852 866 909 Ut
922 850 996 922 quod
1009 850 1038 905 in
1051 865 1081 906 se
1096 849 1140 906 ille
1155 865 1210 908 uou
1223 849 1319 907 videti
1331 852 1388 908 lloc
1402 854 1446 910 vel
1460 855 1577 932 maxime
1589 856 1720 927 judicium

65 941 128 1014 quid
141 942 205 998 ita?
218 941 254 997 Ni
264 940 350 1006 fallor,
362 942 497 1013 urgebunt
510 949 540 998 ut
555 942 743 1014 pertransiret,
755 941 868 1013 perinde
921 939 1097 1010 vestigemus,
1117 938 1225 1003 iratres,
1243 948 1272 995 et
1295 954 1328 996 eo
1341 941 1455 1013 amplius
1475 941 1678 1014 frequentemus
1691 945 1722 1003 iu

65 1031 212 1088 inventura
225 1029 365 1087 dilectum.
376 1030 501 1102 Denique
514 1029 594 1087 etiam
606 1030 869 1102 tolerantpalliom
924 1027 1019 1084 timore
1038 1036 1066 1082 et
1083 1036 1201 1084 tremore
1216 1028 1301 1098 ipsius
1318 1029 1575 1101 considerationem,
1595 1049 1651 1105 quo
1666 1033 1720 1090 mi·

65 1135 158 1177 nonna
172 1119 298 1189 (dantia.
312 1133 341 1185 v,
357 1121 398 1187 7),
419 1118 514 1190 inquit,
533 1119 605 1174 baud
624 1118 734 1174 dubium
755 1118 820 1193 quin
838 1120 870 1174 ut
923 1132 974 1171 nus
990 1116 1222 1187 comprehendere
1242 1132 1386 1188 possumus
1404 1117 1621 1191 investigabilem
1635 1122 1720 1193 abvs-

65 1216 190 1264 carreret
207 1207 344 1279 expedita.
369 1206 594 1263 Animadvertere
616 1215 659 1263 est
678 1222 760 1278 quam
778 1205 869 1262 valide
922 1221 982 1261 sum
994 1204 1158 1275 judiciorum
1170 1205 1229 1274 Dei,
1242 1215 1269 1262 et
1278 1205 1492 1278 irrefragabilem
1505 1208 1718 1280 dispositionem.

67 1298 212 1369 percutiat,
227 1296 326 1369 quibus
339 1295 447 1367 sagittis
460 1295 609 1365 Apostolus
622 1295 747 1354 vulneret
761 1310 809 1352 eos
823 1296 869 1367 qui
923 1293 990 1350 Cum
1004 1294 1056 1349 lroc
1069 1292 1166 1349 timore
1179 1309 1244 1364 spes
1257 1295 1340 1351 habet
1356 1295 1492 1366 meritum,
1506 1311 1569 1354 cum
1582 1298 1634 1354 hoc
1646 1306 1721 1356 metn

65 1385 210 1443 divertisse
224 1384 297 1457 apud
309 1382 406 1456 vigiles
419 1383 592 1440 videbantur.
613 1384 745 1457 Nanqat'd
759 1384 869 1441 Paulas
922 1381 1059 1438 fructuose
1077 1389 1214 1453 speratur.

63 1489 112 1545 pro
122 1471 200 1529 nebia
209 1472 364 1543 crucifixus
377 1471 442 1530 ost?
456 1478 507 1530 ont
514 1472 547 1528 in
555 1476 669 1530 nornine
680 1474 764 1530 Ponit
776 1473 865 1545 bapti·
959 1475 984 1527 ὅ.
1006 1469 1056 1526 Est
1074 1478 1166 1526 antem
1180 1470 1203 1527 is
1217 1469 1274 1542 ipse
1295 1469 1375 1529 timor
1393 1471 1546 1529 firmissima
1560 1473 1724 1545 quaedamst

64 1563 121 1618 toti
138 1563 210 1620 setis
220 1559 335 1629 tucn.
351 1576 369 1625 r,
388 1560 566 1629 repetitam
583 1579 590 1614 ι
613 1562 684 1619 Cain
700 1562 777 1618 enim
799 1562 869 1618 dicit
885 1548 908 1625 B
923 1558 1020 1616 efficax
1034 1559 1146 1616 materia
1164 1558 1233 1632 spei,
1252 1559 1351 1632 siquis
1365 1561 1663 1632 prudenteradvertat.
1682 1563 1724 1620 si-

64 1652 137 1723 quis,
153 1651 282 1723 mosam
295 1649 400 1719 Panli,·
413 1651 608 1719 atterentem,
620 1653 672 1722 lupo
683 1667 746 1708 anm
758 1651 868 1722 Apella·
924 1648 1033 1720 quidem
1051 1647 1199 1704 maximum
1217 1648 1354 1720 quoddam
1375 1650 1426 1707 Dei
1444 1651 1546 1708 donum
1562 1650 1643 1708 timor
1659 1651 1723 1723 isto,

64 1738 292 1796 nonne-tornines
302 1738 393 1795 ostia?
406 1736 550 1810 Qatderpa
560 1738 869 1810 estdpollolqut'dvero
924 1744 951 1793 et
965 1753 999 1792 ex
1013 1737 1188 1808 perceptione
1207 1738 1382 1808 presentium
1404 1739 1482 1795 firma
1501 1749 1544 1798 est
1556 1740 1725 1812 exspectttio

65 1825 456 1898 uaatastttinnntcjcacat
466 1825 680 1898 credidiattslll
689 1828 749 1884 cor.
760 1842 801 1893 ru,
813 1828 868 1895 lb).
924 1824 1087 1893 futurorum.
1107 1826 1248 1882 Postremo
1262 1826 1461 1899 beneplacitum
1483 1835 1526 1886 est
1539 1827 1655 1886 Domino
1674 1845 1725 1887 sn·

68 1916 210 1984 Quonim
223 1916 308 1972 marro
321 1915 456 1987 sperauit,
473 1914 594 1971 liberabo
604 1915 748 1972 semiton
760 1914 788 1969 in
801 1914 870 1989 vigi·
925 1929 974 1984 per
994 1915 1120 1970 timentes
1139 1929 1201 1971 eum
1216 1916 1301 1982 (Ptol.
1321 1930 1414 1983 exnvr,
1435 1917 1497 1988 tl);
1514 1923 1542 1972 et
1561 1915 1654 1989 utique
1668 1917 1725 1974 vita

64 2003 145 2071 libus,
162 2017 220 2058 non
234 2002 263 2058 in
277 2001 398 2066 homino,
413 2017 468 2057 non
482 2002 510 2057 iu
524 2002 631 2074 angelo,
652 2002 743 2059 sedin
759 2019 813 2071 me,
830 2005 870 2058 in·
924 2003 952 2057 iu
963 2001 1103 2059 voluntate
1118 2003 1189 2073 eius,
1205 2009 1233 2058 et
1247 2002 1274 2057 in
1289 2002 1461 2074 beneplacito
1479 2003 1540 2076 ejus
1552 2004 1624 2060 salus
1638 2010 1721 2061 nter·

63 2092 131 2165 quit,
154 2090 287 2164 speravit,
307 2090 374 2146 nihil
392 2090 457 2147 boni
481 2091 532 2147 nisi
555 2107 589 2147 ex
608 2107 662 2158 me,
683 2107 719 2148 ue
732 2107 782 2162 per
796 2092 871 2162 ipsos
924 2105 969 2144 na.
988 2092 1125 2159 Quoniam
1139 2094 1171 2147 in
1184 2105 1229 2146 me
1243 2091 1510 2164 pausemitanae
1528 2109 1603 2151 enm.
1617 2092 1724 2150 Dulcia·

64 2186 241 2253 ermectans.
265 2181 356 2236 Omne
376 2178 448 2234 enim
473 2179 566 2234 datum
584 2179 727 2250 optimum,
742 2189 771 2235 et
789 2195 870 2237 omne
923 2178 992 2234 sima
1010 2178 1166 2248 liberalitas,
1182 2178 1210 2233 in
1223 2194 1253 2234 se
1274 2178 1447 2250 sperantibus
1463 2194 1518 2236 nou
1539 2180 1647 2238 deone.
1665 2181 1726 2241 Hot

64 2272 166 2327 donum
180 2267 334 2341 perlectum
354 2268 496 2323 desursum
515 2276 558 2323 est
574 2267 746 2324 descendeus
759 2283 775 2323 a
790 2270 870 2325 Patre
923 2266 996 2322 eninr
1016 2273 1101 2322 totum
1120 2266 1236 2322 hominis
1254 2267 1392 2336 meritum,
1412 2267 1436 2324 si
1450 2275 1534 2325 totam
1554 2285 1632 2341 spem
1646 2285 1735 2331 suam

63 2358 197 2415 luminum
221 2357 326 2429 (iacobi
349 2372 369 2426 v,
394 2355 450 2421 lli.
480 2358 520 2412 Ειι
543 2372 588 2412 me
611 2356 709 2428 vigiliae
730 2356 869 2413 hominum
922 2362 1007 2427 ponat
1020 2354 1048 2410 in
1063 2370 1096 2412 eo
1110 2353 1157 2428 qui
1176 2362 1260 2412 totum
1283 2357 1422 2413 homiuem
1439 2357 1543 2414 salvum
1556 2357 1632 2414 lacit.
1647 2360 1681 2415 ln
1697 2363 1728 2416 ta

64 2446 157 2513 utiles,
179 2445 253 2503 circa
275 2460 359 2517 opere
379 2443 474 2516 utique
494 2444 660 2501 manifesta:
685 2445 725 2501 eis
743 2444 870 2501 nimirum
921 2447 1216 2517 sperauerantpotres
1230 2448 1332 2514 nostri,
1347 2451 1543 2518 sperauerant,
1560 2447 1725 2507 ctltberatta'

65 2532 197 2591 custodes
212 2533 338 2590 homines
356 2533 493 2604 deputavi.
510 2535 550 2588 Ει
564 2549 608 2588 me
623 2533 744 2588 excubiae
759 2535 871 2604 augelo-
923 2531 1275 2602 caecutianmauerant,
1286 2539 1316 2591 et
1327 2536 1399 2591 salvi
1412 2537 1567 2607 factitant,
1579 2537 1611 2592 a'n
1627 2539 1726 2609 terps-

64 2639 136 2692 rum,
165 2620 369 2680 obsnmammm
397 2622 560 2678 secretiores
588 2627 687 2688 motus,
717 2622 870 2694 specialiter
924 2628 1072 2692 revertant,
1089 2627 1183 2679 etnon
1196 2627 1264 2679 rant
1273 2625 1386 2695 confusi
1394 2623 1482 2692 (Pral.
1493 2638 1556 2695 xxv,
1567 2625 1642 2696 5,6).
1657 2624 1725 2695 Quis

66 2709 282 2775 sollicitantium,
305 2709 523 2783 propulsantium
545 2717 723 2782 suggestores
749 2709 867 2784 iniquos.
924 2710 997 2765 enim
1011 2709 1130 2783 speravit
1144 2709 1171 2765 in
1187 2725 1231 2776 eo,
1248 2717 1277 2767 at
1294 2710 1424 2768 confusus
1438 2717 1502 2771 estt
1516 2712 1630 2784 Sperate
1638 2712 1667 2769 in
1681 2728 1727 2775 ao,

65 2801 202 2857 Caeterum
220 2799 316 2854 intima
334 2813 400 2856 sane
422 2797 544 2855 custodia
564 2798 752 2856 secretissime
774 2799 868 2857 inteu·
925 2799 1013 2855 omnis
1026 2798 1204 2870 congregatio
1217 2799 1318 2870 populi.
1340 2799 1534 2873 Quemcunque
1549 2800 1724 2859 euimloeuuv

67 2888 160 2957 tionis,
176 2901 232 2945 non
245 2886 327 2944 modo
341 2902 376 2943 ex
396 2903 450 2954 me,
470 2902 565 2944 verum
586 2886 667 2943 etiam
691 2904 741 2959 per
758 2905 801 2945 me
820 2848 906 2944 liete
923 2887 1069 2944 calcaverit
1082 2903 1131 2958 pes
1149 2894 1251 2959 vester,
1267 2894 1360 2944 vester
1372 2887 1434 2945 erit.
1457 2890 1509 2946 Pes
1526 2896 1618 2946 vester
1630 2888 1725 2961 utiquo

64 2992 179 3035 necesse
195 2981 248 3043 eat,
264 2976 335 3049 quod
350 2974 396 3032 illo
410 2975 522 3047 quidem
535 2978 670 3032 humanus
680 2984 808 3049 nequeat,
819 2977 867 3033 scd
922 2983 1085 3047 spesvestra
1094 2983 1145 3030 est.
1157 2973 1410 3048 Quantumcumque
1419 2976 1463 3032 illa
1473 2976 1647 3048 processerit,
1658 2977 1726 3034 obti-

64 3083 101 3124 ne
114 3063 258 3137 angelicus
272 3079 380 3136 quoquc
394 3063 488 3120 oculus
503 3071 657 3135 penetrare.
923 3065 1009 3130 nobit,
1024 3064 1046 3118 si
1064 3073 1152 3118 tamen
1169 3063 1198 3118 in
1212 3064 1298 3119 Deum
1313 3072 1369 3120 tota
1383 3063 1491 3138 ligatur,
1510 3073 1541 3120 ut
1556 3064 1682 3121 firma-sit
1695 3069 1726 3121 ot

99 3157 127 3211 b.
144 3155 337 3229 Agnoscamus
353 3152 486 3225 triplicem
499 3152 742 3220 hanccustodinm,
758 3153 866 3225 iratres,
923 3169 977 3209 non
996 3152 1104 3208 titubet.
1131 3149 1200 3218 Quid
1222 3152 1315 3207 timeat
1335 3151 1458 3224 aspidem
1477 3161 1523 3208 aut
1546 3152 1725 3210 pastinant

64 3252 93 3301 et
110 3241 290 3301 exhibeamm
304 3255 355 3297 uos
367 3240 417 3307 eis,
431 3240 526 3313 quales
535 3241 632 3313 cuique
649 3241 776 3299 convenit
789 3242 866 3298 exbi-
922 3242 987 3316 quid
1001 3240 1087 3298 leonis
1101 3239 1217 3311 rugitus,
1233 3248 1279 3295 aut
1293 3240 1420 3297 draconis
1432 3240 1527 3298 sibilos
1539 3242 1725 3313 expavescat?

65 3332 137 3390 beri.
158 3329 355 3389 Provideamus
376 3331 450 3385 boue
472 3344 563 3386 coram
585 3329 750 3397 honriuibus,
776 3346 867 3387 coram
956 3335 985 3387 6.
1003 3331 1141 3400 martian
1152 3331 1184 3384 in
1192 3332 1376 3402 monumenti,
1386 3330 1506 3388 liberabo
1515 3347 1592 3388 eant.
1603 3330 1728 3388 Porroli¹

64 3419 182 3496 angelis,
202 3433 293 3476 coram
309 3419 378 3476 Deo.
394 3417 598 3474 contendamus
617 3418 727 3491 placere
742 3419 868 3476 omuibus
922 3422 1046 3476 beratum
1060 3417 1180 3491 quidem,
1196 3433 1231 3474 ns
1245 3415 1345 3475 itemm
1362 3419 1553 3492 impugnetur,
1572 3434 1607 3475 ne
1625 3417 1727 3475 iterum

66 3525 117 3582 per
129 3507 231 3573 omnia,
251 3506 301 3563 sed
323 3507 439 3563 maxime
458 3506 484 3564 ei
504 3506 551 3579 qui
569 3507 702 3563 maximus
726 3515 868 3580 estsuper
924 3516 1005 3582 egeat
1017 3505 1723 3578 liberari,protegameumetcouservabozsitamen

66 3596 169 3653 omnia.
190 3596 223 3651 ln
237 3603 386 3668 conspectu
405 3595 563 3668 angelorum
582 3595 726 3666 psallamus
745 3596 780 3668 ei,
796 3600 868 3652 utin
923 3595 1083 3671 cognoverit
1093 3610 1193 3651 nomeu
1201 3611 1303 3660 meum,
1314 3611 1366 3651 nec
1375 3594 1427 3650 sibi
1438 3595 1537 3650 tribuat
1545 3594 1619 3666 quod
1629 3594 1727 3650 libera·

67 3687 108 3743 eis
120 3685 268 3757 impleatur
284 3685 357 3757 quod
377 3683 507 3756 scriptum
527 3689 581 3741 est:
601 3685 653 3752 Qui
663 3684 766 3740 timont
777 3689 814 3751 tc,
829 3686 869 3741 ut·
924 3691 1025 3753 tusest,
1036 3684 1085 3741 sed
1096 3682 1198 3740 nomini
1212 3699 1274 3739 meo
1288 3682 1336 3739 det
1345 3682 1469 3754 gloriam.
1486 3686 1636 3754 Protagora
1644 3698 1723 3750 eam,

68 3774 173 3832 debant
185 3788 231 3830 nae
240 3777 270 3832 et
280 3773 463 3839 letabuntur,
479 3776 545 3845 quia
559 3775 592 3828 in
605 3773 688 3829 acrba
702 3779 752 3830 tao
770 3789 868 3846 eaper-
923 3776 1058 3848 qnoniam
1068 3773 1198 3844 cognouit
1211 3787 1322 3829 nomem
1336 3789 1444 3830 meam.
1454 3771 1486 3826 ln
1495 3770 1640 3843 prasentia
1650 3771 1724 3827 enim

67 3864 181 3937 maraot'
193 3861 284 3936 (Ptol.
299 3876 398 3929 cxvur,
409 3862 466 3934 vt).
480 3860 647 3919 obediamus
656 3862 810 3933 prepositis
823 3875 870 3917 no·
923 3863 1013 3918 vultus
1021 3860 1190 3934 glorificatio,
1200 3861 1228 3916 in
1238 3859 1334 3916 notitia
1344 3858 1459 3916 nominis
1472 3859 1605 3931 protectio
1614 3859 1725 3917 exbibe-

67 3951 143 4024 atria,
167 3949 215 4023 qui
233 3948 405 4023 pervigilant,
430 3956 559 4022 tanquam
581 3948 714 4005 reddituri
737 3950 869 4005 rationem
924 3959 978 4007 tur.
993 3950 1063 4021 Spes
1071 3949 1099 4004 iu
1108 3949 1229 4016 nomine,
1240 3965 1285 4005 res
1294 3949 1320 4003 in
1337 3948 1405 4005 faeie
1420 3954 1471 4004 est.
1482 3948 1561 4017 Quod
1569 3949 1642 4004 enim
1651 3948 1726 4006 videt

68 4055 119 4112 pro
134 4038 277 4095 animabus
291 4038 401 4108 uostris,
424 4046 454 4094 nt
472 4053 526 4093 non
548 4053 609 4094 eum
627 4037 734 4094 tristitia
755 4039 806 4093 hoc
827 4036 869 4093 la·
924 4039 996 4111 quis,
1007 4037 1286 4111 qnissperatlfflom.
1298 4040 1421 4107 vivant).
1436 4037 1725 4108 l'idasutiqusecatt·

68 4129 143 4185 ciam
166 4127 258 4199 (θεὸν.
277 4142 343 4198 ιιιιι,
368 4128 423 4197 li).
446 4125 480 4182 Et
495 4126 604 4198 quidem
617 4126 728 4199 (gratias
751 4126 819 4196 Deo,
835 4140 869 4182 ex
925 4125 1725 4198 dita(ltonr.x,t't);eteoquidem,Juxtaenmdemdposto·

67 4218 149 4288 cuius
163 4217 222 4274 solo
242 4213 328 4273 879
351 4231 464 4273 munere
478 4216 565 4288 venit)
585 4230 640 4272 non
653 4216 782 4287 estquod
797 4215 869 4271 mul-
924 4211 1726 4287 lumerto-eramentatonttoaperandnranlebnxr,l).

70 4317 127 4362 tnm
145 4319 195 4361 vos
218 4319 360 4370 moneam;
382 4320 437 4361 nou
458 4313 501 4361 est
520 4304 592 4377 quod
611 4304 725 4360 multum
745 4303 823 4361 vebis
837 4303 870 4359 ti·
925 4305 1547 4376 Protepameamquostiamoopnouitnomcn
1555 4300 1726 4358 maam.Non

70 4409 159 4450 meam
167 4393 195 4448 in
208 4394 259 4451 hac
268 4401 357 4466 parte.
372 4392 450 4464 Quod
461 4393 532 4450 euim
544 4399 587 4449 est
599 4393 726 4466 gaudium
738 4408 827 4449 meum
843 4399 871 4448 et
925 4393 999 4451 novit
1011 4407 1110 4447 nomen
1120 4392 1243 4464 ejus,qui
1255 4391 1319 4445 illud
1330 4389 1477 4446 assumitin
1486 4405 1595 4458 vanum,
1603 4390 1649 4464 qui
1660 4389 1726 4445 dicit

69 4482 159 4555 gloria
177 4497 249 4547 mea,
269 4481 320 4538 nisi
338 4490 463 4556 prompta
478 4481 609 4549 obeditio,
627 4488 655 4538 et
669 4480 871 4553 irreprehensi·
925 4481 960 4545 ci,
976 4480 1101 4545 Domine,
1116 4479 1242 4540 Domine.
1254 4487 1282 4534 et
1292 4494 1346 4534 non
1363 4477 1426 4534 lacit
1438 4493 1500 4550 quae
1508 4477 1575 4533 dicit
1584 4477 1652 4549 ipse.
1664 4477 1724 4533 Non

70 4571 133 4628 bilis
141 4573 314 4628 conversatio
328 4569 438 4628 vestra?
452 4569 523 4640 Quid
538 4570 560 4625 si
575 4579 650 4628 certo
665 4586 869 4642 cognoscerem,
925 4570 1000 4626 novit
1009 4584 1109 4626 nomen
1115 4569 1184 4639 ejus,
1196 4567 1311 4641 quienm
1322 4582 1373 4623 nec
1383 4566 1498 4622 honorat
1507 4573 1536 4621 ut
1546 4566 1661 4630 Patrem,
1672 4580 1727 4621 nec

70 4676 105 4718 ne
123 4658 242 4735 angelos
259 4658 371 4733 quidem
384 4657 499 4730 amplius
517 4657 617 4730 aliquid
634 4660 661 4715 in
675 4659 752 4717 vobis
768 4675 871 4731 cogno·
925 4667 954 4714 ut
969 4657 1113 4715 bominum
1128 4656 1213 4713 timet.
1230 4658 1292 4712 Non
1307 4656 1382 4713 novit
1394 4670 1494 4711 nomen
1504 4651 1619 4724 ejusqui
1632 4651 1668 4708 ad
1681 4668 1726 4709 va·

69 4764 150 4806 scere
159 4747 234 4822 qnod
245 4747 388 4816 dedeceat,
399 4749 471 4820 apud
482 4749 618 4804 neminem
632 4756 753 4804 vestrum
763 4764 796 4805 ex
810 4762 872 4802 ana·
925 4747 1024 4802 uitales
1035 4746 1190 4802 etinsanias
1199 4742 1572 4801 lalsascouvertitur.Beatas
1579 4743 1633 4811 uir,
1644 4743 1726 4813 cujac

70 4839 192 4895 themate
206 4835 314 4893 Jericho
328 4836 465 4908 quidpiam
479 4835 618 4902 occultari,
634 4852 689 4893 non
704 4852 872 4892 murmurare
926 4842 967 4893 eat
983 4852 1084 4894 acumen
1098 4838 1211 4893 Domini
1224 4852 1287 4907 spes
1300 4836 1368 4906 ejus,
1382 4836 1411 4891 et
1425 4847 1483 4888 non
1497 4832 1622 4902 respexit
1631 4833 1662 4887 t'n
1676 4848 1726 4888 aa·

69 4926 202 5000 aliquem,
225 4941 282 4996 non
300 4925 446 4982 detrahere
460 4924 489 4980 iu
504 4924 620 4988 occulto,
637 4940 691 4981 non
706 4925 872 4982 simulatorie
925 4925 1068 4982 atitateaet
1079 4927 1208 4982 insecutae
1218 4926 1306 4996 falsae
1317 4923 1505 4993 (Prolixarum,
1516 4919 1726 4991 5).llocnomen

69 5031 155 5088 agere
168 5013 214 5072 vel
228 5015 352 5080 remisse,
373 5028 429 5070 uon
447 5012 641 5087 ignominiosas
659 5012 769 5069 volvere
783 5013 873 5071 auimo
927 5020 1094 5085 cognoverat
1106 5013 1152 5084 qui
1166 5012 1290 5069 dicebat:
1308 5013 1368 5067 llon
1380 5012 1457 5069 anim
1477 5014 1520 5067 art
1533 5010 1613 5068 alind
1625 5025 1728 5067 nonsart

69 5103 265 5176 cogitationes,
281 5103 380 5176 quibus
394 5104 472 5169 solet,
488 5104 558 5159 heu!
580 5102 716 5159 interdum
732 5102 790 5174 ipsa
804 5118 872 5175 quo·
927 5104 1027 5159 datram
1043 5102 1217 5170 horninibus,
1234 5104 1264 5156 r'n
1279 5116 1334 5173 qno
1348 5104 1472 5174 oportent
1487 5116 1536 5156 noa
1555 5100 1646 5155 saluos
1663 5099 1728 5167 fieri

71 5209 126 5265 qne
148 5209 214 5262 paro
235 5192 359 5264 corporis
384 5191 564 5264 perturbari?
584 5194 710 5266 Magnum
734 5194 786 5248 lvoc
808 5193 872 5249 mihi
929 5195 999 5264 (Act.
1020 5206 1059 5257 rv,
1075 5191 1132 5261 lt).
1145 5192 1202 5246 Nos
1216 5205 1326 5263 quoque
1341 5189 1364 5244 si
1383 5189 1506 5244 novimus
1526 5204 1625 5244 norueu
1645 5202 1726 5241 sauc-

71 5282 165 5357 gaudii
189 5281 397 5351 incrementum,
417 5283 466 5339 sed
480 5282 599 5339 nondum
614 5282 707 5354 utique
723 5281 871 5352 plenitudo.
930 5290 984 5337 tum
1003 5280 1075 5352 quod
1095 5280 1246 5336 invocatum
1266 5287 1408 5349 estsuper
1431 5293 1491 5347 uos,
1516 5275 1727 5335 desiderandum

72 5373 135 5431 Non
154 5372 228 5430 euim
250 5378 304 5427 tam
323 5371 416 5443 magni
435 5386 536 5437 sumus,
561 5376 591 5427 ut
611 5372 695 5443 possit
714 5370 791 5427 uobis
805 5371 874 5428 adeo
929 5370 1121 5441 utiquenobis,
1137 5376 1166 5425 ut
1180 5383 1290 5441 semper
1304 5367 1488 5426 sanctificetur
1501 5366 1528 5420 in
1541 5365 1632 5431 nobis,
1645 5371 1727 5438 atqua
