3734 5948
77 250 79 255 .
102 195 157 259 dol
582 198 610 258 S.
631 195 797 258 ululatui
813 194 951 287 totalis
969 191 1282 258 miumlslmusls

102 325 201 398 pedes,
211 323 317 396 oapillis
329 323 421 397 tergit,
431 326 513 398 ungit
525 331 677 398 unguento,
691 322 829 381 oseulatur
852 337 901 381 ore
915 336 939 419 Α
953 320 1019 379 Tale
1031 330 1074 380 est
1086 322 1165 380 etiam
1179 323 1251 396 quod
1266 323 1355 381 solent
1372 322 1519 381 insumas
1531 321 1660 380 homines

89 412 289 485 ,devoto(luo.
305 427 356 480 vu,
372 413 426 486 38).
444 413 523 470 Unde
537 413 603 471 satis
617 412 712 486 liquet,
726 412 800 486 quod
813 411 900 471 omui·
953 417 1008 466 tem
1022 410 1192 471 inimieorum
1206 413 1233 469 in
1248 412 1415 471 orationibus
1436 413 1584 485 postulare,
1598 414 1665 477 esde

103 518 140 560 no
151 503 207 575 jaro
223 511 402 577 proposuerat
415 502 444 561 in
456 503 540 562 eorde
553 518 604 561 suo
617 519 635 561 a
647 510 757 576 peceato
767 500 896 572 deinceps
953 497 1049 555 similia
1070 516 1132 573 qum
1159 516 1214 558 uon
1237 509 1355 574 oportet.
1378 499 1415 557 lt
1441 515 1507 558 aero
1533 496 1665 572 temporat

75 584 80 591 ’
103 591 253 652 abstinere:
269 601 296 650 et
308 591 387 666 quasi
406 591 568 663 profluvium
581 595 680 651 stabat.
699 590 818 663 Quodsi
838 591 896 662 jam
949 586 1092 656 defuerint,
1107 590 1221 658 petenda
1239 589 1348 664 quidem
1363 597 1437 658 aunt,
1453 596 1584 663 quantum
1597 602 1665 647 neoo

103 690 265 739 aooseoulns
277 697 308 738 es
320 687 349 738 et
362 690 401 746 tu,
418 681 535 754 primum
552 691 595 740 eat
612 692 642 738 ut
660 682 712 753 ipsi
732 679 847 738 Domino
867 677 895 735 in
948 671 1067 730 humana
1080 674 1212 748 requiem
1235 674 1283 733 sed
1303 674 1381 745 juxta
1400 674 1470 732 beati
1493 668 1665 748 disperiise?

77 774 81 783 “
103 771 226 828 oratione
243 768 365 844 laquem,
382 771 516 844 resopitea
528 786 614 828 anuos
637 777 699 828 tuos
714 768 745 826 in
765 768 897 827 amaritu-
929 762 932 767 ’
950 761 1025 832 uem,
1041 779 1097 820 nou
1110 771 1174 820 suut
1188 765 1247 821 haeo
1259 762 1343 822 nimie
1356 763 1530 837 requirenda.
1545 763 1576 819 lu
1589 776 1648 836 quo

101 857 165 916 diue
184 859 280 917 anima
297 868 360 916 tuae.
949 853 1075 910 raetiam
1093 852 1140 911 illa
1154 853 1302 925 spiritualia
1320 862 1392 922 sunt,
1409 853 1468 911 sine
1492 853 1591 926 quibos
1604 852 1665 911 nibi

75 1013 79 1022 ,
141 950 168 1006 i.
206 948 311 1005 Dehine
345 955 488 1023 postquam
526 948 555 1004 in
580 948 704 1007 lamentis
735 945 899 1021 peanitentiae
952 957 1003 997 uus
1018 941 1092 998 salus
1105 949 1230 999 constare
1246 948 1342 1012 potest,
1363 949 1393 999 ιιι
1408 957 1497 999 sermo
1515 941 1665 1012 seientiam

104 1037 260 1112 iliquandm
294 1053 480 1110 perseverans,
504 1037 670 1096 hilaritatem
696 1036 841 1111 quemdam
870 1042 898 1093 et
951 1029 1143 1098 curationum,
1173 1030 1341 1105 omniaque,
1369 1032 1404 1087 de
1432 1030 1530 1103 quibus
1557 1037 1665 1088 oenum

104 1125 230 1184 lidueiam
256 1126 414 1196 oonoeperia
441 1126 627 1200 indulgentie,
653 1126 752 1184 secede
776 1125 835 1198 jam
861 1125 897 1185 ad
953 1118 1084 1177 babemus
1099 1119 1173 1192 quod
1190 1110 1336 1193 exp'adiant
1350 1119 1447 1178 uobis:
1464 1126 1557 1191 utpote
1575 1119 1600 1175 ai
1615 1116 1665 1177 tel

104 1214 318 1288 postulationem
334 1223 363 1272 ut
377 1231 483 1285 secure,
498 1224 630 1289 tanquam
644 1224 770 1290 redeptus
787 1213 816 1270 iu
834 1230 900 1288 pra·
955 1207 1077 1277 tentatio,
1093 1207 1298 1280 supplicandum
1326 1207 1445 1280 quidem,
1459 1224 1510 1281 pro
1524 1222 1558 1265 ea
1570 1217 1601 1265 ut
1614 1206 1665 1265 aui

104 1304 169 1361 dam
188 1305 306 1375 Domini,
330 1303 378 1361 tibi
396 1311 424 1361 et
444 1306 584 1363 conservis
608 1305 660 1362 tuis
682 1304 781 1362 audeas
808 1313 902 1378 petere
954 1303 1025 1363 ιῐθ,
1041 1296 1088 1354 sed
1115 1313 1171 1354 110ss
1198 1296 1277 1353 nimis
1304 1297 1414 1368 obnixe,
1442 1296 1572 1371 quoniam
1598 1297 1665 1355 ino

106 1392 180 1467 quod
194 1400 314 1465 oportet.
328 1392 364 1450 m
381 1391 503 1453 fortassis
517 1394 648 1467 requiras,
663 1393 736 1451 unde
758 1399 805 1449 aut
831 1408 901 1464 quo·
955 1385 1110 1443 meminisse
1124 1402 1233 1459 semper
1246 1386 1353 1460 oporiet
1374 1385 1530 1460 apostoliea
1551 1385 1627 1445 illius
1640 1400 1665 1447 u

105 1481 186 1539 modo
202 1497 282 1539 nosse
297 1484 407 1551 poteris,
424 1492 512 1540 utrum
533 1484 603 1541 hane
617 1481 712 1557 lilios,
724 1481 901 1557 Jam1oouse·
956 1474 1079 1531 liae²N0⁸
1093 1475 1170 1532 ellim
1177 1475 1244 1549 quid
1257 1491 1379 1547 oremus,
1389 1476 1462 1534 Sitti
1471 1479 1592 1549 oportit.
1606 1490 1665 1537 m

107 1575 188 1627 aulus
209 1569 248 1627 sis
271 1569 478 1643 indulgentiam.
493 1571 538 1629 Sia
555 1570 681 1628 nimirum
709 1570 901 1629 conservandae
917 1609 939 1689 Β
957 1563 1047 1634 (Rom.
1062 1578 1121 1633 suu,
1145 1566 1209 1637 io);
1233 1572 1260 1621 et
1282 1563 1340 1621 Deo
1363 1563 1453 1636 magia
1474 1565 1658 1637 committere,

105 1656 263 1713 humilitatis
286 1658 383 1730 gmtia,
408 1657 498 1716 diuina
520 1658 590 1716 solet
614 1658 700 1730 pietas
718 1657 845 1716 ordinare
873 1664 902 1713 ut
956 1662 1055 1708 temere
1069 1649 1172 1724 aliquid
1194 1652 1267 1725 apud
1291 1668 1341 1710 uos
1364 1652 1487 1709 definire.
1505 1654 1571 1710 lime
1584 1660 1665 1713 auten

107 1750 207 1817 quanto
219 1746 336 1818 quisque
358 1747 419 1821 plus
441 1744 559 1819 prolicit,
580 1762 614 1805 eo
632 1747 723 1805 minus
746 1762 777 1803 ae
796 1754 905 1819 reputet
956 1750 1014 1799 toto
1029 1741 1174 1808 insemel
1188 1743 1262 1799 omni
1276 1750 1397 1816 tempore
1409 1743 1587 1816 postulanda;
1602 1744 1665 1805 hmo

109 1833 264 1904 profecisse.
280 1835 348 1891 Nam
371 1846 399 1893 et
422 1852 508 1910 usque
535 1836 570 1894 ed
595 1852 751 1909 supremum
780 1834 904 1894 exercitii
956 1848 1008 1905 pro
1022 1831 1120 1903 quibus
1134 1831 1302 1888 incessanter
1316 1836 1344 1887 et
1356 1847 1437 1905 quam
1452 1833 1552 1889 obnixe
1567 1841 1665 1904 potero

107 1923 256 1996 spiritualis
283 1924 409 1995 gradum,
446 1924 554 1998 siquis
579 1941 612 1982 eo
637 1940 724 1998 nsque
752 1921 904 1997 peruenerit
958 1922 1043 1977 Deum
1071 1921 1188 1977 clament
1215 1920 1351 1979 desideria
1365 1929 1413 1977 tua
1429 1939 1436 1978 ι
1452 1928 1484 1977 ut
1509 1921 1610 1978 babeas
1636 1936 1665 1995 pr

108 2010 203 2086 [elios.
218 2010 383 2087 proieceritl,
399 2013 499 2086 aliquid
515 2014 539 2069 ei
561 2013 596 2069 de
617 2011 697 2086 primi
721 2011 824 2084 gradus
851 2010 903 2067 im·
956 2009 1016 2079 ejus
1027 2008 1136 2079 bonam,
1148 2017 1175 2065 et
1185 2007 1292 2080 plaeere
1300 2008 1523 2082 possisinooulis
1532 2006 1664 2082 pietatisi

108 2099 274 2172 perieo'lioue
288 2100 460 2174 relinquitur,
477 2109 506 2158 ut
523 2102 568 2159 vix
582 2101 633 2157 sibi
646 2100 764 2174 primum
782 2099 904 2160 uideatur
956 2105 983 2153 ot
997 2097 1025 2153 in
1039 2113 1072 2154 eo
1087 2097 1173 2165 vivas,
1189 2105 1215 2155 et
1230 2097 1355 2154 moriaris
1375 2098 1404 2154 in
1426 2098 1496 2169 ipso,
1512 2106 1542 2154 ut
1560 2095 1665 2175 glorian

108 2187 235 2261 adeptus.
262 2189 386 2247 Attamen
412 2189 469 2248 seio
495 2189 561 2263 quid
579 2189 660 2247 hodie
685 2189 784 2246 leolum
810 2189 846 2246 sit
877 2189 905 2245 in
958 2185 1061 2253 videre,
1078 2193 1104 2241 et
1118 2186 1177 2257 ipso
1193 2184 1245 2242 irui
1261 2187 1288 2242 iu
1311 2194 1468 2256 perpetuum
1490 2185 1631 2244 merearis
1654 2184 1665 2245 l

109 2276 262 2350 Evangelio
277 2277 357 2351 (92¹).
372 2278 483 2336 Dixerat
495 2280 574 2335 lesus
596 2277 741 2353 paralytico
757 2296 763 2336 :
780 2278 902 2351 confide,
958 2275 1028 2332 euim
1040 2274 1665 2346 dictumest:smemlenmsrioneemte(llll

111 2366 165 2438 fili,
178 2367 370 2424 remittuntur
380 2367 434 2424 tibi
446 2371 562 2441 peoeoio
577 2372 642 2426 tuo:
658 2377 685 2423 el
697 2374 852 2440 reputatum
863 2375 905 2425 est
958 2362 1015 2436 lt).
1032 2364 1108 2420 Unde
1124 2373 1151 2420 et
1163 2366 1312 2436 propbeta:
1325 2366 1496 2438 Ειιᾳιιιιιυιι,
1512 2364 1611 2442 inquit,
1623 2368 1653 2427 ie

113 2455 138 2511 ei
152 2454 188 2511 ad
212 2454 414 2527 blasphemiam.
438 2456 474 2511 At
493 2455 548 2526 ille,
563 2455 607 2512 eui
632 2455 758 2513 nimirum
777 2455 904 2529 eogitatio
957 2468 1041 2522 meo,·
1055 2453 1159 2525 sociem
1179 2456 1269 2519 tuom,
1293 2454 1422 2517 Domine.
1437 2454 1602 2528 reperirem
1617 2461 1665 2513 ott

107 2539 227 2596 bominis
248 2538 363 2598 1188
377 2539 534 2600 confitetur:
559 2541 642 2612 Quid
656 2541 753 2616 inquit,
772 2543 903 2615 conlutis
960 2542 1059 2611 lineam
1069 2540 1116 2609 ait,
1130 2540 1364 2614 petiioDomino,
1377 2542 1616 2616 ionereqnirom,
1627 2544 1664 2603 iti

108 2630 187 2687 molo
200 2629 368 2688 socordibus
382 2629 504 2688 vestris?
517 2629 707 2704 blasphemare
720 2645 764 2685 me
778 2629 905 2701 blaspha-
958 2629 1044 2687 bitem
1056 2631 1089 2687 in
1103 2629 1184 2689 domo
1199 2630 1313 2688 Domini
1339 2631 1469 2691 omnibns
1487 2631 1584 2691 dietas
1603 2624 1665 2693 vito

109 2716 199 2787 matis,
215 2723 244 2774 et
256 2717 333 2791 qnasi
352 2718 386 2773 ud
410 2719 594 2775 excusandum
617 2717 732 2775 visibilis
758 2718 905 2776 ouratiouis
959 2721 1174 2792 (Panl.xxv1,8,
1195 2720 1234 2791 t).

108 2805 904 2881 virtutemmeiuuisibilemdicitisusurpare(93l.sedego
995 2810 1022 2864 6.
1036 2808 1120 2864 Ροιιο
1142 2808 1176 2863 ed
1200 2813 1324 2880 quartum
1347 2823 1436 2884 genas
1464 2808 1606 2881 orationis,
1626 2827 1665 2887 qo

107 2908 157 2952 vos
170 2895 264 2968 potius
275 2893 447 2969 blasphemos
461 2911 523 2952 esse
534 2894 678 2964 eonvinoo,
693 2895 773 2968 siguo
789 2896 906 2970 probans
922 2884 945 2964 t
960 2897 1107 2975 gratiarum
1122 2897 1202 2967 aetio,
1220 2912 1367 2970 perpaucos
1389 2898 1520 2971 attingere
1536 2900 1622 2957 oredo
1637 2900 1665 2973 (t

79 2980 82 2985 ’
108 2981 208 3042 visibili
231 2983 393 3041 invisibilem
418 2992 592 3056 potestatem.
619 2986 652 3044 lli
671 2985 779 3052 scietas,
808 2982 905 3056 iuquit,
960 3004 1014 3063 quo
1029 2987 1125 3055 rarius,
1142 3000 1176 3043 eo
1199 2987 1344 3058 pretiosius
1358 2997 1410 3044 est.
1426 2988 1537 3044 Multam
1552 2988 1665 3065 euimpt

81 3070 83 3075 ’
107 3075 348 3148 qoiopotestotem
358 3072 441 3133 babet
450 3075 539 3132 lilim
549 3073 672 3132 bominis
680 3074 712 3130 in
723 3073 905 3131 ternodimit·
959 3077 1074 3151 gratiam
1086 3075 1205 3132 inveniet
1219 3075 1292 3149 apud
1307 3076 1403 3148 Deum
1420 3077 1665 3153 quemjuxtaproo

109 3160 403 3235 semipoenitentiae
418 3162 905 3238 oiipornlyiioo):Surpeiollepro-
958 3182 1020 3223 natu
1050 3180 1126 3221 auam
1149 3164 1260 3222 exaudit
1287 3173 1430 3238 autequam
1458 3165 1665 3240 iuvooalurliao

109 3249 208 3306 boiam
231 3253 324 3318 inim,
346 3253 375 3306 et
396 3251 513 3308 ambulo
536 3250 648 3321 (darili.
672 3266 713 3322 rx,
733 3251 802 3321 tu).
823 3251 858 3307 Et
875 3258 905 3306 tu
953 3256 1022 3326 ill:
1049 3264 1078 3311 et
1092 3252 1276 3309 testimonium
1308 3253 1405 3310 reddet
1430 3253 1536 3325 spiritui
1557 3254 1665 3327 eius&

80 3336 85 3343 '
110 3352 178 3410 ergo
199 3335 223 3392 si
240 3337 298 3407 iam
321 3336 413 3409 surgis
435 3336 568 3395 desiderio
601 3354 789 3409 supemomm,
804 3339 829 3394 si
842 3355 904 3410 gra·
956 3359 1038 3418 quem
1056 3339 1138 3396 babet
1152 3356 1184 3396 ex
1198 3341 1267 3409 Deo,
1283 3340 1410 3413 quoniam
1424 3340 1578 3398 exauditum
1592 3340 1665 3399 estd

110 3424 203 3481 batum
217 3432 292 3482 tuum
306 3423 389 3497 tollis,
404 3439 504 3498 eorpus
516 3426 619 3485 seilicet
633 3442 650 3484 a
665 3427 780 3484 terrenis
798 3427 906 3486 elevans
958 3432 1029 3488 rium
1043 3429 1113 3500 ejus,
1129 3428 1168 3484 ita
1180 3436 1210 3484 ut
1224 3437 1315 3486 oertua
1333 3430 1392 3502 jam
1411 3444 1467 3486 uon
1485 3444 1572 3497 orare,
1589 3428 1665 3507 sedp

109 3512 304 3587 uoluptatibus,
323 3522 351 3570 ut
372 3514 431 3586 jam
449 3528 505 3570 nou
532 3513 634 3570 feratur
654 3515 746 3571 anima
773 3508 904 3589 ooooupi·
957 3515 1198 3593 aperepossit.Sie
1211 3516 1282 3572 euim
1294 3517 1415 3573 babesin
1429 3518 1522 3575 Lazari
1536 3518 1665 3593 resuscito

110 3600 220 3659 soeutiis
232 3603 301 3673 eius,
316 3601 367 3660 sed
385 3601 475 3677 magis
488 3602 558 3676 ipsa,
578 3614 607 3660 ut
622 3603 738 3679 dignum
763 3612 814 3671 est,
830 3613 907 3679 regat
959 3606 1005 3662 ubi
1017 3605 1160 3671 Dominus,
1172 3604 1232 3661 lieet
1246 3605 1321 3674 prius
1335 3605 1401 3661 nibil
1416 3617 1537 3663 orasset:
1548 3606 1665 3677 Potoni

111 3691 187 3760 illud,
202 3698 231 3749 et
247 3693 319 3750 ierat
339 3707 394 3768 quo
414 3707 469 3750 uon
494 3691 571 3749 uult:
587 3693 609 3749 si
636 3694 746 3750 demum
771 3694 905 3764 ambulas,
958 3698 1066 3769 pratilis
1088 3710 1138 3767 opo
1166 3692 1228 3761 tibi,
1257 3696 1325 3769 quio
1338 3695 1448 3753 aedisti
1468 3713 1514 3754 me
1527 3698 1622 3767 (ioan.
1636 3710 1665 3753 xl

111 3796 172 3854 quae
186 3789 260 3839 retro
274 3790 337 3839 suut
351 3780 527 3852 obliviscens,
542 3792 569 3839 ει
583 3781 616 3837 ad
631 3797 741 3856 eaquae
755 3790 816 3840 aute
830 3792 905 3854 suot,
960 3784 1048 3841 Prima
1061 3783 1155 3859 igitur,
1170 3782 1198 3838 id
1213 3790 1255 3840 eat
1276 3783 1438 3855 obsecratio,
1453 3785 1612 3843 verecundo
1628 3776 1665 3843 bs

111 3876 138 3926 te
153 3870 302 3926 extendens
316 3870 451 3927 desiderio
464 3879 490 3928 et
517 3869 657 3944 proposito
671 3869 838 3943 proficiendi,
858 3889 907 3930 ou·
959 3881 1013 3930 ειιι.
1042 3872 1175 3939 Secunda,
1204 3888 1286 3944 quam
1311 3873 1423 3944 proprie
1450 3873 1567 3930 diximus
1595 3866 1665 3932 ond

111 3964 200 4013 retum
222 3965 249 4014 te
277 3972 337 4014 esse
362 3972 417 4015 nou
444 3958 561 4016 dubites.
575 3960 671 4033 Neque
695 3961 769 4018 euim
791 3976 907 4035 surpere
959 3960 1058 4018 alieotu
1072 3975 1159 4032 puro:
1176 3967 1205 4017 ut
1224 3959 1350 4017 videlieet
1363 3977 1418 4018 uon
1437 3961 1665 4037 dissimulemuap

112 4053 231 4119 poteras,
245 4045 269 4103 si
288 4061 344 4103 uon
366 4048 534 4119 aliquatenus
553 4062 623 4105 onus
637 4056 709 4107 osset
729 4049 904 4118 alleviatump
962 4057 999 4117 la,
1014 4064 1071 4106 non
1090 4065 1141 4107 uos
1165 4049 1313 4123 palpemus,
1343 4049 1460 4108 seientes
1486 4050 1559 4124 quod
1586 4050 1665 4125 aiom

114 4149 164 4192 neo
178 4135 319 4209 grabatum
335 4134 440 4205 tollere,
454 4135 508 4192 nisi
529 4144 692 4196 exoneratus
711 4139 818 4212 mapia3
847 4138 909 4212 quia
963 4138 1178 4196 misericordiam
1202 4137 1305 4195 inuenit
1341 4139 1413 4210 apud
1443 4139 1551 4209 Deum,
1579 4139 1605 4196 si
1631 4136 1665 4195 in*

117 4238 169 4281 nee
181 4224 319 4283 ambulare
333 4224 361 4280 in
378 4223 486 4281 feruore
507 4225 723 4283 conuersationis
734 4242 796 4284 euru
809 4243 908 4303 pecea-
963 4227 1044 4285 iuerit
1072 4228 1156 4284 durus
1181 4227 1267 4300 judex
1290 4228 1319 4284 in
1342 4229 1528 4300 semetipsum.
1549 4225 1652 4295 Tertia,

116 4319 205 4371 torum
219 4313 295 4387 pravi
307 4314 380 4370 mole
392 4313 522 4386 possibile
539 4322 590 4372 est.
962 4314 1119 4391 postulatio,
1148 4316 1267 4383 amplum
1296 4315 1394 4389 quaerit
1420 4314 1565 4382 allectum,
1595 4319 1624 4371 et
1651 4312 1665 4371 l

153 4403 182 4458 lt.
198 4403 312 4474 Propter
325 4400 399 4476 quod
412 4401 573 4459 fiducialiter
586 4402 647 4474 jam
668 4402 805 4475 postulare
820 4411 910 4475 potest
962 4402 1141 4470 latitudinem,
1156 4404 1228 4461 sieut
1240 4403 1444 4477 scriptumest:
1464 4404 1593 4462 Pantulei
1611 4406 1665 4463 ιιιιι

116 4490 164 4565 qni
176 4489 313 4562 ejusmodi
326 4500 383 4549 est:
400 4498 505 4548 tantum
517 4499 622 4560 ειιειι,
637 4506 672 4548 oe
685 4491 758 4550 lorte
774 4499 820 4551 aut
842 4507 908 4564 pos·
961 4493 1017 4564 fide
1030 4492 1249 4552 nibilbaesitons
1264 4493 1334 4564 (loe.
1346 4510 1366 4563 ι,
1378 4494 1417 4565 d).
1427 4492 1514 4549 Credo
1529 4492 1601 4549 enim
1616 4506 1665 4564 pto

112 4581 182 4638 tulet
194 4595 249 4637 nou
264 4581 440 4654 postulanda;
457 4589 504 4637 aut
516 4582 597 4638 nimis
611 4582 730 4652 postulet
743 4596 804 4653 quse
817 4595 836 4637 a
850 4582 909 4638 Deo
962 4581 1081 4639 dietum:
1102 4584 1299 4656 θιειιιειιιιιιιιε
1322 4583 1414 4643 lemn
1429 4583 1582 4640 conaverit
1594 4598 1665 4655 pers

111 4679 176 4726 sunt
195 4670 357 4742 postulanda
371 4687 379 4738 3
395 4675 442 4725 aut
459 4685 493 4726 ea
506 4669 596 4742 tepide
611 4677 723 4743 querat,
740 4684 802 4742 qua
821 4687 838 4727 a
852 4677 908 4727 toto
961 4674 1054 4729 nester
1063 4672 1119 4728 erit
1132 4673 1226 4745 (lasne
1240 4686 1260 4741 ι,
1272 4672 1318 4743 3);
1334 4671 1407 4744 quod
1426 4678 1528 4727 tantum
1542 4670 1665 4741 impetral

111 4757 221 4825 nlieotu,
236 4756 348 4815 etomni
361 4763 482 4829 tempore
497 4773 560 4815 sunt
580 4759 735 4831 quaerenda.
750 4760 861 4831 Peiiiis,
881 4763 910 4817 et
962 4770 1090 4831 quantum
1119 4760 1317 4832 porrexerimus
1345 4759 1444 4830 pedem
1474 4758 1547 4816 fidei.
1568 4756 1665 4829 Quarti

112 4863 171 4906 non
185 4847 327 4922 occipitia,
342 4847 380 4904 ait
390 4846 517 4913 Jaoobus,
532 4862 562 4905 eo
576 4847 731 4921 paederote
747 4849 863 4920 petetis,
877 4852 910 4906 nt
963 4853 1008 4904 est
1021 4845 1171 4921 gratiarum
1183 4845 1202 4903 Ι
1212 4844 1295 4904 187
1310 4848 1391 4916 aetio,
1404 4850 1464 4920 ipsa
1474 4846 1665 4904 labetessad

113 4939 147 4994 in
166 4936 405 5010 mnoopiseentiis
418 4936 521 4995 ursinis
538 4937 692 4995 insumatis
711 4934 783 5008 (Ιιιε.
805 4950 847 5006 aa,
868 4934 909 5007 ³).
962 4951 1000 4993 ne
1013 4936 1182 5009 plenissima,
1196 4944 1223 4992 et
1236 4936 1343 4994 deliciis
1358 4935 1487 4993 amnena.

113 5024 160 5080 sio
171 5024 228 5098 opit
241 5025 384 5097 omniaqui
396 5032 507 5081 terrena
521 5023 698 5096 quaritultro
712 5023 910 5095 ιιιειιίιιιειιι,
998 5027 1027 5081 t.
1042 5026 1103 5082 lam
1125 5041 1189 5082 uero
1212 5026 1246 5082 de
1268 5025 1419 5083 reverentia
1437 5024 1580 5092 orationis,
1596 5022 1626 5080 in
1640 5038 1665 5083 at

115 5111 161 5184 qui
191 5111 356 5170 mundialem
387 5111 505 5185 gloriam
519 5117 644 5181 aeetrtm,
660 5118 706 5168 aut
734 5110 910 5185 voluptatem.
963 5113 1063 5171 leolum
1077 5121 1119 5171 est
1132 5115 1160 5171 iu
1176 5114 1305 5186 capitulo,
1320 5113 1407 5187 ipsius
1416 5113 1529 5186 llegulae
1544 5127 1595 5171 vos
1608 5108 1665 5171 mol

151 5254 233 5339 (9273
247 5252 409 5328 lliuepatet,
423 5256 495 5312 buno
508 5269 660 5314 sermonem
681 5250 911 5313 babitum'luisse
966 5257 1125 5314 mantionis
1144 5258 1288 5322 virtutem,
1311 5257 1384 5313 miii
1413 5254 1586 5314 invisibilem
1609 5270 1665 5314 ιιιιι

116 5326 702 5531 ffiffiffliffiffi'ffiffiffiw
715 5405 773 5531 ὦ
783 5396 912 5533 ruffi
965 5327 1270 5527 Ξῖῗιζίἓῖἶέριωωι
1286 5397 1366 5467 isse,
1381 5398 1510 5456 mone
1524 5398 1559 5455 ιιι
1572 5396 1609 5455 aa
1628 5396 1665 5465 os,

283 5486 290 5539 ἱ
427 5509 435 5538 ι
1003 5488 1042 5527 m.
1107 5538 1113 5545 Ι
1148 5507 1156 5525 .
