3734 5948
170 243 229 297 aas
636 235 665 290 S.
682 231 857 289 eumaem
871 232 1017 291 senatis
1029 235 1371 296 CLARAE-VALLENSIS
1770 240 1824 297 880

173 368 287 421 conatus
302 367 343 416 est
358 357 466 413 imitari.
482 356 569 426 Quam
584 357 681 413 melius
695 356 832 428 seraphim
848 371 898 412 aue
913 356 971 428 ipsa
987 373 1011 451 Α
1029 377 1102 429 nem,
1126 369 1156 417 ut
1171 361 1303 428 diximum
1329 361 1368 417 sic
1382 376 1398 418 e
1413 360 1641 437 mediisquoque
1656 358 1824 431 spiritualem

173 448 352 507 admiratione
374 445 476 510 felices,
500 444 678 502 veneratione
694 445 774 501 etiam
799 444 972 501 venerabiles
1027 448 1053 506 ei
1068 449 1233 507 intellectum
1245 455 1351 518 natura,
1368 448 1417 504 sod
1432 463 1486 504 non
1501 447 1581 504 etiam
1592 447 1681 521 gratia
1693 447 1825 505 affectum

173 536 250 603 fiunt,
266 551 358 593 veram
382 533 483 605 inipso
505 534 638 589 babentes
660 531 786 605 gloriam,
803 531 846 587 cni
868 531 972 588 servire
1026 537 1112 593 dedit.
1128 538 1182 594 Sed
1209 536 1386 594 nibilominus
1400 553 1435 592 ex
1449 535 1549 592 infimis
1573 536 1632 593 istis
1655 536 1734 594 facile
1757 536 1825 594 satis

172 641 291 700 regnare
315 631 366 693 est,
382 630 410 680 et
423 625 495 694 apud
519 639 601 696 quem
626 621 715 677 omnis
730 621 777 696 qui
806 636 835 677 sc
850 620 973 676 humiliet
1025 625 1244 683 animadvertere
1274 632 1327 691 est,
1357 640 1438 698 quam
1464 626 1591 682 inventus
1623 625 1658 681 sit
1685 624 1825 683 fidelitatis

172 712 325 773 exaltatur?
340 714 375 768 Et
390 728 462 770 nuuc
478 711 541 768 audi
565 709 795 784 quemadmodum
810 709 852 766 bis
866 709 973 765 duabus
1026 730 1136 786 expers,
1149 730 1203 772 non
1218 723 1311 770 antem
1325 714 1448 771 similiter
1462 714 1584 771 caruisse
1594 713 1748 786 prudentia.
1765 714 1823 771 Nisi

173 804 222 860 ulis
247 803 349 877 ipsum,
378 801 453 876 quod
467 800 595 866 diximus,
617 807 699 873 caput
726 799 834 856 Domini
861 815 896 854 ne
924 797 973 853 ini·
1026 810 1055 858 tu
1078 804 1147 859 forte
1162 803 1244 859 alium
1269 803 1386 876 aliquem
1415 810 1495 874 putas
1517 818 1589 875 esse,
1605 803 1651 877 qui
1664 803 1753 861 dictus
1781 810 1824 860 est

171 908 242 965 quus
269 891 314 947 ille
348 888 483 961 inspiciat,
511 888 604 945 Velare
640 887 780 958 Seraphim
816 885 970 943 uideamur·
1025 895 1157 951 callidior
1168 896 1279 953 conctis
1298 893 1493 951 animantibus
1503 908 1618 963 serpens
1633 893 1711 965 (Gen.
1722 906 1765 962 ιιι,
1782 893 1821 964 t).

148 980 286 1052 ‘Quoties
313 978 385 1035 enim
413 994 522 1035 sursum
536 976 630 1051 dirigit
644 975 741 1043 aciem,
761 975 790 1029 iu
818 973 971 1047 angelicam
1024 979 1105 1039 Forte
1130 982 1211 1038 etjam
1240 996 1293 1038 non
1322 981 1474 1054 incongrue
1497 981 1613 1037 dicimus
1631 979 1761 1053 quoniam
1790 995 1823 1037 00

173 1068 265 1125 statim
287 1066 443 1125 felicitatem
458 1075 486 1124 et
503 1066 618 1140 gloriam
639 1066 775 1140 malignus
790 1063 919 1136 offendit3
944 1069 972 1119 et
1025 1068 1086 1140 ipso
1103 1078 1157 1125 tam
1181 1058 1365 1127 irrevocabilis
1393 1083 1473 1126 casus
1492 1070 1561 1139 ejus,
1580 1067 1823 1142 irreparabilisque

172 1155 289 1215 uffessffli
302 1155 411 1214 oculum
425 1155 560 1227 pessimis
574 1155 680 1222 humor,
697 1153 767 1212 litui
790 1151 927 1226 proprius,
942 1157 972 1206 ut
1025 1160 1129 1217 collisio
1146 1160 1236 1227 luerit,
1261 1159 1334 1232 quod
1349 1173 1384 1215 ex
1399 1159 1439 1214 his
1454 1173 1521 1233 quas
1535 1158 1652 1214 diximus
1678 1156 1739 1227 alis,
1754 1157 1825 1214 siem

172 1253 317 1318 penetrare
335 1244 405 1300 nitra
421 1258 475 1300 nnn
489 1241 585 1315 possit.
597 1242 642 1299 Sic
651 1241 777 1298 nimirum
792 1239 870 1312 qnasi
883 1239 958 1313 gomi
1025 1248 1053 1304 in
1068 1256 1142 1320 parte
1158 1249 1253 1304 dextra
1268 1246 1341 1303 nulla
1356 1246 1482 1316 adfuerit,
1506 1246 1546 1303 sic
1559 1246 1588 1301 in
1603 1245 1669 1302 leva
1684 1245 1758 1301 nulla
1773 1245 1823 1302 de·

174 1349 210 1390 oo
224 1332 343 1407 quonam
356 1331 502 1399 ariamiro.
524 1349 558 1388 ac
573 1330 731 1388 sublimiora
750 1328 911 1403 prospiciat.
926 1328 971 1383 io·
1025 1337 1116 1395 fuerit.
1132 1339 1191 1394 non
1204 1338 1242 1392 ita
1257 1352 1322 1392 sane
1336 1335 1391 1391 duo
1409 1334 1459 1403 itit,
1485 1349 1554 1408 quos
1569 1334 1728 1406 prophetias
1740 1334 1823 1390 nonis

173 1423 252 1479 vidus
279 1421 470 1494 prepeditum
499 1422 533 1476 ad
562 1420 682 1486 illorum.
719 1434 789 1493 quui
815 1416 973 1491 Superioris
1026 1426 1094 1483 visio
1125 1424 1324 1482 commendavit
1351 1431 1465 1489 stantes,
1500 1431 1528 1480 et
1558 1428 1679 1479 astantes
1704 1421 1823 1479 Domino

173 1512 276 1568 habere
290 1510 373 1580 dolet,
396 1509 478 1567 modo
494 1508 605 1583 quidem
627 1507 796 1577 felicitatem,
815 1507 897 1564 modo
911 1505 972 1580 glo·
1025 1515 1183 1595 majestatis.
1213 1515 1297 1583 Cuius
1324 1513 1405 1569 etiam
1438 1511 1553 1577 duabus,
1584 1517 1613 1566 ut
1639 1509 1741 1567 dictum
1770 1518 1823 1580 est,

173 1598 252 1668 riam,
268 1597 349 1654 modo
363 1604 507 1669 ullamque
526 1596 617 1664 simul,
641 1597 816 1654 reverberata
830 1593 888 1650 acie
903 1609 971 1651 con-
1026 1605 1076 1661 giis
1103 1610 1185 1675 capul
1220 1603 1334 1669 velant,
1373 1601 1432 1673 ipsa
1460 1599 1589 1672 equidem
1627 1613 1678 1654 sug
1705 1597 1824 1654 admira.

174 1688 326 1743 iibeiiissss·
338 1684 406 1756 Quis
415 1684 487 1742 inim
498 1692 552 1740 ¹⁸¹⁰
562 1685 654 1759 illlis
665 1684 785 1758 plurilus
795 1681 878 1749 Ouili,
890 1697 972 1756 (luam
987 1681 1010 1758 Β
1026 1695 1110 1761 tione,
1126 1693 1153 1747 in
1168 1708 1222 1764 qua
1245 1692 1417 1747 delectantur
1430 1689 1546 1746 feliciter
1558 1703 1591 1744 ac
1604 1686 1782 1745 veneratione
1797 1687 1825 1744 in

173 1776 273 1833 invidia
301 1776 366 1834 esi?
393 1776 450 1831 Neu
476 1790 542 1832 veru
569 1774 628 1830 filiii
655 1774 724 1831 litui·
747 1773 864 1840 invidus.
888 1787 971 1846 quum
1026 1799 1080 1855 qua
1093 1781 1246 1838 sublimiter
1259 1775 1823 1854 gloriantur:duabusetiampodas,fide·

173 1862 261 1918 auena
275 1860 363 1936 gloria
386 1870 414 1918 et
428 1860 556 1918 felicitate
575 1869 727 1935 torquetur.
752 1861 862 1920 ttiseria
885 1859 970 1929 onia.
1026 1870 1100 1927 litate
1122 1869 1250 1927 videficet
1272 1876 1354 1943 atque
1378 1868 1533 1941 prudentia.
1547 1867 1638 1927 &Porro
1652 1866 1759 1922 duabus
1777 1880 1824 1923 vo·

173 1959 203 2008 ut
216 1950 301 2018 aiunt,
316 1948 513 2007 invidiecaret.
1026 1959 1092 2027 lant,
1120 1967 1234 2026 naturae,
1262 1965 1291 2013 ut
1319 1957 1446 2021 diximus.
1462 1955 1629 2028 perspicacia
1651 1961 1680 2011 et
1701 1954 1825 2011 efficacia

210 2062 254 2117 ιι,
275 2058 330 2114 Sed
346 2063 373 2115 et
385 2056 469 2128 pedes
483 2057 601 2126 nomini,
618 2058 717 2130 quibus
736 2058 864 2114 nimirum
885 2057 973 2129 impe.
1026 2046 1132 2121 gratim.
1149 2046 1220 2102 Sane
1238 2046 1356 2103 mediam
1372 2046 1448 2119 quasi
1472 2045 1618 2118 quamdam
1633 2043 1825 2118 longanimita-

173 2142 334 2202 nctrabilem
347 2144 511 2216 judiciorum
525 2148 586 2217 ejus
595 2146 735 2218 abyssum,
747 2154 774 2203 ct
788 2145 972 2219 dispositionis
1028 2143 1083 2193 tem
1111 2135 1211 2191 nudam
1226 2135 1414 2207 visibilemque
1429 2134 1594 2206 relinquunt,
1624 2131 1824 2207 longitudinem

173 2233 235 2302 eJus
249 2232 307 2287 vias
329 2231 447 2288 diximus
469 2233 677 2307 investigabiles
690 2233 842 2308 designari,
868 2235 973 2289 duabus
1027 2225 1088 2281 dicu
1103 2232 1131 2280 ci
1146 2223 1341 2297 benignitatem
1357 2223 1417 2290 Dei.
1432 2222 1466 2279 ud
1488 2222 1676 2295 poeuiteniiutn
1699 2221 1826 2277 homines

174 2335 252 2391 aeque
274 2319 324 2375 alis
346 2320 437 2376 velam
451 2321 597 2392 seraphim,
613 2322 672 2395 Ego
696 2330 788 2378 autem
811 2322 881 2387 ἀίω,
907 2337 974 2392 pru.
1028 2313 1175 2368 invitantis.
1192 2312 1327 2370 Omnibus
1350 2311 1423 2368 enim
1438 2328 1552 2369 cernere
1576 2320 1628 2377 est,
1644 2311 1825 2384 quemadmo-

172 2407 266 2464 dentia
280 2415 307 2464 et
322 2406 461 2466 fidelitate.
479 2410 546 2464 Cum
556 2409 629 2464 euim
645 2418 673 2466 et
688 2411 785 2468 fideles
800 2410 904 2482 pariter·
918 2410 971 2464 mi·
1027 2402 1091 2458 dum
1108 2403 1196 2458 solem
1210 2417 1288 2458 suum
1304 2416 1388 2473 super
1403 2401 1537 2466 bonesci.
1552 2400 1640 2457 milui
1653 2398 1719 2456 uiiri
1733 2397 1825 2464 faciat,

173 2495 252 2553 nistri
266 2496 329 2565 sint,
345 2504 373 2552 et
388 2495 555 2568 prudentes,
578 2495 618 2552 sic
632 2497 723 2553 divine
737 2498 849 2570 negotia
861 2505 972 2572 gerunt,
1028 2500 1055 2548 et
1070 2491 1144 2564 pluat
1168 2508 1250 2563 super
1263 2492 1351 2560 justos
1364 2489 1467 2563 pariter
1483 2497 1511 2546 et
1535 2490 1660 2560 injustos.
1675 2488 1732 2545 fiac
1746 2487 1826 2543 nimi-

173 2592 202 2642 et
224 2583 304 2640 salua
319 2584 464 2656 providem
486 2585 647 2655 electorum,
663 2594 693 2640 ut
712 2585 846 2657 malignus
863 2587 908 2643 itte
923 2586 974 2643 de-
1028 2596 1089 2636 rum
1116 2579 1248 2636 charitate
1276 2594 1357 2635 veroo
1379 2578 1425 2635 iile
1450 2578 1578 2635 Salomon
1599 2576 1677 2648 qnasi
1699 2575 1826 2650 qaedam

173 2672 348 2746 prehendere
363 2672 541 2730 omninonon
554 2672 651 2743 possit.
668 2675 706 2728 Ex
721 2675 772 2730 boc
786 2673 889 2745 pedum
902 2674 975 2731 vela·
1028 2668 1118 2724 media
1157 2682 1206 2723 sua
1242 2667 1391 2724 constravit
1427 2676 1540 2740 propter
1569 2666 1638 2723 filias
1673 2664 1825 2723 Jerusalem

173 2770 269 2819 mento
292 2761 394 2819 factum
410 2776 482 2828 reor,
505 2768 534 2817 ut
557 2761 685 2818 nesciens
705 2762 851 2818 Dominum
880 2761 975 2836 gloriae
1029 2758 1124 2830 (dont.
1141 2772 1181 2825 ur,
1198 2759 1262 2826 ro):
1280 2765 1309 2813 ut
1318 2756 1417 2830 quibus
1431 2756 1527 2813 altiora
1541 2772 1571 2812 se
1585 2771 1709 2829 quaerere
1719 2761 1748 2813 et
1762 2768 1826 2827 pro-

174 2848 271 2927 fecerit
297 2848 439 2923 cmcifigi:
470 2865 505 2906 ex
520 2850 572 2906 boc
596 2848 717 2922 quotidie
732 2849 805 2916 fieri,
829 2858 858 2906 ut
881 2852 975 2907 salutis
1029 2843 1114 2901 funda
1145 2845 1283 2918 vestigare
1308 2860 1363 2901 non
1387 2844 1465 2911 licet;
1495 2845 1522 2900 in
1544 2844 1587 2901 bis
1610 2845 1705 2900 saltem
1728 2842 1828 2900 mediis

177 2946 280 2995 nostrae
305 2937 425 3010 negotiis
452 2937 583 3012 ignorans
609 2939 710 2996 serviat
724 2947 752 2997 et
773 2939 884 3008 invitus,
912 2955 974 2996 sero
1030 2932 1140 2989 uuleuui
1163 2933 1297 2999 exerceri,
1322 2940 1350 2989 ei
1377 2931 1410 2988 ud
1437 2932 1585 3001 sublilium,
1615 2930 1827 3006 sublimiumque

173 3024 349 3100 postmodnm
372 3025 516 3098 plangens,
531 3025 684 3099 quoddam
708 3025 807 3083 obesse
827 3026 922 3094 voluit,
937 3025 977 3081 in·
992 2984 1014 3064 ii
1030 3023 1130 3080 exinde
1162 3037 1254 3079 rernm
1281 3020 1368 3079 955
1389 3019 1646 3093 contemplationem
1670 3016 1829 3091 promoveri

173 3122 271 3174 ventus
294 3121 338 3172 est
350 3113 498 3187 profuisse.
512 3114 557 3171 Sic
583 3114 709 3171 nimirum
729 3131 778 3186 per
804 3115 976 3171 administra·
1030 3111 1175 3184 aliqnando
1198 3116 1364 3166 mereantur.
1381 3110 1516 3166 Caeterum
1530 3108 1713 3182 nequissimus
1731 3106 1779 3163 ille
1793 3119 1828 3161 ex

173 3203 258 3261 torios
271 3203 384 3276 spiritus
397 3203 518 3259 illuditur
533 3207 594 3275 ejus
616 3205 732 3274 astutiae,
749 3204 821 3277 quod
837 3213 864 3260 et
880 3203 975 3261 fideles
1029 3201 1079 3256 hac
1093 3199 1198 3257 visione
1225 3207 1253 3255 et
1280 3199 1308 3254 iu
1341 3199 1468 3270 praesenti
1494 3206 1639 3272 torquetur
1665 3198 1768 3270 acrias,
1798 3206 1829 3256 et

174 3291 292 3365 aintqni
306 3292 448 3364 detegere
468 3291 564 3362 nolint,
588 3299 615 3347 et
637 3292 788 3365 prudentes
812 3294 858 3367 qui
884 3293 975 3350 norint
1029 3290 1140 3363 gravius
1173 3287 1341 3346 cruciabitur
1367 3288 1395 3344 in
1423 3289 1523 3345 futuro.
1558 3288 1674 3344 Primum
1702 3287 1827 3361 quidem,

174 3382 271 3452 tegere
285 3378 383 3436 fficinae
397 3393 465 3451 erga
478 3392 531 3434 nos
553 3379 734 3451 providentiae
747 3390 776 3436 et
790 3380 975 3452 dispositionis
1029 3378 1102 3452 quod
1140 3378 1225 3449 ipsam
1264 3376 1344 3433 nobis
1378 3377 1614 3451 longanimitatem
1650 3376 1829 3450 benignitatis

174 3481 286 3539 areana
1029 3467 1164 3533 invideat,
1191 3466 1302 3532 deinde,
1327 3465 1400 3538 quod
1424 3482 1596 3540 nequaquam
1621 3465 1673 3520 sibi
1699 3464 1751 3538 ipsi
1775 3467 1829 3522 hac

176 3544 180 3551 ’
209 3556 256 3612 fi.
271 3553 406 3610 Caeterum
420 3552 490 3610 sicut
505 3568 521 3609 e
534 3553 669 3626 supremis
682 3553 788 3610 duabus
802 3553 852 3610 alis
861 3554 972 3627 nequis·
1029 3553 1126 3611 saltem
1140 3555 1284 3613 occasione
1302 3555 1456 3627 provideat,
1471 3562 1501 3611 nt
1522 3555 1557 3610 ad
1575 3554 1762 3627 paenitentiam
1777 3555 1828 3610 ad-

174 3641 259 3699 simus
277 3641 322 3699 ille
337 3640 544 3699 admirationem
561 3641 666 3710 babuit,
685 3642 734 3699 sed
749 3657 804 3700 non
818 3643 973 3701 veneratio·
1029 3644 1151 3701 ducetur.

576 3942 912 4059 SANC'H
955 3942 1437 4060 BERNARDI

731 4148 876 4206 annuns
892 4150 1219 4210 GLARAE-VALLENSIS

469 4319 945 4462 SERMONES
992 4329 1101 4458 DE
1150 4327 1542 4461 SANCTIS.

741 4691 781 4758 IN
802 4692 1072 4763 contansteris
1093 4699 1124 4762 S.
1147 4694 1272 4762 PAULI.

496 4876 613 4937 seruo
631 4880 652 4936 Ι.
990 4901 1013 4980 n
1028 4897 1139 4941 carnem
1153 4884 1305 4957 ambulans,
1321 4885 1521 4958 predicationis
1535 4885 1626 4943 officio
1639 4884 1774 4944 convertit
1790 4885 1825 4941 ad

215 4963 354 5036 (ὶιιοιιιοᾶο
369 4965 406 5025 cd
420 4969 582 5042 exemplum
595 4971 658 5042 ejus
668 4976 793 5029 concerti
810 4969 949 5028 debenus.
1028 4972 1130 5039 Denm3
1148 4989 1220 5031 nunc
1234 4989 1344 5048 quoqne
1360 4977 1387 5031 in
1401 4976 1462 5049 ipso
1476 4974 1582 5032 felicius
1596 4974 1701 5046 vivens,
1711 4979 1740 5031 et
1752 4972 1825 5048 apud

211 5057 237 5108 t.
253 5054 350 5112 llerito
363 5056 483 5129 quidem,
499 5056 680 5126 dilectissimi,
695 5059 838 5117 conversio
849 5058 973 5117 Doctoris
1028 5058 1127 5131 ipsum,
1144 5075 1179 5116 ne
1195 5060 1285 5118 adbuc
1307 5061 1418 5134 quidem
1433 5068 1524 5117 cessat
1546 5062 1581 5117 ab
1596 5060 1736 5117 hominum
1759 5075 1825 5116 con·

174 5141 299 5218 gentium
320 5134 361 5199 'ab
389 5145 563 5204 universitate
592 5147 716 5221 gentium
749 5147 853 5207 festivis
866 5147 974 5222 gaudiis
1026 5147 1170 5207 versione:
1189 5147 1251 5206 dico
1265 5157 1367 5218 eutem,
1381 5148 1521 5223 exemplo,
1534 5149 1666 5220 oratioue,
1690 5147 1823 5216 doctrina.

175 5230 258 5289 bodie
272 5228 439 5290 celebratur.
453 5234 551 5292 llultos
565 5234 639 5290 enim
661 5235 697 5291 ab
712 5236 762 5293 hac
777 5235 869 5293 radice
884 5251 974 5293 ramos
1028 5236 1176 5309 Propterea
1198 5238 1317 5311 denique
1340 5238 1527 5298 conversionis
1540 5239 1602 5310 ejus
1616 5236 1750 5297 memoria
1771 5236 1827 5293 fre·

173 5317 309 5395 prodiisse
321 5319 455 5381 videmus.
484 5325 637 5382 Conversus
650 5324 760 5398 Paulus,
788 5326 975 5384 conversionis
1030 5332 1187 5400 qnentmm,
1203 5326 1277 5400 quod
1288 5334 1315 5384 et
1328 5327 1387 5399 ipsa
1397 5342 1507 5401 quoque
1521 5325 1738 5385 memorantibus
1753 5324 1825 5381 utilis

173 5407 300 5475 minister
313 5408 402 5469 factus
417 5410 599 5470 estuniverso
612 5413 726 5472 mundo.
741 5415 774 5471 Et
800 5413 899 5472 multos
914 5415 973 5489 qui·
1031 5414 1197 5475 inveniatur.
1212 5415 1242 5471 ln
1258 5415 1308 5473 bac
1322 5415 1396 5473 enim
1418 5416 1552 5475 memoria
1565 5423 1593 5472 et
1605 5422 1734 5490 peccator
1747 5430 1825 5488 spem

174 5494 240 5554 dem
254 5496 317 5557 olim
341 5499 370 5557 in
383 5515 468 5559 carna
482 5499 581 5568 adbuc,
606 5500 656 5561 sed
675 5517 731 5560 non
743 5503 801 5574 jam
824 5505 974 5562 secundnm
1032 5494 1121 5566 'venie
1145 5507 1274 5580 concipit,
1291 5513 1320 5565 nt
1342 5507 1553 5581 pmvocsturad
1570 5504 1762 5581 poenitemim
1778 5523 1786 5577 ;
1801 5512 1829 5562 at
