3728 5934
55 249 113 310 eat
706 231 879 297 stultolltls
891 221 925 293 iii
943 228 1093 291 uiuitur.
1657 222 1712 287 822

10 376 29 429 Ι
56 392 91 434 ea
104 370 322 447 pronuntiaverit
340 383 395 426 non
408 363 567 438 simpliciter
580 364 662 428 bona,
679 359 726 417 sed
740 357 844 431 optima
873 351 1118 448 ,amaritudinem
1143 351 1171 407 in
1194 350 1330 407 salubrem
1360 350 1429 406 benc
1458 347 1632 419 unctionem3
1647 349 1712 422 quia

57 466 94 523 Et
107 478 180 538 pono
193 462 315 519 diuersas
328 459 437 531 species
450 461 663 528 unguentorum,
678 464 733 521 uuo
747 464 781 506 ex
795 447 859 521 plu·
912 466 959 510 cor
976 449 1122 509 contritum
1145 455 1172 504 et
1198 447 1370 504 humiliatum
1397 446 1472 503 Deus
1485 461 1542 505 non
1568 445 1710 519 despiciet.

10 542 31 603 Ι
58 556 136 612 ribus
154 567 195 622 ea,
218 565 289 623 qum.
307 547 477 621 potissimum
500 558 608 617 sponse
631 538 764 598 uberibus
790 551 858 594 can·
912 540 973 596 Nou
999 548 1041 597 est
1058 537 1169 596 omnino
1196 536 1358 609 spernenda,
1387 550 1437 592 neo
1463 535 1527 592 vilis
1553 535 1713 595 neumandi

10 648 32 691 Ι
59 652 169 719 gmant,
181 642 324 715 eligamus.
344 639 392 694 list
400 643 567 708 unguentum
583 628 762 694 contritionis,
777 635 805 684 et
818 635 860 683 cst
913 628 1100 700 hujuscemodi
1113 627 1213 693 unctio,
1229 624 1385 695 cuiusodor
1406 640 1461 681 non
1475 625 1565 681 solum
1588 625 1711 689 homiues

10 736 32 797 Ι
60 740 228 806 unguentum
243 727 404 794 devotionis,
420 733 461 783 esi
477 733 504 782 ei
519 720 637 796 pieiuiis.
653 719 772 776 Primum
786 733 859 787 pun·
912 727 1088 801 plouoffliud
1101 725 1305 791 correctionem,
1321 723 1370 781 gud
1389 732 1417 780 ut
1430 722 1543 797 g'ngelog
1567 722 1601 780 gd
1615 723 1712 781 mul.

10 828 32 871 Ι
58 823 184 898 gitivnm,
199 820 321 877 dolorem
338 816 455 882 laciens;
478 812 625 869 secundum
643 806 857 880 temperativum,
912 818 1039 872 uuuuuum
1068 814 1173 870 inguae,

10 920 31 979 Ι,
58 912 181 970 dolorem
195 908 312 978 leniens;
329 903 439 960 tertium
461 900 623 965 sanativum,
637 896 717 953 etiam
731 893 858 952 morbum
945 910 974 963 ι,
989 903 1044 959 Suu
1058 915 1100 960 use
1114 910 1281 979 unguentum
1295 909 1370 957 tanto
1386 899 1438 955 isto
1463 899 1583 971 proiecto
1609 901 1710 972 pretio·

10 1008 27 1053 Ι
56 999 207 1074 expellens.
222 999 301 1053 Nunc
314 993 349 1051 de
364 989 478 1061 singulis
492 990 572 1045 latios
586 987 767 1043 disseramus.
911 994 978 1058 sius,
992 1001 1093 1066 quanto
1107 992 1141 1048 de
1167 990 1324 1047 melioribus
1351 991 1531 1061 compositum
1558 988 1709 1061 speciebus.

10 1100 23 1143 Ι
93 1093 122 1145 5.
139 1088 187 1144 Est
205 1100 271 1158 ergo
286 1088 463 1155 unguentum·
478 1077 552 1152 (1⁰0⁶
570 1075 623 1132 sibi
645 1073 859 1131 001¹fi⁰ii⁸uiffl⁸
911 1083 998 1153 liujus
1019 1080 1152 1154 siquidem
1166 1079 1273 1148 species
1292 1095 1327 1135 ne
1343 1078 1423 1152 longe
1437 1085 1603 1149 quaerantur,
1626 1095 1711 1151 penes

10 1178 18 1233 i
56 1176 153 1234 multis
174 1172 279 1230 irretita
292 1168 465 1238 criminibus,
485 1166 518 1232 si,
538 1180 601 1221 cum
621 1163 716 1232 incipit
737 1161 858 1234 cogitare
912 1186 963 1226 uus
977 1178 1004 1226 ut
1018 1171 1120 1240 ubsque
1143 1167 1299 1224 difficultate
1319 1166 1480 1239 ruperimus,
1500 1181 1531 1222 uu
1552 1167 1589 1225 uu
1611 1168 1711 1226 uoueri,

10 1280 13 1299 '
53 1266 117 1322 vies
131 1279 206 1329 tuas»
221 1261 342 1335 milium,
366 1266 502 1330 (ulgerii,
517 1262 694 1328 mummium
711 1252 739 1309 5¹¹
754 1261 858 1308 ⁰¹⁰¹'ii‘
912 1267 1025 1324 hortulis
1044 1266 1137 1322 talium
1158 1263 1288 1336 perfacile
1311 1263 1414 1335 copiam
1438 1264 1569 1335 tollimus,
1591 1265 1712 1335 quoties-

53 1354 128 1412 riolo
143 1351 316 1411 eonscientiae
332 1350 428 1405 multas
454 1345 586 1404 aerarias
602 1343 710 1416 species
727 1348 856 1413 peccalo·
912 1370 1019 1430 cunque
1035 1356 1181 1412 messius
1205 1353 1300 1425 puscit,
1328 1352 1396 1421 Quis
1410 1353 1483 1408 uuum
1497 1367 1550 1410 uuu
1582 1353 1648 1410 suu,
1676 1355 1711 1412 du

53 1458 119 1500 rum
134 1455 255 1507 suorum,
270 1447 296 1495 st
312 1438 381 1494 iutra
395 1434 531 1492 aestuantis
549 1432 667 1505 pectoris
680 1431 764 1488 ollem
778 1429 858 1485 simul
911 1447 1031 1521 ,mpsim
1046 1460 1109 1501 gum
1129 1444 1195 1508 vulg,
1216 1442 1250 1496 gd
1275 1457 1384 1498 manum
1397 1443 1478 1499 buggu
1505 1442 1660 1513 iniqueque,
1684 1453 1711 1502 ,g

55 1532 152 1589 ⁰¹u¹15²
174 1536 274 1602 00<l¹²⁸i
295 1529 358 1601 ³8⁰⁰
372 1525 488 1598 quodam
511 1522 674 1596 poessiiffliiffi
696 1528 725 1577 θῑ
745 1520 856 1589 (Ῑθῑθῑῑθι
911 1547 1029 1608 peccata,
1052 1534 1074 1588 si
1089 1547 1143 1589 non
1172 1530 1353 1587 dissimulati
1369 1534 1416 1587 llas
1431 1540 1521 1587 autem
1534 1539 1608 1596 suut,
1639 1532 1710 1588 sicut

54 1631 88 1678 ut
106 1618 292 1689 possiidiuere
301 1632 362 1672 uum
373 1615 525 1683 Propileiat
541 1612 687 1669 Consuluit
701 1628 747 1668 cor
761 1627 856 1668 metim
911 1621 1113 1695 pgg03n030i1i3‚
1143 1620 1249 1692 species
1275 1620 1404 1693 unguenti
1432 1619 1523 1691 primi,
1553 1620 1627 1691 quod
1652 1621 1709 1690 jgm

54 1713 140 1768 inira
160 1723 215 1772 md,
231 1710 260 1763 ei
281 1709 313 1762 iit
322 1703 510 1761 meditulium
522 1718 586 1758 meti
604 1700 767 1758 exardescet
782 1701 856 1771 iqnia
872 1678 895 1757 Β
910 1712 1112 1785 descripsimus,
1135 1714 1172 1768 Ab
1194 1727 1259 1766 uero
1283 1709 1394 1767 secundi
1409 1711 1493 1776 hujus
1507 1717 1625 1766 ammeta
1640 1720 1709 1766 tem

54 1795 317 1871 (P⁶“i·¹l¹V1¹¹›4·i
328 1793 856 1860 30091100θδῑΰῦΰωΰΰὲΰθῐῑωωιῐιῑῑθ
910 1811 1004 1860 nostra
1017 1814 1187 1872 nequaquam
1210 1797 1320 1869 profert,
1337 1799 1385 1854 sed
1400 1798 1494 1869 procul
1513 1798 1588 1854 etde
1611 1797 1709 1854 ultimis

55 1888 149 1944 aniana
164 1883 301 1957 peccatrix
315 1899 373 1940 suae
386 1880 574 1940 conversionis
587 1877 733 1952 primordia
745 1879 856 1935 conclire
911 1890 1009 1947 fluibus
1038 1905 1069 1945 uu
1091 1887 1170 1943 uubis
1184 1886 1378 1958 conquirimus.
1394 1886 1500 1958 Nempe
1522 1901 1603 1943 omne
1616 1886 1709 1943 datum

52 1977 150 2046 debet,
169 1972 310 2046 plagisque
328 1971 385 2027 suis
407 1971 560 2027 recentibus
584 1970 723 2027 edhibelll·
736 1967 857 2023 Primum
911 1979 1052 2049 optimum,
1067 1987 1094 2034 et
1108 1990 1188 2032 omne
1202 1975 1303 2031 donum
1317 1973 1466 2047 perlectum
1492 1973 1633 2030 desursum
1668 1985 1711 2032 est

53 2079 174 2138 namque
208 2061 373 2119 sacrificium
410 2061 479 2130 Deo,
508 2060 618 2130 spiritua
650 2056 856 2117 contribulatus.
911 2065 1078 2123 descendens
1101 2081 1116 2119 a
1140 2066 1217 2120 Patre
1233 2061 1365 2119 luminum
1380 2063 1451 2132 (iac.
1467 2078 1487 2128 r,
1512 2063 1566 2131 l'l).
1583 2061 1624 2118 Fit
1637 2063 1710 2118 enim

53 2155 184 2225 Qusudiu
199 2169 267 2228 ergo
280 2153 443 2223 nonhabet,
459 2160 583 2226 tanquam
603 2164 709 2223 pauper
724 2157 752 2206 et
765 2148 855 2218 inope
911 2164 1079 2228 unguentum
1107 2153 1180 2210 istud
1202 2152 1236 2209 de
1250 2150 1349 2208 divinis
1362 2150 1468 2207 collatis
1480 2149 1592 2207 humani
1615 2152 1711 2223 generi

54 2243 131 2300 unde
145 2242 197 2301 sibi
212 2240 854 2314 meliusaepretiosiuscomponatungusntum3
911 2242 1056 2301 beneficiis.
1083 2242 1156 2299 Felix
1174 2241 1221 2314 qui
1248 2241 1308 2314 ipsa
1321 2239 1372 2295 sihi
1386 2240 1508 2297 studiosa
1529 2237 1667 2314 colligere,
1682 2250 1711 2298 et

55 2346 114 2389 non
129 2332 248 2408 negligat
269 2345 365 2404 parere
390 2329 497 2386 interim
521 2329 604 2396 istud,
624 2328 687 2386 licat
707 2329 743 2386 de
756 2329 856 2388 ritibus
910 2343 972 2390 aute
987 2331 1084 2388 mentis
1097 2346 1154 2386 suae
1168 2330 1261 2387 oculos
1275 2329 1358 2402 digna
1378 2345 1439 2384 cum
1462 2328 1596 2401 gutiarum
1606 2327 1711 2386 actione

54 2419 218 2490 speciebus;
233 2420 296 2491 quia
310 2432 359 2485 cor
382 2417 526 2474 contritum
545 2424 572 2472 et
594 2415 763 2475 humiliatum
782 2419 856 2474 licus
910 2424 1043 2480 reducere
1070 2427 1155 2477 curat.
1184 2418 1309 2475 Proiecto
1335 2433 1399 2474 curn
1417 2417 1517 2474 luerint
1546 2417 1574 2473 in
1601 2418 1710 2475 vtoenlo

55 2525 114 2566 non
129 2508 259 2581 despiciet
277 2507 406 2580 (Probo.
423 2508 479 2575 tu.)
494 2507 681 2562 Tautoautem
701 2504 791 2563 minus
804 2507 857 2564 vile
910 2511 1030 2587 pectoris
1042 2508 1143 2582 pistillo
1161 2507 1263 2565 crebre
1278 2506 1461 2564 meditationis
1487 2515 1601 2564 contusa
1626 2513 1709 2578 atque

54 2598 157 2654 diuinis
171 2596 313 2669 apparebit
331 2594 535 2665 conspectibus,
553 2600 653 2666 quanto
666 2593 729 2663 plus
742 2592 794 2650 sibi
809 2594 857 2651 ille
909 2601 1035 2671 mutuis,
1053 2598 1152 2656 deinde
1166 2600 1231 2670 igne
1243 2595 1328 2654 suncti
1351 2595 1477 2652 desiderii
1501 2594 1580 2651 simul
1595 2594 1707 2652 decocta

55 2686 166 2744 viluerit
184 2686 211 2741 in
229 2682 416 2741 recordatione
431 2690 601 2754 peccatorum
614 2696 734 2739 suorum.
910 2689 1010 2759 omniu,
1035 2695 1062 2744 et
1100 2687 1209 2743 demum
1253 2685 1422 2758 impinguate
1441 2685 1501 2740 oleo
1516 2683 1628 2754 laetitias,
1655 2681 1709 2739 erit

93 2779 123 2831 s.
143 2775 246 2831 Tamen
266 2774 290 2830 si
311 2772 359 2829 illo
383 2771 490 2844 visibili,
504 2784 561 2845 quo
580 2769 721 2827 visibiliter
742 2773 815 2830 aucti
839 2788 854 2828 a
911 2777 1001 2835 uuosio
1015 2778 1098 2851 longe
1111 2773 1256 2848 pretiosior
1275 2770 1710 2844 excellentiorquepriore.suiii·

56 2865 209 2923 Peccalrice
220 2864 344 2936 corporei
359 2863 440 2936 pedes
452 2861 502 2918 Dei
521 2860 675 2918 reiemntur
687 2861 715 2919 in
729 2861 854 2935 Brango·
874 2867 945 2976 ecit
956 2866 991 2921 ed
1018 2865 1186 2937 probandum
1196 2863 1256 2933 ejus
1283 2860 1465 2918 testimonium
1494 2860 1591 2935 quirit:
1610 2862 1709 2920 secm-

55 2953 105 3022 lio,
116 2953 251 3012 invisibile
265 2954 318 3011 hoc
331 2960 358 3008 et
370 2950 513 3026 spirituale
526 2949 612 3009 luisse
624 2950 739 3007 dicimus
753 2950 855 3023 iigura·
908 2953 1108 3026 ficiamiuudir
1118 2951 1313 3021 hemlificabit
1322 2965 1369 3006 me
1381 2952 1468 3019 (Paci.
1485 2965 1560 3016 xnrx,
1572 2951 1630 3019 ιιι).
1650 2948 1709 3007 Nec

56 3055 124 3112 torn,
150 3058 206 3101 non
232 3042 343 3098 omniuo
362 3041 414 3099 vilo
442 3047 568 3113 reputare
596 3039 756 3112 poterimus.
784 3038 853 3107 Quid
908 3043 1020 3101 dubium
1043 3040 1108 3114 quin
1136 3038 1234 3096 excitet
1261 3037 1295 3093 ad
1323 3037 1487 3093 laudandam
1514 3036 1708 3095 beneficiorum

54 3140 127 3198 enim
142 3137 176 3193 de
188 3134 235 3190 illo
250 3131 366 3209 legitur?
382 3133 417 3188 ut
440 3131 549 3199 dumus,
569 3131 662 3202 iuquit,
679 3131 798 3206 impletu
813 3135 855 3187 cat
909 3129 1067 3187 recordatio.

58 3222 348 3294 caedoreacgueaii
371 3221 465 3289 (ioan.
481 3236 531 3286 ιιι,
547 3219 587 3290 3.)
605 3220 855 3295 Ροοιιιιίοἱι(165)
944 3223 971 3273 8.
993 3218 1075 3274 Porro
1097 3231 1158 3271 oum
1170 3212 1309 3287 Scriptura
1337 3216 1389 3270 boc
1419 3213 1508 3268 solum
1534 3218 1649 3269 testetur
1672 3211 1707 3268 de

59 3312 188 3369 manibus
200 3307 388 3370 distillabatur,
400 3313 428 3360 et
437 3307 565 3361 extremis
579 3305 706 3362 membris
720 3307 853 3379 corporis,
909 3306 956 3363 illo
971 3307 1035 3372 elio,
1051 3306 1115 3379 quis
1129 3320 1300 3378 nequaquam
1319 3302 1478 3376 despicitur,
1494 3303 1579 3375 liquet
1591 3301 1709 3375 emplius

59 3402 143 3456 idest
167 3397 289 3467 pedibus,
305 3395 493 3452 tundebatur:
519 3392 634 3451 1229
646 3402 673 3451 et
691 3403 779 3453 tamen
801 3411 856 3453 non
909 3413 969 3454 esse
992 3396 1224 3464 commendatum,
1240 3394 1313 3466 quod
1328 3400 1356 3451 et
1383 3391 1554 3449 honorificat.
1582 3391 1707 3465 Denique

60 3487 235 3562 usqueadeo
255 3484 456 3556 mutemptibile
474 3490 521 3539 sut
543 3482 596 3540 vila
615 3483 674 3550 tuit,
693 3484 758 3556 quin
772 3492 856 3543 totam
913 3485 980 3542 illud
1007 3485 1123 3557 pedibus
1150 3483 1304 3568 apponitur,
1334 3483 1386 3541 hoe
1416 3482 1508 3554 capiti.
1536 3481 1653 3538 sienim
1679 3481 1708 3537 in

60 3575 171 3630 domum
192 3570 235 3630 ris
258 3579 407 3627 aromatum
428 3575 456 3624 et
477 3567 593 3624 suavitas
611 3568 853 3638 repleret-odoris.
906 3575 1015 3633 christo
1051 3584 1133 3648 caput
1160 3573 1194 3630 ad
1209 3572 1372 3629 divinitatem
1399 3572 1567 3628 referendum
1595 3579 1647 3640 ast,
1661 3572 1705 3628 di-

57 3662 138 3732 Quod
151 3661 174 3717 si
188 3661 359 3718 attendemus
377 3665 477 3731 quanta
488 3658 519 3712 in
532 3657 612 3713 stains
626 3659 776 3728 peccatoris
787 3676 855 3717 con·
909 3664 1083 3722 centel‘solo
1099 3682 1106 3718 ε
1121 3666 1211 3735 Crepsi
1241 3661 1348 3718 Christi
1377 3664 1449 3718 Deus
1464 3661 1491 3729 (l
1516 3661 1579 3719 Cor.
1596 3675 1635 3729 rr,
1650 3659 1705 3732 3);

56 3751 182 3808 versione
206 3749 353 3822 fragrantia
368 3754 540 3819 respergatur
563 3744 692 3817 Ecclesia,
706 3754 733 3803 et
747 3750 855 3819 quantis
908 3752 1003 3828 procul
1017 3753 1100 3808 dubio
1116 3759 1198 3823 ceput
1216 3749 1302 3821 ungit,
1318 3747 1363 3819 qui
1378 3747 1480 3821 gratias
1497 3748 1563 3821 agit,
1577 3747 1704 3819 quoniam

58 3841 104 3898 liat
118 3841 186 3898 odor
208 3837 317 3895 vitreari
340 3838 423 3894 uitam
443 3835 532 3909 quivis
550 3835 694 3904 poenitens,
711 3835 734 3892 si
750 3838 855 3910 publice
907 3845 992 3899 lleum
1007 3841 1102 3914 tangit,
1118 3853 1173 3895 non
1186 3838 1336 3893 hominem.
1351 3835 1412 3892 Non
1431 3835 1566 3907 quianon
1592 3836 1627 3893 sit
1649 3838 1703 3893 ho-

59 3929 229 3999 poriecteque
247 3925 389 3999 poeniteat,
406 3923 528 3995 pmiecto
549 3930 577 3979 et
599 3923 635 3980 de
648 3924 699 3980 hoc
719 3940 795 3996 aeque
809 3926 853 3983 iu·
908 3946 953 3987 mo
966 3928 1013 4004 qui
1026 3929 1100 3986 Deus
1113 3934 1163 3992 est,
1179 3925 1313 3997 siquidem
1326 3925 1402 3983 Dens
1416 3930 1444 3982 et
1466 3926 1549 3981 homo
1568 3938 1639 3982 unus
1664 3933 1705 3983 est

57 4018 213 4077 dubitanter
220 4016 536 4090 pronuntiabimus,quia
546 4015 854 4087 domarimpletueriec
906 4018 1039 4088 cbristus
1049 4017 1096 4075 sed
1109 4016 1174 4090 quia
1188 4030 1267 4070 omne
1283 4015 1385 4071 bouum
1400 4031 1416 4071 a
1445 4014 1516 4081 Deo,
1531 4029 1586 4071 non
1599 4016 1634 4072 ab
1649 4015 1703 4070 ho·

57 4109 142 4168 odore
170 4108 321 4179 unguenti.
350 4104 474 4176 Denique
506 4114 532 4159 et
559 4120 691 4176 supernas
714 4105 852 4160 beatorum
905 4109 979 4163 mins
992 4114 1044 4174 est,
1059 4105 1138 4162 etism
1157 4104 1246 4175 ipsum
1259 4105 1333 4176 quod
1350 4120 1399 4174 per
1410 4103 1548 4161 hominem
1571 4102 1703 4161 ministra·

53 4199 209 4253 mensiones
230 4195 339 4266 attingit
365 4192 534 4260 poenlteutire
557 4192 634 4258 odor,
659 4192 696 4248 ita
722 4201 762 4261 ut,
787 4201 852 4249 teste
907 4206 959 4254 tor.
977 4195 1100 4253 Proiecto
1114 4193 1311 4266 enimepiritus
1338 4202 1379 4249 est
1405 4193 1453 4267 qni
1483 4191 1610 4259 uitiiset,
1638 4208 1702 4251 caro

53 4288 116 4360 ipse
136 4284 262 4348 Veritatc,
284 4297 412 4354 magnum
436 4279 564 4352 gaudium
592 4279 628 4336 ait
654 4278 725 4335 inter
742 4281 853 4351 angelos
867 4245 891 4325 ss
906 4301 958 4343 non
975 4286 1086 4360 prodest
1099 4284 1244 4358 quidquam
1258 4283 1352 4356 (icon.
1368 4298 1405 4351 ιι,
1432 4283 1488 4352 bi).
1503 4282 1651 4352 Pmpterea
1675 4291 1704 4340 ct

55 4376 105 4432 Dei
117 4389 201 4445 super
218 4386 273 4426 uno
288 4377 428 4441 peccatore
450 4367 636 4440 poenitentiam
658 4380 757 4443 agente
771 4370 850 4444 (buc.
903 4376 1067 4434 maledictus
1079 4373 1126 4446 qui
1144 4389 1221 4446 spem
1235 4387 1314 4429 suam
1332 4372 1408 4444 ponit
1422 4370 1448 4426 in
1466 4369 1700 4441 hominciierem.

54 4481 100 4532 ιι,
120 4463 175 4534 tc).
186 4461 318 4525 Gaudete,
335 4458 512 4530 paenitentem
529 4457 726 4528 pusillanimes,
742 4461 852 4518 conior·
908 4481 976 4533 ιιιι,
991 4467 1037 4534 5);
1052 4462 1182 4536 quoniam
1196 4460 1245 4518 etsi
1261 4477 1324 4532 spes
1336 4467 1429 4517 nostra
1442 4466 1498 4517 tota
1517 4457 1613 4516 merito
1633 4474 1701 4531 pen·

55 4552 160 4611 tamiui.
175 4551 259 4608 Vobis
274 4549 344 4614 dico,
360 4562 429 4621 quos
452 4561 699 4619 superconsersos
713 4550 747 4607 de
761 4567 851 4610 smcu-
908 4553 955 4612 det
977 4570 1010 4609 ex
1035 4550 1144 4609 homine
1169 4550 1237 4616 Deo,
1267 4564 1322 4607 non
1353 4556 1443 4604 tamen
1464 4548 1527 4622 qnia
1545 4549 1638 4621 bonno,
1652 4547 1701 4608 sed

54 4643 92 4710 lo,
106 4647 133 4697 et
148 4656 163 4694 a
181 4641 232 4697 uiis
254 4638 352 4695 restris
372 4636 461 4708 pruris
475 4637 645 4703 recedentes,
661 4640 771 4709 excepit
788 4657 850 4697 mor
909 4641 972 4715 quie
990 4641 1064 4697 Deus
1085 4647 1136 4695 eat.
1170 4639 1263 4711 ltaque
1288 4636 1355 4692 illud
1383 4635 1510 4708 pedibus,
1538 4638 1591 4694 hoc
1618 4636 1702 4712 capiti

53 4729 204 4787 amaritudo
231 4736 259 4784 et
283 4726 405 4784 conlusio
426 4725 508 4782 animi
538 4725 703 4799 paenitentis,
726 4742 757 4782 ac
777 4728 852 4784 reiut
914 4729 1078 4787 exhibetur:
1093 4726 1221 4799 quoniam
1250 4731 1278 4781 et
1297 4723 1448 4781 humiliatio
1473 4723 1582 4780 contriti
1609 4724 1699 4782 cordis

52 4818 199 4877 recentium
220 4817 310 4873 adhuc
333 4817 473 4874 vulnerum
492 4814 571 4870 dolor
593 4815 692 4871 nimius
714 4820 851 4878 excruciat
905 4817 1048 4877 humilitati
1061 4815 1300 4888 congmitcamis‚
1316 4819 1345 4870 et
1358 4815 1522 4885 majestatem
1540 4814 1618 4873 decet
1641 4816 1701 4891 glo·

51 4915 80 4964 et
97 4906 247 4979 perturbat.
256 4905 363 4961 Securae
373 4914 573 4959 munusrestrae
587 4901 720 4960 distillent
734 4909 850 4979 myrrhae
908 4907 1029 4967 riiicatio.
1041 4906 1082 4963 lin
1097 4905 1176 4979 quale
1190 4911 1358 4978 unguentum
1372 4903 1501 4976 proposui
1528 4904 1618 4976 robis,
1642 4921 1696 4979 qno

88 5039 165 5114 (165)
188 5039 246 5095 lloc
272 5036 301 5092 in
323 5036 383 5094 loco
410 5035 463 5109 (uti
481 5042 509 5091 ct
527 5033 591 5091 alibi
606 5050 659 5091 non
676 5037 770 5104 semel,
789 5055 849 5095 aer·
906 5043 975 5098 rium
987 5041 1126 5112 liegnum,
1141 5038 1195 5096 imo
1218 5039 1381 5096 recentiores
1395 5053 1449 5094 uon
1466 5036 1556 5109 pauci,
1572 5040 1701 5112 grauibus

51 5126 133 5168 mone
152 5108 428 5181 udedssumptione,
444 5104 700 5234 etc-econiunditur
715 5111 849 5176 peccatrix
904 5127 969 5169 sane
989 5111 1164 5197 argumentis,
1201 5111 1313 5167 alteram
1340 5108 1373 5165 ab
1387 5109 1471 5165 altera
1514 5109 1698 5186 distinguunt,

51 5182 98 5239 illa
124 5182 230 5248 mulier,
250 5181 283 5237 de
311 5195 366 5252 qua
392 5179 464 5252 apud
514 5193 603 5244 amnt,
623 5193 684 5250 cap.
710 5195 758 5247 ιιι,
787 5197 849 5238 cum
903 5191 1107 5254 atqueetmma
1128 5179 1211 5236 liaris
1235 5182 1401 5254 hisgdaleua,
1431 5180 1465 5236 de
1488 5195 1541 5251 qua
1567 5181 1701 5242 caristus

51 5253 148 5320 uaria,
170 5252 260 5309 Lazari
280 5258 308 5308 et
328 5252 440 5308 unmhae
462 5265 566 5319 sorore,
589 5265 651 5321 qum
665 5249 771 5313 „Christi
791 5253 848 5309 Do·
904 5256 1025 5323 ejecerat
1038 5261 1142 5324 septem
1152 5252 1296 5318 daemonia,
1312 5255 1384 5324 apud
1405 5254 1533 5322 hiarcam,
1550 5269 1610 5325 cap.
1634 5271 1693 5323 ιιι,

51 5326 118 5383 mini
136 5325 227 5397 pedes
248 5324 275 5383 in
288 5322 399 5380 metello
417 5322 554 5389 hamarum
577 5331 714 5394 unguento
731 5322 849 5394 periodit
903 5342 964 5397 quae
977 5326 1056 5382 Lucae
1069 5339 1130 5392 cap.
1145 5339 1195 5379 ιιιι
1210 5334 1302 5380 secute
1322 5332 1364 5381 est
1392 5323 1528 5382 Christum
1542 5340 1604 5381 cum
1635 5326 1696 5384 aliis

49 5397 122 5470 apud
132 5397 345 5467 ioannem,cep.
356 5408 407 5460 ru,
415 5392 702 5453 ubidomacscodore
769 5397 850 5455 cerati
903 5396 1050 5465 etquidem
1078 5406 1140 5452 ante
1154 5395 1360 5454 consensionem
1387 5396 1609 5471 (uteisvidetur)
1630 5413 1699 5474 pec·

52 5468 163 5542 repleto
175 5464 395 5525 colluctemur
406 5462 733 5538 pleriqoeseterumanto
771 5480 850 5538 rego·
903 5466 1018 5526 catricis.
1034 5466 1133 5525 uouier
1143 5483 1296 5527 sermonem
1316 5470 1360 5526 li.
1376 5466 1445 5529 inira
1459 5485 1534 5524 nuru.
1552 5472 1579 5526 6.
