3734 5948
109 221 163 282 735

578 217 606 275 S.
626 215 790 277 studeant
809 216 945 277 tenetls
962 212 1280 275 steen-vantsumu
1714 214 1757 275 lib

111 349 207 415 ciouis,
237 354 267 402 ut
284 345 396 418 peceati
428 343 478 399 etsi
510 359 563 399 non
592 342 680 399 omnis
702 359 809 413 sensus,
830 352 903 399 certe
919 358 942 435 Α
957 339 1117 396 necessitate
1140 338 1248 395 inventa
1271 346 1333 393 sunt
1351 339 1434 393 verba
1451 360 1458 397 :
1474 338 1537 411 quis
1558 335 1756 395 nmdattte·

79 480 83 485 .
112 452 260 494 consensus
281 434 373 489 elssrrat
388 441 416 486 et
430 431 581 502 abjiciatur.
609 434 649 487 An
663 432 772 488 dubitas
787 431 902 487 inueniri

112 534 139 581 ot
152 525 177 579 in
192 524 279 579 anima
293 520 434 594 sanguinis
448 536 500 576 non
517 521 618 576 inutilis
632 520 752 577 inutilem
768 520 904 576 abundan-

112 615 199 670 tiam?
213 612 284 667 nudi
299 612 446 682 sapientem
462 609 607 674 medicum,
621 610 667 680 qui
681 619 708 666 et
722 612 809 681 ipsum
826 609 905 664 docet

108 701 220 772 justitia
234 700 391 769 sanguinem
406 698 578 755 minuendum
591 700 665 766 Noli,
681 697 768 769 inqrrit
782 699 905 753 ariminen

111 792 269 862 essejnstns
285 788 388 859 (Enete.
405 804 453 854 vu,
469 788 521 858 l'll.
537 787 629 842 Simile
643 795 683 841 est
697 795 723 842 et
737 785 806 841 istud
826 789 903 858 Apo·

111 878 174 933 stoli
187 894 193 932 :
206 878 266 935 Non
274 879 340 950 plns
356 894 461 950 sapere,
474 894 558 950 paam
568 880 676 947 opertet
690 891 795 948 sapere,
807 875 854 932 sed
865 892 906 930 sa·

111 984 175 1041 pere
191 967 227 1022 ad
249 967 429 1024 sobrietatem
445 966 534 1035 (Rene.
550 981 597 1025 xrr.
613 965 651 1035 3).
668 964 716 1019 Cui
734 971 811 1034 putas
834 978 907 1017 venae

111 1056 277 1128 parcendum
293 1061 333 1109 est
362 1053 385 1108 si
409 1063 435 1109 et
446 1054 561 1124 justitie,
577 1062 603 1107 et
617 1051 747 1124 sapientia
760 1059 840 1121 egent
854 1051 907 1114 mi·

111 1143 247 1200 untione?
279 1141 433 1211 Quisenim
462 1142 572 1213 sangaris
588 1140 701 1194 rutilior?
725 1139 793 1195 Illud
820 1147 907 1195 tamen

112 1240 258 1296 memento,
286 1245 335 1286 nec
363 1230 444 1286 nimis
458 1231 571 1299 justum,
587 1230 707 1298 justum:
739 1245 788 1283 nec
808 1229 907 1284 ebriam

112 1327 140 1376 ut
154 1320 190 1375 ita
214 1321 316 1390 loquar,
337 1317 494 1389 sapientiam
520 1325 626 1389 oportet
645 1317 802 1388 sapientiam
818 1318 908 1373 nomi-

47 1406 50 1411 ’
112 1409 183 1463 nari.
202 1407 247 1463 Sic
261 1406 388 1462 nimirum
404 1416 431 1461 et
445 1407 471 1461 in
486 1405 618 1479 sanguine
641 1407 763 1477 corporis
789 1405 910 1461 invenire

112 1506 163 1561 est,
178 1496 224 1551 ubi
240 1495 393 1554 excreverit
415 1494 505 1562 nimis,
520 1510 574 1549 nen
594 1497 647 1565 jam
662 1494 853 1551 nutrimentum
867 1493 910 1548 al-

114 1583 185 1640 lcrre
199 1582 317 1653 corpori,
332 1582 380 1638 sed
394 1582 594 1638 detrimentum.
609 1581 792 1650 Quamobrem
808 1583 829 1636 si
846 1598 909 1652 pee-

112 1686 175 1725 care
190 1671 304 1726 delectat
317 1669 414 1737 adbuc,
431 1669 541 1742 sanguis
555 1669 670 1726 vitiosus
685 1679 734 1738 est,
744 1677 771 1725 at
787 1670 907 1725 minuere

112 1758 251 1815 festinato.
264 1758 292 1814 Si
308 1759 347 1813 vis
361 1773 443 1829 agere
456 1758 651 1830 paenitentiam,
667 1759 799 1829 castigare
812 1758 905 1831 lulius,

114 1846 222 1920 punire]
243 1854 349 1918 oportet
376 1847 506 1913 membra,
523 1861 620 1916 corpus
634 1845 767 1920 allligere,
789 1847 909 1916 judicare

112 1935 295 2004 temetipsum,
320 1943 351 1990 ut
372 1950 426 1990 uon
445 1934 547 1990 incidas
563 1934 591 1988 in
605 1951 700 1990 manus
714 1935 765 1990 Dei
778 1933 905 1992 viventis.

111 2026 220 2080 lustum
234 2024 262 2078 in
276 2023 395 2095 quidem,
413 2024 459 2079 sed
482 2023 517 2078 de
532 2023 596 2094 quid
611 2023 702 2080 nimis.
718 2023 846 2095 Alioquin
861 2040 907 2079 re-

112 2112 269 2183 primendus
284 2119 325 2168 est
336 2112 424 2169 leruor
436 2112 644 2179 immoderatus,
660 2128 694 2168 ue
709 2119 806 2169 noceat
820 2111 908 2168 unita-

111 2201 143 2271 ti,
162 2201 464 2258 serciatiudiscretionl.

405 2288 521 2346 senato
554 2290 624 2346 ClX.

219 2379 257 2435 De
267 2379 350 2434 inani
360 2376 506 2450 splendore
519 2380 659 2434 uirtutem
667 2379 797 2435 cauendo.

148 2465 305 2531 Careamus,
333 2464 438 2531 iratres,
468 2482 502 2521 ue
530 2482 657 2523 vasorum
691 2467 797 2523 interim
822 2484 907 2524 vacuo

115 2552 260 2620 splendore
280 2553 397 2624 decepti,
431 2568 491 2607 sero
518 2554 649 2624 conqueri
678 2555 907 2627 habeamusquod

114 2640 252 2710 lampades
265 2647 366 2697 nostra,
380 2641 580 2714 extinguuntur.
596 2641 652 2713 Ego
668 2642 740 2696 enim
763 2658 825 2699 reor
853 2647 905 2699 mi-

114 2726 188 2781 nime
208 2727 295 2783 luisse
308 2742 446 2792 accensas,
467 2744 526 2798 qna
540 2737 605 2783 tunc
618 2728 740 2786 videntur
759 2732 906 2805 exstingui.

114 2813 160 2867 Sic
170 2828 269 2885 nempe
280 2815 377 2871 babes:
388 2816 534 2873 Similcest
542 2833 662 2888 reputem
671 2818 806 2875 coelorum
814 2820 906 2878 decem

113 2902 279 2974 nirpim'bns,
296 2921 359 2977 ane
372 2906 540 2977 accipientes
556 2905 702 2978 lampades
713 2923 779 2964 snos
793 2908 905 2980 (llattlr.
923 2906 945 2984 c

111 3005 174 3058 xxv,
204 2991 242 3063 l).
258 2993 434 3064 accipientes
460 2992 535 3060 dixit,
551 3008 602 3047 uon
618 2993 813 3051 adscendentes.
830 2997 905 3064 ero·

110 3077 271 3135 modoenim
280 3080 472 3148 accenderunt,
487 3097 548 3154 quae
562 3097 615 3139 uon
628 3092 802 3154 sumpserunt
815 3086 903 3140 olerum

111 3169 227 3223 securem
240 3176 285 3224 aut
300 3169 347 3224 ubi
361 3170 431 3244 ignis
449 3171 558 3227 materia
574 3170 668 3243 deluit,
684 3176 821 3245 quomodo
836 3175 907 3246 ignis

112 3255 184 3313 luit‘l
195 3257 230 3312 At
244 3256 317 3312 lueet
332 3258 440 3314 castitas
454 3260 537 3314 etiam
561 3275 593 3315 ex
618 3261 717 3332 seipsa.
738 3261 791 3317 Sed
806 3271 907 3336 quanto

111 3342 225 3398 lucidior
239 3344 344 3416 lampas
361 3345 469 3416 ardens,
486 3363 565 3418 quam
580 3347 640 3404 sine
654 3349 727 3421 igue,
742 3360 816 3408 tauto
843 3353 905 3422 pul-

113 3430 204 3487 chrior
222 3434 442 3505 castageueratio
457 3450 518 3489 cum
533 3437 674 3492 charitate.
690 3438 735 3493 Sic
749 3451 776 3496 et
790 3456 806 3496 a
820 3453 903 3498 caete-

112 3518 151 3575 ris
165 3519 349 3592 voluptatibus
379 3523 568 3594 temperantia,
585 3531 612 3580 et
624 3525 751 3595 patientia
764 3528 791 3581 in
807 3530 906 3587 adver·

113 3607 246 3678 sitatibus,
270 3611 397 3666 honestas
411 3611 438 3666 in
453 3613 669 3682 conversatione,
690 3623 717 3670 et
740 3615 906 3689 circumspe-

112 3695 166 3753 ctio
180 3695 209 3753 in
238 3713 373 3767 sermone,
398 3699 571 3772 eleemosyna
594 3713 746 3775 quoquest
773 3707 906 3774 ejusmodi

113 3799 195 3855 opera
217 3785 332 3856 pietatis,
360 3789 476 3844 naturali
498 3791 612 3863 quadam
637 3793 745 3862 placere
764 3796 864 3866 gratia,
881 3805 908 3850 et

114 3872 187 3928 uelut
200 3873 320 3945 ingenito
337 3876 437 3934 decore
451 3878 530 3934 etiam
541 3881 612 3952 apud
629 3882 713 3937 latuas
727 3884 846 3955 virgines
860 3901 907 3940 re-

114 3960 217 4017 nitere·
227 3962 361 4021 ridentur.
394 3966 431 4020 At
449 3968 576 4038 quoniam
606 3972 690 4027 vitrea
712 3974 800 4047 magis
827 3990 906 4047 quam

114 4049 195 4119 ignes
208 4048 327 4109 claritate
341 4050 492 4126 fulgebant,
508 4073 541 4111 eo
560 4060 617 4127 ipso
630 4061 765 4132 lampades
779 4079 841 4119 suas
865 4080 907 4119 ar-

115 4137 282 4196 bitrabantur
308 4142 437 4214 extingui,
469 4160 522 4215 quo
546 4148 670 4203 nimirum
701 4149 807 4206 inanem
837 4153 908 4208 huuc

958 437 1107 486 rumtamen
1130 436 1157 482 et
1177 442 1228 482 nos
1252 427 1326 498 ipsos
1340 426 1431 483 verbis
1450 428 1508 497 jam
1520 425 1634 499 alloqui
1658 441 1757 485 scaen

958 524 1008 573 est.
1020 517 1116 573 Nonne
1130 517 1186 572 Deo
1195 515 1322 586 sabjecta
1335 517 1403 580 cris,
1413 517 1513 573 anime
1525 531 1594 574 mea
1606 514 1756 587 strophe)

959 604 1006 674 ait,
1018 603 1051 660 ab
1075 605 1134 677 ispo
1147 605 1223 661 enirn
1245 603 1373 661 saltitare
1386 620 1484 662 meum
1496 604 1591 677 (Psnl.
1604 618 1669 672 uxr,
1677 605 1717 675 l).
1729 605 1756 661 dt

959 693 1000 747 cui
1021 707 1074 746 non
1104 691 1262 762 frequenter
1284 707 1393 747 necesse
1417 700 1459 749 est
1480 692 1608 748 animam
1633 707 1756 751 revonre

961 797 1048 850 suam,
1058 782 1191 837 advocare
1216 779 1347 835 rationem
1361 795 1449 846 susm,
1461 796 1526 836 suos
1547 781 1755 839 moventem
1795 834 1797 859 ,

961 869 1066 926 lectus?
1081 869 1133 924 Cui
1151 885 1205 924 non
1220 884 1289 940 opus
1302 879 1344 925 est
1357 870 1451 925 crebro
1463 884 1493 925 se
1507 870 1603 942 ipsum
1617 871 1758 927 museum

960 959 1059 1025 uerbis,
1074 957 1216 1029 increpare
1238 957 1327 1030 minis,
1349 957 1495 1015 sollicitare
1516 957 1645 1025 monitis,
1669 975 1758 1033 urgere

962 1046 1198 1103 accusationibus?
1213 1045 1284 1115 Quin
1299 1045 1381 1103 etiam
1401 1046 1551 1103 ratiociniis
1576 1048 1702 1105 suadere
1714 1064 1757 1105 er·

961 1134 1050 1206 pedit;
1066 1134 1146 1204 quale
1160 1141 1210 1187 est.
1233 1134 1271 1189 Ab
1290 1135 1350 1207 ipso
1364 1133 1442 1191 enim
1460 1133 1593 1190 sainture
1607 1149 1725 1202 mcum
1736 1144 1760 1189 et

962 1221 1097 1279 consolari
1119 1220 1265 1293 aliquando
1276 1265 1284 1289 ,
1297 1221 1374 1290 iuxta
1392 1221 1469 1294 illud,
1487 1223 1581 1291 Quare
1606 1223 1705 1281 treus
1721 1238 1759 1289 es,

962 1315 1063 1371 anime
1075 1331 1148 1384 mee,
1165 1317 1193 1369 et
1207 1327 1295 1384 paura
1309 1312 1458 1369 conturbas
1471 1309 1640 1382 mel(Psel.
1656 1310 1761 1381 ωδ.)
1795 1316 1797 1339 ¹

963 1411 989 1458 et
1002 1402 1136 1457 interdurn
1149 1400 1221 1457 veltet
1233 1400 1359 1465 excitare,
1375 1408 1402 1455 et
1416 1399 1521 1467 dicere,
1536 1398 1650 1467 Made,
1665 1400 1760 1457 anm

963 1508 1035 1559 mee,
1053 1491 1205 1548 Dentinnns
1228 1489 1315 1558 (Paul.
1336 1505 1421 1560 cxcv,
1448 1491 1491 1560 l),
1516 1500 1546 1547 et
1563 1503 1760 1561 nonuunquam
1795 1556 1797 1565 Ι

964 1581 1119 1653 diligentius
1142 1594 1313 1635 commonere
1333 1579 1367 1633 de
1395 1577 1492 1649 quibus
1516 1585 1641 1648 oportet,
1656 1586 1689 1633 ut
1713 1584 1758 1639 est.

963 1671 1088 1734 benedic,
1105 1671 1203 1725 animo
1216 1685 1290 1733 mee,
1307 1669 1435 1734 Domino,
1446 1672 1473 1723 et
1484 1667 1546 1722 noli
1559 1665 1694 1723 obliuisci
1706 1680 1760 1721 om·

962 1776 1012 1817 nes
1022 1758 1222 1815 retributiones
1233 1759 1295 1829 ejus
1305 1756 1443 1828 (Pseleu,
1451 1755 1605 1825 2).Nempe
1616 1768 1757 1811 cormeum

963 1846 1105 1918 dereliquit
1129 1861 1181 1912 me,
1195 1852 1221 1901 et
1235 1861 1347 1902 necesse
1369 1845 1456 1900 liabeo
1469 1843 1503 1899 ad
1528 1858 1573 1900 me
1589 1842 1693 1913 ipsura,
1710 1843 1758 1899 imo

962 1936 994 1990 ad
1010 1951 1053 1990 me
1076 1935 1188 1989 alterum
1211 1933 1296 2003 loqui.
1313 1932 1400 2004 Atque
1423 1932 1450 1986 id
1469 1931 1575 1987 interim
1602 1938 1681 1988 tanto
1701 1946 1756 1985 cra·

964 2024 1052 2096 plius,
1068 2031 1169 2094 quanto
1194 2022 1284 2076 minus
1302 2037 1361 2076 sum
1384 2020 1474 2075 adhuc
1494 2034 1624 2075 reversus
1647 2021 1681 2075 ad
1702 2034 1755 2082 cor,

964 2127 1088 2167 reversus
1113 2111 1139 2163 in
1156 2124 1208 2173 mo,
1224 2108 1314 2162 unitus
1339 2107 1454 2178 denique
1475 2105 1542 2161 mibi
1560 2106 1626 2178 ipsi.
1640 2107 1709 2163 Nam
1725 2123 1756 2163 ue

963 2198 1077 2256 invicem
1095 2197 1205 2268 quidem
1228 2196 1280 2252 erit
1299 2197 1354 2265 iam
1379 2195 1469 2253 verbis
1487 2194 1543 2260 uti,
1560 2194 1609 2251 ubi
1632 2195 1663 2252 iu
1679 2212 1755 2253 unum

962 2288 1054 2361 ntique
1070 2288 1155 2342 virum
1172 2286 1319 2359 perlectum
1334 2300 1508 2343 occurremus
1530 2301 1639 2344 omum.
1654 2285 1754 2360 Oppor-

962 2386 1026 2434 tune
1041 2377 1122 2450 igitur
1144 2375 1242 2447 linguae
1257 2375 1418 2441 cessabunt;
1433 2389 1484 2430 nec
1508 2374 1618 2432 medius
1640 2374 1754 2448 require·

963 2474 1005 2520 tur
1017 2467 1162 2535 interpres,
1178 2465 1224 2521 ubi
1241 2481 1326 2535 usque
1342 2464 1411 2520 adeo
1430 2463 1550 2519 medinm
1573 2480 1659 2522 omne
1671 2462 1751 2521 ebed·

962 2561 1014 2609 tate
1033 2555 1210 2610 constraverit
1230 2553 1276 2609 ille
1294 2553 1387 2609 unicus
1402 2552 1542 2621 llediator,
1557 2563 1589 2610 ut
1611 2562 1641 2610 et
1663 2553 1752 2609 uoein·

962 2659 1043 2698 unum
1066 2642 1129 2698 laeti
1155 2643 1246 2698 simus
1272 2642 1299 2697 in
1321 2642 1399 2712 ipsis,
1424 2641 1557 2715 quivere
1580 2642 1749 2714 sempiterne·

961 2746 1015 2801 que
1039 2747 1121 2787 renum
1146 2739 1216 2797 sunt,
1233 2732 1290 2788 [leo
1315 2731 1406 2803 Patre,
1422 2738 1449 2786 et
1471 2729 1532 2801 ipso
1556 2731 1676 2789 Domirm
1698 2730 1750 2784 lesu

963 2820 1080 2875 Christo.

1257 2960 1375 3017 SERMO
1390 2962 1462 3017 cxl.

961 3078 1077 3149 defide,
1095 3081 1200 3134 niteat
1221 3078 1346 3134 moribus
1365 3079 1567 3147 contestantem·
1589 3096 1641 3137 sen
1663 3078 1750 3134 desen

1130 3150 1300 3207 testi-uronice
1314 3151 1368 3208 Deo
1381 3149 1572 3222 perhibendis.

998 3268 1023 3318 l.
1044 3264 1178 3321 AEternam
1207 3263 1326 3319 coelestis
1353 3264 1465 3335 patrias,
1492 3262 1525 3319 ad
1554 3278 1633 3335 quam
1666 3269 1752 3319 nostra

960 3353 1141 3428 peregrinatio
1157 3355 1282 3424 suspirat,
1298 3355 1460 3421 felicitatem,
1477 3363 1504 3411 et
1521 3362 1640 3412 emutra
1654 3356 1752 3429 geben

961 3459 1002 3497 nae
1026 3450 1132 3512 paratos
1158 3442 1248 3513 impiis
1271 3444 1415 3510 eruciatus
1431 3458 1541 3501 omnem
1559 3441 1689 3500 undem
1706 3443 1754 3498 llu-

962 3530 1033 3586 mani
1047 3546 1100 3587 non
1123 3532 1203 3585 modo
1225 3531 1347 3603 corporis
1369 3548 1494 3599 sensum,
1511 3530 1562 3588 sed
1580 3532 1662 3588 suam
1681 3532 1751 3587 intel·

963 3620 1063 3676 lectum
1084 3620 1183 3687 cordis,
1203 3636 1281 3675 nemo
1305 3620 1418 3687 dubitat,
1435 3620 1481 3691 qui
1501 3621 1544 3677 ael
1560 3620 1752 3678 nominetenus

961 3708 995 3764 sit
1021 3708 1117 3766 tidelis.
1133 3711 1223 3781 Atque
1245 3708 1347 3764 utinam
1367 3710 1472 3765 viveret
1494 3708 1522 3764 in
1545 3709 1676 3766 omnibus
1697 3708 1754 3765 lidos

962 3797 1022 3864 ista,
1042 3804 1068 3853 et
1090 3796 1282 3866 credulitatem,
1296 3805 1326 3852 ut
1353 3797 1464 3869 dignum
1487 3807 1555 3866 crat,
1581 3808 1753 3872 sequeretur3

961 3887 1023 3942 binc
1050 3885 1158 3957 quidem
1186 3885 1372 3957 desiderium,
1401 3886 1464 3943 inda
1494 3885 1595 3944 timor!
1627 3886 1699 3956 Quid
1721 3896 1756 3943 est

961 3975 1043 4041 enim,
1060 3975 1131 4046 quod
1152 3989 1205 4029 nou
1227 3983 1351 4048 optamus
1374 3975 1454 4030 etiam
1479 3990 1528 4046 per
1546 3976 1657 4033 medios
1674 3991 1757 4043 susm,

962 4071 1018 4134 aut,
1034 4063 1057 4118 si
1083 4070 1216 4133 oporteat,
1237 4063 1358 4119 semiusti
1382 4063 1519 4121 declinare
1540 4063 1684 4122 miseriam
1707 4072 1758 4120 tau.

924 4160 1027 4261 utam,
1048 4161 1074 4206 et
1101 4153 1134 4207 ad
1151 4155 1257 4207 ‘tantam
1285 4154 1434 4209 accelerare
1458 4152 1585 4227 gloriam,
1610 4153 1667 4209 nisi
1694 4153 1760 4224 quod

116 4227 287 4298 splendorem
317 4232 351 4287 ab
377 4238 476 4287 aeterna
510 4237 697 4306 conspexerint
725 4238 782 4296 luce
816 4256 911 4312 repro·
963 4240 1129 4296 insensibilis
1142 4250 1182 4296 est
1197 4251 1224 4296 et
1247 4250 1352 4297 mortua
1368 4241 1435 4298 fides
1450 4240 1558 4298 nostrai
1572 4242 1688 4299 Accedit
1701 4258 1763 4298 saus

115 4315 182 4372 bari.

412 4463 528 4521 SERMO
554 4467 611 4522 CX.

117 4574 155 4631 De
173 4573 343 4634 albentium
370 4578 491 4635 bominis
506 4581 541 4636 ad
554 4597 584 4638 se
596 4583 699 4655 ipsam,
722 4586 765 4641 uel
784 4589 912 4644 eitimam

436 4666 528 4706 snam.

152 4758 256 4828 Quanta
279 4771 320 4817 est
342 4763 453 4818 miseria
484 4775 585 4833 nostra,
603 4778 630 4823 et
647 4771 795 4843 indigentia
818 4782 910 4829 nostra

116 4864 197 4921 quam
207 4849 356 4922 multiplex!
368 4851 454 4907 Etiam
467 4855 557 4910 verbis
569 4873 640 4925 opus
651 4859 789 4915 babemus.
800 4863 833 4917 llt
846 4880 908 4917 eum

117 4943 261 5008 utrumque
289 4938 325 4995 sit
350 4940 488 5013 miserum,
513 4957 566 4999 nun
589 4946 647 5015 jam
666 4947 761 5002 mirum
794 4949 910 5008 1930

118 5025 191 5096 quod
208 5025 276 5085 inter
296 5045 366 5094 u0s;
383 5030 479 5086 mirum
507 5032 602 5105 magis,
617 5035 689 5104 quod
704 5036 785 5092 etiam
807 5038 839 5092 ad
861 5054 911 5096 nos

119 5112 203 5183 ipsos.
222 5116 305 5174 Nemo
320 5121 375 5176 scit
391 5138 453 5195 pare
463 5127 532 5179 annet
545 5125 576 5180 in
588 5124 709 5194 lemine,
727 5130 784 5184 nisi
793 5131 911 5199 spiritns

122 5202 245 5259 bauaima
255 5207 304 5277 qni
313 5213 354 5262 est
367 5211 396 5264 ia
406 5211 466 5281 ipro
477 5213 501 5281 (l
512 5216 606 5278 Conse,
624 5216 678 5277 lll.
690 5216 777 5271 Clraos
787 5233 910 5290 ariagnem

106 5291 192 5344 ¹inter
214 5305 264 5347 nos
279 5291 414 5351 firmatum
429 5308 480 5368 cst,
498 5299 548 5356 nisi
564 5301 760 5361 interveniente
775 5306 851 5378 qrrasi
871 5304 911 5360 iu-

122 5387 269 5435 strumeuto
292 5381 433 5440 verborum
453 5386 498 5442 liat
517 5390 548 5444 ad
569 5390 680 5445 invicem
709 5395 911 5467 transitusqui·

121 5467 186 5521 dam
200 5469 321 5526 cordium
338 5471 364 5525 in
379 5475 620 5535 communicatione
635 5481 835 5551 cogitationum.
858 5486 913 5541 llac

964 4330 997 4384 ad
1025 4329 1161 4384 cumulum
1188 4329 1373 4397 infelicitatis,
1403 4330 1495 4386 salutis
1519 4330 1761 4403 impedimentum,

966 4417 1133 4473 occasionem
1149 4419 1307 4486 perditionis
1331 4428 1440 4485 nostra,
1456 4417 1527 4492 quod
1541 4418 1569 4473 iu
1583 4420 1763 4477 estimatione

966 4504 1073 4577 quidem
1092 4505 1152 4561 linis
1175 4509 1318 4580 utriusque
1342 4507 1447 4563 allectio
1466 4514 1559 4564 nostra
1580 4496 1691 4577 judicio
1709 4524 1762 4565 uon

966 4595 1118 4661 consentit;
1134 4597 1182 4650 sed
1205 4598 1231 4652 in
1255 4597 1469 4653 consideratione
1488 4596 1592 4653 viarum
1614 4612 1652 4654 uc
1672 4598 1763 4669 ipsum

966 4682 1075 4756 quidem
1087 4684 1152 4740 satis
1168 4694 1287 4741 tenemus
1300 4685 1431 4754 judicium
1446 4684 1574 4743 ueritatis.
1591 4685 1651 4742 Nec
1665 4687 1764 4742 mirum

966 4772 989 4827 si
1004 4773 1076 4827 nulla
1092 4774 1219 4830 virtutum
1244 4775 1421 4831 delectatione
1444 4784 1566 4831 ureretur
1589 4775 1763 4842 desiderium,

965 4862 1037 4932 quod
1061 4863 1140 4918 etiam
1161 4864 1231 4919 circa
1254 4863 1324 4918 illam
1346 4873 1472 4920 aeternam
1488 4863 1686 4921 beatitudiuem
1711 4872 1765 4923 tor·

966 4958 1024 5020 pet;
1052 4959 1098 5006 aut
1123 4951 1145 5007 si
1174 4960 1333 5021 praesentem
1361 4968 1414 5008 nnn
1441 4953 1536 5010 metuit
1560 4956 1765 5012 amaritudinem

965 5049 1146 5110 paccatorem,
1161 5041 1207 5111 qui
1222 5057 1254 5097 ne
1278 5041 1336 5111 ipsa
1362 5043 1474 5114 quidem
1497 5051 1593 5114 parata
1611 5044 1723 5104 diabolo
1740 5056 1764 5103 et

964 5128 1068 5202 angelis
1081 5131 1141 5199 ejus
1159 5139 1256 5185 aeterna
1270 5131 1399 5203 supplicia
1420 5133 1603 5204 pertimescit3
1618 5133 1674 5191 uisi
1695 5138 1764 5209 quod

967 5218 992 5272 iu
1016 5220 1124 5274 caeteris
1149 5220 1240 5291 utique
1266 5224 1455 5278 consuevimus
1475 5223 1548 5294 ipsa,
1562 5238 1684 5295 quorum
1700 5227 1764 5281 sin·

966 5311 1026 5365 nior·
1044 5310 1123 5365 nobis
1142 5312 1304 5382 experientia
1330 5321 1382 5382 cst,
1396 5313 1448 5369 etsi
1472 5314 1550 5383 longe
1565 5307 1676 5372 rriiuora
1694 5326 1764 5383 sunt,

967 5399 1150 5456 veliementius
1169 5408 1194 5455 rt
1215 5401 1334 5468 jucunda
1351 5410 1488 5474 appetere,
1504 5411 1530 5457 et
1544 5401 1623 5459 lormi
1634 5404 1694 5461 lure
1708 5422 1765 5461 erse·

964 5484 1042 5540 lesta.
