3734 5948
104 228 155 291 att
599 229 625 287 S·
654 224 973 288 tetrastichorum
991 226 1313 289 chelim-vathltllsts
1709 226 1760 290 Μ

104 357 158 414 lem
176 372 206 414 εε
219 354 326 422 obtulit,
342 355 448 426 qualem
463 368 493 409 se
507 368 567 410 ease
582 354 696 425 nescivit
706 354 796 427 (101);
813 351 902 428 magis
920 369 944 447 Α
960 352 1023 410 riori
1035 353 1137 424 iuniori
1152 360 1178 409 ιε
1191 352 1329 421 inclinato.
1341 351 1399 410 lioe
1413 353 1488 409 enim
1504 352 1619 423 radens,
1634 356 1760 413 traheset

104 455 195 513 eptem
218 442 318 516 placuit
339 442 480 498 minimum
501 443 631 514 reputari,
652 443 698 517 qui
717 458 747 499 se
768 458 903 498 summurn
960 441 1018 514 ipse
1027 443 1215 514 adtesponsae
1225 457 1375 499 sermonem
1384 458 1463 515 quem
1472 441 1551 504 dixit:
1563 445 1640 515 Qash
1649 444 1759 502 madar

105 551 159 602 non
172 533 323 607 ignorabat.
344 530 466 604 Denique
483 530 537 588 ait:
549 535 654 592 Dmeite
670 549 734 590 ome
747 533 814 606 quio
824 534 904 589 mitis
957 547 1020 588 mec
1030 531 1106 590 dedit
1116 531 1331 590 oaoremraam.
1346 531 1536 590 Odnrdevotio
1546 533 1683 604 eat,odor
1692 534 1760 590 bona

103 639 168 690 mm
183 624 211 679 et
225 620 342 678 homilia
366 620 447 678 corde
466 621 577 690 (narrt.
593 637 632 689 ιιι,
648 622 705 695 19),
726 623 806 680 corde
827 619 903 689 dixit,
958 620 1062 691 opinio,
1077 636 1137 694 quae
1151 620 1184 675 ad
1199 636 1293 676 omnes
1308 619 1441 691 pervenit,
1453 629 1483 676 ut
1498 619 1599 678 Christi
1612 623 1653 678 sia
1671 623 1760 679 boum

103 707 322 777 eordisalleotu‚
337 709 420 765 idest
439 711 590 768 voluntate.
605 711 698 784 itaque
715 711 904 767 necessitatem
959 710 1028 766 odor
1055 710 1083 765 in
1107 710 1181 765 omni
1204 709 1276 780 loco,
1298 709 1452 780 spectabilis
1475 709 1613 777 omnibus,
1633 711 1761 770 amabilis

104 796 224 866 exclusit,
249 797 297 870 qui
322 796 487 855 voluntatem
506 799 647 857 ooniessus
675 810 726 855 εει.
752 799 812 855 Νοιι
834 797 905 855 enim
959 799 1094 854 omnibus.
1110 799 1170 855 Non
1186 806 1274 871 potest
1288 800 1340 854 hoo
1362 797 1409 853 ille
1424 797 1543 869 humilis,
1559 814 1646 872 quem
1661 798 1760 857 vstitu

103 885 241 962 quomodo
251 901 304 959 ego
314 886 358 946 vel
374 895 402 943 tu
415 887 568 943 invenimus
586 889 671 944 nosin
684 887 794 944 veritate
807 886 905 959 dignos
959 887 993 942 ad
1009 886 1187 942 humilitatem
1201 887 1293 961 cogit,
1316 886 1443 960 quoniam
1457 887 1508 944 sibi
1532 888 1613 945 hahet
1627 888 1721 960 illam,
1734 902 1760 947 et

103 975 236 1034 dedecore
249 985 276 1034 et
301 982 467 1049 contemptu,
499 976 597 1048 dignos
611 976 864 1035 omniextremitate
879 985 908 1033 et
960 977 1033 1032 exire
1048 991 1103 1032 non
1118 975 1227 1047 patitur,
1244 985 1275 1033 ut
1299 990 1392 1046 sparsa
1420 975 1487 1033 loris
1509 975 1646 1036 redoleat.
1673 977 1759 1052 bingis

103 1063 290 1137 interioritate,
304 1063 402 1136 dignos
417 1064 496 1120 etiam
513 1065 663 1138 suppliciis,
677 1065 775 1139 dignos
805 1065 903 1138 plagis;
959 1072 1117 1122 autemnon
1132 1065 1211 1121 habet
1234 1064 1358 1136 odora,
1371 1066 1436 1138 quia
1458 1080 1512 1122 non
1536 1066 1619 1122 habet
1638 1066 1760 1124 devotio

104 1169 168 1222 non,
179 1153 299 1226 inquam,
311 1153 348 1208 ita
361 1161 388 1211 ει
409 1153 454 1211 ille
471 1169 478 1209 :
494 1171 556 1227 quae
571 1162 658 1211 tamen
686 1153 776 1211 omnia
806 1169 905 1225 exper·
960 1169 1031 1225 nem,
1051 1163 1144 1224 utpote
1157 1152 1204 1226 qui
1222 1169 1276 1211 non
1297 1161 1404 1225 sponte,
1419 1169 1509 1228 neque
1523 1153 1642 1213 libenter
1661 1171 1694 1212 ae
1708 1157 1759 1213 hu·

102 1248 207 1312 tuaest,
218 1241 281 1314 qnia
291 1242 388 1315 voluit,
399 1252 523 1315 tanquam
551 1243 660 1299 humilis
682 1242 779 1313 eorde,
814 1242 906 1298 humi·
960 1241 1055 1320 miliat.
1079 1241 1192 1314 Sponsae
1213 1257 1277 1300 vero
1305 1242 1459 1312 humilitas,
1485 1253 1612 1315 unquam
1637 1243 1758 1316 namu,

102 1320 273 1389 lisvidelieet
299 1331 345 1387 illa
368 1332 529 1400 humilitate,
557 1348 637 1405 quam
662 1332 752 1389 cordis
764 1331 849 1388 suasit
867 1332 907 1386 ai·
959 1333 1064 1404 spargit
1078 1330 1190 1387 odorem
1204 1346 1299 1397 suurn,
1320 1345 1413 1389 amore
1427 1331 1536 1398 calens,
1553 1330 1706 1388 devotione
1719 1332 1758 1389 vi·

103 1419 194 1487 leetio,
214 1435 268 1477 non
284 1436 368 1494 quam
383 1425 500 1477 extorsit
514 1420 648 1478 discussio
662 1420 795 1477 veritatis.
959 1436 1036 1491 gens,
1058 1419 1184 1490 opinione
1207 1419 1341 1477 redolens.
1365 1421 1477 1491 Sponsa
1499 1418 1641 1478 humilitas
1665 1421 1761 1481 volun·

139 1513 166 1564 8.
194 1510 340 1582 Propterea
365 1510 431 1579 dixi,
460 1511 530 1566 hano
558 1509 715 1567 voluntariae
747 1509 906 1566 humilitatis
960 1511 1029 1565 teria
1043 1519 1093 1576 est,
1109 1517 1240 1582 perpetua
1253 1519 1304 1576 est,
1321 1507 1462 1565 fmctiiera
1473 1518 1526 1568 est.
1539 1508 1616 1566 Odor
1632 1511 1698 1582 ejas
1712 1527 1760 1569 neo

103 1596 298 1670 speciem,non
322 1597 511 1671 redargutione
534 1599 664 1665 veritatis,
694 1598 742 1655 sed
769 1598 906 1655 eharitatis
960 1599 1168 1671 reprehensione
1196 1598 1397 1664 exterminatur,
1421 1614 1470 1656 nec
1489 1597 1578 1655 laude.
1603 1599 1757 1657 Audierat:

102 1685 173 1743 intra
186 1700 237 1742 nos
250 1683 385 1744 inlusione
412 1687 504 1755 areeri,
521 1687 585 1759 quia
598 1686 687 1744 cordis
700 1696 750 1754 est,
779 1686 842 1760 quia
864 1685 906 1743 al·
923 1704 946 1781 Β
961 1691 1092 1746 Palotrae
1111 1692 1180 1744 sant
1201 1706 1281 1760 perata
1295 1693 1352 1744 tnoe
1368 1691 1443 1744 sicat
1466 1689 1588 1744 tortoris
1602 1693 1632 1745 ct
1652 1690 1759 1747 εε11ιιιιι

102 1773 237 1843 lectionis,
251 1776 315 1848 qnia
327 1776 488 1833 voluntatis:
517 1791 628 1832 envers
656 1783 738 1847 recte,
764 1784 791 1831 tu
803 1775 905 1846 judica.
961 1782 1043 1835 tuom
1058 1778 1134 1833 sicot
1145 1776 1371 1847 moniltalcmt.
1382 1793 1402 1847 1,
1415 1776 1452 1849 9).
1465 1779 1759 1849 nceapemtetreprn·

103 1864 314 1936 itemqueetiam
333 1866 384 1921 boo
402 1872 534 1936 tuoaeqne
552 1865 721 1921 examinetur
733 1864 845 1934 jndicio,
860 1865 905 1919 di·
960 1868 1114 1924 missionem
1143 1872 1255 1922 ornatus
1283 1866 1375 1935 aurei,
1404 1874 1432 1922 et
1464 1864 1642 1922 nihilominus
1668 1873 1758 1924 umen

103 1967 192 2026 gnene
212 1952 334 2009 eamdem
357 1953 472 2010 Domino
486 1953 657 2026 assignarim,
682 1968 762 2025 quem
776 1953 905 2010 charitate
958 1971 1020 2011 cum
1035 1954 1185 2011 humilitate
1206 1954 1352 2025 respondet
1376 1963 1426 2012 :et
1451 1960 1552 2027 quanto
1572 1954 1708 2025 majorem
1728 1970 1758 2011 se

103 2047 210 2098 constet
222 2041 401 2108 exinanitum,
416 2044 546 2099 charitate
560 2041 723 2098 minoratum
737 2043 771 2098 ab
786 2042 904 2117 angelis,
958 2044 1044 2110 audit,
1059 2051 1133 2100 tanto
1147 2043 1270 2099 humiliat
1288 2059 1319 2098 se
1342 2044 1370 2098 in
1387 2043 1522 2100 omnibus.
1541 2043 1603 2100 Non
1625 2042 1760 2116 gloriatur

101 2130 230 2187 charitate
249 2131 408 2201 parentibus
438 2132 585 2201 subditum,
616 2132 745 2188 charitate
774 2131 904 2204 Baptistae
959 2131 1115 2200 inmeritis,
1134 2147 1185 2188 nec
1206 2132 1277 2187 inter
1301 2132 1395 2188 laudes
1418 2146 1483 2188 sues
1504 2131 1665 2188 humilitatis
1684 2132 1757 2189 obli·

103 2218 228 2276 msnibus
249 2219 413 2288 inclinatum,
442 2221 570 2276 charitate
594 2220 682 2277 carnis
704 2218 810 2276 infirma
838 2235 903 2292 pas·
957 2218 1078 2286 viscitur,
1102 2236 1183 2291 quam
1210 2230 1237 2277 rt
1266 2220 1402 2276 humiliter
1428 2218 1572 2278 confltetur
1597 2220 1649 2278 sub
1676 2221 1755 2277 nardi

102 2323 173 2376 sum,
184 2307 312 2364 charitate
326 2320 463 2382 postremo
478 2308 559 2366 morti
569 2307 728 2380 obnoxium,
755 2324 837 2366 cruce
862 2312 903 2366 in·
958 2307 1087 2375 nomine;
1102 2323 1134 2362 ae
1147 2308 1171 2363 si
1196 2322 1262 2365 voee
1284 2308 1398 2382 virginis
1417 2307 1507 2364 llariae
1532 2307 1626 2364 diem:
1644 2306 1757 2363 Nullius

104 2397 223 2470 glorium
245 2397 391 2455 exstitisse.
420 2399 473 2456 Sed
487 2408 514 2455 et
537 2399 588 2456 hoe
609 2414 694 2455 unum
716 2399 805 2455 adhuc
818 2397 857 2454 tui
870 2399 905 2455 ait
958 2395 1024 2451 mihi
1040 2395 1127 2451 meriti
1140 2396 1248 2453 conscia
1261 2412 1323 2452 sum
1339 2395 1372 2450 ad
1387 2394 1756 2468 tantamdignationem,niai

105 2485 277 2545 musiderare
291 2487 404 2558 arbitrii,
425 2495 532 2545 rectene
556 2488 636 2544 etiam
651 2488 720 2543 hanc
739 2487 823 2558 ipsam
857 2485 904 2543 hn-
957 2485 1031 2554 quod
1045 2488 1170 2557 respexit
1184 2489 1256 2543 Deos
1270 2485 1665 2544 humilitatemanciltoeaooe
1679 2486 1755 2554 (tac.

106 2572 244 2632 militatem
272 2575 308 2631 ita
334 2574 462 2632 charitate
485 2578 627 2644 calentem,
644 2576 730 2631 herba
756 2574 852 2631 humili
877 2584 905 2632 et
958 2590 976 2642 ι,
989 2574 1044 2645 18).
1056 2574 1122 2629 Nam
1136 2574 1201 2645 quid
1214 2582 1256 2630 est
1266 2574 1459 2640 alludam-dur
1473 2590 1537 2632 meo
1550 2574 1629 2632 dedit
1645 2575 1754 2631 odaren

106 2662 192 2719 calida
206 2662 233 2718 id
261 2675 303 2720 est
322 2663 418 2733 nardo,
440 2665 591 2736 putaverim
621 2664 802 2737 designatam.
830 2663 863 2718 Et
881 2666 905 2720 si
957 2679 1055 2729 roam,
1080 2678 1160 2734 quam
1187 2680 1193 2719 :
1216 2663 1318 2718 Placuit
1337 2679 1397 2718 mea
1425 2662 1580 2719 humilitas?
1603 2663 1667 2718 Non
1686 2677 1753 2726 mea,

106 2748 144 2807 ita
166 2759 264 2808 cuneta
281 2751 438 2824 probaveris
456 2753 593 2825 (probabis
612 2752 683 2810 enirn
707 2751 804 2810 rationi
819 2751 905 2808 mani·
958 2751 1053 2823 inquit,
1071 2752 1212 2822 sapientia,
1229 2768 1283 2808 non
1300 2768 1357 2807 maa
1377 2753 1512 2818 nobilitas,
1535 2766 1590 2808 non
1616 2767 1680 2808 rnea
1699 2754 1754 2822 pul·

107 2838 261 2896 lostissimae
276 2841 459 2916 acquiescam)
487 2851 551 2899 tunc
564 2842 588 2897 ai
609 2841 665 2913 jam
681 2843 752 2913 apud
777 2851 801 2897 te
815 2843 903 2915 ipsum
957 2840 1094 2909 ebritudo,
1107 2856 1168 2913 qum
1183 2841 1258 2897 nulla
1271 2849 1346 2898 erant
1364 2840 1439 2908 mihi,
1455 2841 1505 2896 sed
1517 2856 1580 2913 quas
1594 2841 1657 2897 sola
1670 2840 1755 2897 inerat

107 2928 305 2987 humiliatores
321 2931 529 2988 neeessariailla
543 2930 703 3000 bumilitate,
718 2947 801 3006 quern
823 2947 903 2987 seru·
958 2930 1096 2988 humilitas
1109 2930 1186 2987 dedit
1198 2930 1307 2987 odorem
1323 2945 1412 2998 snum,
1428 2928 1456 2984 id
1474 2939 1516 2987 est
1530 2929 1656 2986 solitum.
1672 2929 1755 2987 Solito

107 3018 265 3093 ttnt'oorda
281 3027 395 3077 etrenes
409 3021 515 3079 Veritas
538 3020 663 3078 sensibus
685 3020 784 3096 ingerit
805 3020 905 3077 animae
920 2983 943 3062 t
959 3020 1045 3092 placet
1058 3021 1116 3076 Deo
1139 3018 1290 3091 bumilitas;
1316 3017 1394 3074 solito
1419 3018 1498 3087 plane
1520 3024 1605 3088 atque
1631 3035 1668 3074 ex
1691 3035 1753 3076 eon·

106 3105 262 3181 vigilantis;
277 3108 374 3167 adhibe
397 3110 574 3179 voluntatem,
589 3118 624 3185 ειΙ
639 3109 681 3168 iac
694 3111 730 3166 de
746 3109 904 3168 necessitate
958 3118 1035 3166 sueto
1049 3109 1170 3166 excelsus
1192 3105 1322 3165 Dominus
1346 3104 1459 3162 humilia
1482 3103 1592 3176 respicit
1608 3122 1616 3176 3
1640 3115 1671 3162 et
1686 3106 1755 3174 ideo,

105 3195 242 3265 virtutem,
257 3199 387 3269 quoniam
400 3200 474 3255 nulla
496 3210 537 3257 est
561 3199 647 3256 virtus
668 3199 727 3256 sine
742 3200 903 3256 convenien-
957 3214 1020 3255 cnm
1034 3205 1107 3256 esset
1120 3212 1167 3254 rex
1181 3196 1209 3252 in
1231 3195 1366 3261 accubitu,
1379 3192 1409 3250 id
1430 3202 1471 3250 est
1483 3192 1512 3249 in
1526 3194 1638 3250 excelso
1655 3196 1757 3252 habita·

107 3283 147 3340 tia
160 3286 305 3343 voluntatis
315 3287 410 3361 latios,
421 3288 594 3344 conniventia
603 3288 769 3362 voluntatis]
792 3288 837 3345 Sic
860 3304 905 3344 au·
956 3288 1017 3344 culo
1031 3303 1093 3358 suo,
1118 3285 1181 3343 illuc
1194 3299 1304 3358 quoque
1318 3282 1475 3341 humilitatis
1488 3281 1555 3338 odor
1573 3282 1710 3338 aseendit.
1727 3285 1758 3341 la

108 3379 163 3429 tem
176 3371 224 3429 det
236 3374 318 3442 istud,
329 3375 352 3430 si
370 3376 515 3434 nolisalter
529 3391 662 3450 apparere
687 3376 762 3444 ioris,
780 3391 864 3449 quam
878 3389 904 3433 te
957 3376 1026 3433 oltra
1041 3376 1161 3444 habitet,
1176 3373 1273 3444 inquit,
1288 3378 1317 3451 et
1328 3371 1451 3430 humilio
1464 3371 1578 3444 respicit
1591 3372 1623 3424 itt
1636 3371 1708 3425 corio
1723 3377 1757 3426 et

107 3460 215 3519 invenis
227 3461 310 3520 intus.
339 3463 466 3537 Alioquin
480 3464 556 3536 time,
571 3481 605 3522 ne
619 3466 654 3522 de
678 3473 704 3520 te
718 3464 778 3537 ipso
804 3465 878 3540 legas
893 3483 902 3524 :
957 3470 988 3523 in
1001 3463 1171 3536 terro(Psol
1187 3476 1254 3530 extr,
1263 3464 1291 3532 5,
1306 3463 1346 3532 6).

106 3551 904 3628 ,θεοειεηιιὶεὶοιεερίιὺιεοειιρεειιιεῂιε,ιιιίιιυιιιὶιιιιιν
992 3555 1037 3609 to.
1051 3553 1135 3626 Ergo,
1150 3567 1211 3607 eum
1225 3560 1298 3608 esset
1320 3566 1369 3606 rax
1392 3549 1420 3604 in
1436 3547 1559 3605 accubitu
1578 3561 1638 3608 sno.
1655 3547 1757 3603 nardus

108 3640 246 3715 iniquitas
260 3644 320 3715 ejas
335 3642 371 3699 od
384 3644 569 3717 odium(prcl.
578 3659 668 3714 xxxv,
678 3644 717 3714 ³).
728 3643 851 3710 Pondus,
863 3644 903 3698 in·
956 3657 1062 3715 sponsae
1075 3641 1152 3697 dedit
1162 3641 1274 3698 odorem
1289 3655 1380 3697 snum.
1398 3638 1543 3696 accubitus
1570 3635 1655 3710 regia,
1680 3636 1756 3694 sinus

108 3728 168 3803 quit
177 3735 207 3788 et
214 3732 632 3807 ponduaobominotioestopad
643 3735 731 3792 Deam
742 3733 835 3804 (Pron.
848 3749 899 3801 xx,
956 3740 998 3789 est
1008 3730 1112 3787 Patris:
1129 3728 1193 3802 quia
1205 3744 1313 3798 semper
1335 3728 1362 3783 iu
1377 3728 1455 3783 Patre
1468 3725 1563 3782 Filius.
1578 3723 1637 3782 Noe
1650 3725 1756 3782 dabber

110 3817 166 3890 10).
181 3816 253 3884 Quid
265 3821 358 3876 enimi
372 3830 401 3878 tn
416 3832 441 3878 te
456 3822 614 3895 depretiaris
629 3824 656 3878 in
670 3831 776 3879 secreto
790 3822 862 3894 apud
879 3832 904 3880 te
957 3836 1050 3890 regem
1066 3821 1138 3874 hune
1152 3834 1212 3874 esse
1226 3818 1399 3881 clementem,
1414 3815 1458 3872 eui
1473 3813 1601 3886 perennis
1616 3813 1755 3871 secuntus

109 3906 211 3979 ipsum,
222 3909 343 3965 veritatis
358 3911 457 3968 nutius
472 3911 657 3983 ponderatns;
673 3917 700 3969 et
714 3911 781 3968 ioris
794 3912 903 3968 alterius
956 3916 997 3966 est
1006 3918 1126 3979 paterna·
1143 3905 1318 3978 benignitatis
1337 3903 1523 3960 diversorium.
1543 3901 1642 3957 bierito
1657 3902 1755 3959 elamor

111 3995 190 4066 pretii
208 3997 353 4070 mentiens,
376 4002 470 4071 majori
493 4008 519 4057 te
547 4001 667 4072 pondere
695 4000 790 4076 vendis
810 4000 901 4066 nobis,
958 3996 1097 4052 humilium
1124 3993 1244 4051 aseendit
1264 3993 1300 4048 ad
1325 4007 1397 4057 eum,
1424 3991 1468 4048 cui
1495 3990 1557 4046 iona
1586 3990 1697 4060 pietatis
1717 3998 1755 4046 ert

33 4112 36 4117 ·
110 4099 191 4158 ιιιιειῐι
214 4085 249 4142 ab
262 4085 321 4160 ipsa
343 4088 490 4160 recepisti?
508 4089 584 4147 Time
600 4089 698 4159 Deum,
715 4099 743 4147 et
756 4090 812 4145 noli
834 4089 902 4145 bane
956 4087 1071 4151 mansio,
1095 4082 1139 4141 cul
1163 4081 1313 4139 lamilliaris
1340 4079 1467 4146 suamtas,
1492 4079 1534 4136 eui
1562 4077 1755 4144 substantialia.

110 4189 169 4233 rem
184 4175 327 4248 pessimam
336 4176 434 4247 lacere,
448 4185 478 4234 ut
490 4194 569 4251 quem
584 4178 706 4235 humiliat
725 4179 835 4245 veritas,
850 4194 901 4234 ex·
958 4174 1000 4230 vel
1019 4173 1111 4247 potins
1124 4169 1360 4229 corrsnbstantialis
1388 4167 1493 4225 bonitas
1520 4176 1562 4223 est
1586 4187 1592 4222 :
1619 4169 1666 4224 rui
1697 4167 1757 4224 ideo

110 4263 187 4323 tollat
194 4264 317 4321 voluntas
338 4283 345 4324 :
362 4266 413 4323 hoe
425 4266 497 4323 enim
516 4270 641 4325 resistere
663 4277 705 4324 εει
727 4268 838 4338 veritas,
851 4268 904 4325 hoo
919 4260 943 4339 n
960 4272 1045 4319 totum
1060 4262 1133 4335 quod
1148 4270 1200 4327 est,
1210 4261 1244 4316 de
1258 4260 1338 4316 Patre
1352 4265 1403 4328 est,
1419 4265 1448 4314 ut
1462 4256 1499 4313 nil
1513 4257 1668 4329 prorsnsin
1683 4257 1759 4330 regia

111 4368 232 4429 pugnare
254 4362 348 4412 contra
368 4355 464 4411 Deum.
493 4356 580 4430 lingis
608 4355 706 4414 tm
738 4364 831 4412 autem
857 4371 903 4412 ac·
958 4351 1115 4423 majestate,
1129 4348 1179 4404 nisi
1204 4357 1355 4419 paternum,
1371 4346 1512 4401 humilium
1528 4344 1678 4416 trepidatio
1695 4360 1759 4403 ana-

112 4442 219 4514 quiesoe
247 4443 315 4510 Deo,
330 4451 357 4500 et
373 4444 408 4500 sit
432 4446 556 4503 voluntas
578 4447 685 4503 subdita
720 4447 838 4512 veritati;
856 4461 906 4502 nee
959 4441 1073 4511 picetur.
1090 4437 1227 4508 Denique:
1244 4439 1363 4509 Propter
1375 4434 1761 4506 miseriominoprtmetge·

116 4538 221 4588 nutum
241 4532 358 4600 subdita,
375 4534 422 4590 sed
443 4543 470 4589 et
492 4533 599 4592 devota.
615 4538 714 4595 Notene
729 4540 793 4606 Deo,
806 4534 904 4608 inqrrit,
959 4530 1054 4586 mitum
1078 4542 1238 4600 pauperum
1264 4541 1343 4583 none
1360 4538 1520 4595 emergant,
1535 4521 1607 4579 dicit
1621 4523 1760 4580 Dominae

111 4620 236 4693 subjecto
247 4623 411 4681 masalma
424 4628 506 4682 aneo?
519 4626 605 4694 (Prot.
620 4640 679 4693 uxr,
695 4627 738 4697 1.)
959 4616 1046 4690 (Prot.
1062 4629 1104 4681 ιι,
1125 4615 1166 4684 6).
1181 4613 1283 4670 Horum
1306 4612 1390 4685 igitur
1402 4610 1513 4668 conseia
1527 4624 1643 4680 sponsa,
1666 4617 1762 4682 utpote

149 4713 176 4765 9.
189 4711 226 4766 At
246 4726 345 4783 parum
361 4720 404 4768 aar
418 4728 492 4769 essse
507 4714 663 4784 subjeetum
677 4716 746 4781 Deo,
763 4712 814 4770 uisi
828 4713 866 4769 ata
880 4718 907 4769 et
960 4703 1111 4761 domestica
1124 4711 1206 4774 atque
1219 4699 1388 4769 charissima,
1401 4713 1455 4755 non
1470 4712 1499 4754 se
1513 4704 1589 4769 putat
1615 4699 1761 4754 arcendam

112 4800 186 4855 omni
202 4800 326 4857 humente
340 4809 471 4859 creature
486 4813 598 4876 propter
617 4803 715 4875 beum;
729 4803 789 4861 sive
802 4800 905 4867 abbati,
960 4794 1055 4864 (otios
1067 4791 1232 4862 arctandam)
1246 4789 1338 4861 sponsi
1352 4787 1440 4862 gratia
1453 4785 1567 4860 penuria
1587 4787 1762 4849 meritorum,

114 4896 241 4961 tanquam
256 4889 436 4961 precellentl;
454 4891 510 4947 sive
520 4892 665 4963 prioribus,
680 4898 810 4961 tanquam
822 4891 857 4945 ab
872 4903 906 4946 aa
960 4881 1018 4937 sola
1026 4880 1059 4935 de
1083 4879 1232 4936 humilitate
1246 4893 1421 4950 presumens.
1440 4876 1542 4951 begere
1565 4873 1689 4947 denique
1715 4890 1764 4932 no·

113 4977 277 5034 constitutis.
290 4977 347 5051 Ego
363 4980 425 5052 plus
434 4979 506 5049 dieo,
520 4978 636 5035 subdere
646 4977 777 5051 patribus,
789 4976 907 5034 subdare
962 4968 1052 5035 minti.
1079 4982 1141 5023 ⁰⁸⁰1
1165 4981 1296 5039 99098991
1324 4964 1432 5021 1910119]
1461 4967 1554 5020 1911118
1575 4962 1765 5036 ἰ(ὶῧῐθβῑῑῑωθ

114 5075 140 5123 et
156 5065 316 5126 minoribus,
332 5070 378 5127 Sic
401 5070 479 5127 enim
501 5068 579 5128 dem
607 5085 669 5138 not,
684 5067 780 5142 inquit,
795 5084 908 5126 omnem
962 5073 1017 5113 11011
1031 5057 1164 5129 audet3et
1178 5057 1204 5111 in
1219 5056 1273 5113 8110
1289 5053 1408 5110 babilam
1422 5053 1530 5119 18181111,
1546 5066 1597 5109 MC
1611 5053 1653 5109 sie
1675 5061 1765 5110 “M

115 5158 234 5233 implere
237 5159 389 5230 iustitiam
398 5159 512 5229 (llottlr.
521 5173 563 5230 ιιι,
573 5161 629 5229 11).
643 5159 716 5217 Vade
730 5167 758 5214 et
774 5158 908 5216 tnadmi-
963 5143 1060 5200 diffidit
1075 5143 1223 5201 1991111188·

116 5261 223 5313 norem,
239 5248 261 5302 si
278 5247 320 5304 vis
334 5247 362 5302 in
372 5247 474 5317 justitia
485 5263 547 5305 esse
572 5247 724 5320 perlaetus;
739 5246 816 5304 deier
831 5248 905 5304 inlo·
997 5237 1041 5287 Η·
1071 5231 1215 5288 1111911119
1230 5230 1358 5288 1109193133
1374 5236 1450 5302 P⁰tes
1477 5228 1551 5285 *¹⁰⁰⁰
1566 5229 1765 5301 0091198919·

153 5413 229 5485 (tte)
244 5415 321 5483 Aliis,
336 5415 449 5498 qualem
464 5433 523 5476 aare
545 5418 676 5476 nesciuit.
692 5415 878 5472 subaudiendo
900 5434 930 5475 re
945 5418 1103 5487 exproximo
1118 5419 1253 5482 membro,
1267 5418 1294 5471 id
1314 5425 1356 5474 eat
1371 5417 1476 5490 qualern
1492 5430 1521 5473 se
1535 5428 1588 5474 riou
1604 5429 1671 5473 ease
1686 5417 1765 5475 intel·

105 5482 194 5546 lexat„
208 5500 306 5558 nempe
319 5489 399 5544 vilem
416 5496 445 5543 et
462 5486 705 5561 contemptibilem.
