3734 5948
101 185 154 240 379
407 226 408 230 ι
562 185 591 242 S.
606 187 785 247 BERNARDI
803 189 945 246 nuatuls
960 188 1286 248 attantsbtttusts
1692 176 1745 235 ³0⁰

101 315 159 365 teat
180 305 383 380 pullulantibus,
400 307 529 364 *timemus
544 311 654 367 omnino
669 312 781 369 lloribus
792 313 895 369 intem·
912 326 936 405 Α
951 309 1055 369 imolas
1069 314 1129 383 ejus
1143 324 1170 370 ea
1185 320 1287 380 manet,
1302 306 1448 367 etcrescit.
1465 304 1586 363 Dilectus
1598 304 1682 376 plane
1691 301 1751 359 Deo

103 397 232 471 pestivisl
247 397 291 453 Sic
305 395 470 468 suntaliqui,
486 415 600 471 quorum
611 399 723 470 fructus,
740 402 803 473 qnia
817 401 897 456 nimis
951 408 979 457 ct
993 402 1159 458 bominibus:
1175 404 1254 472 cujus
1275 415 1330 457 non
1345 397 1404 456 sols
1421 395 1569 469 praesentia
1587 393 1615 449 in
1635 388 1752 449 bencdl·

103 485 334 560 properantium
352 499 484 557 prospere
507 488 640 543 oriuntur.
661 488 693 544 ili
713 495 786 555 sunt,
808 489 896 561 quiin
951 490 1040 546 ctione
1066 491 1128 556 tuit,
1143 491 1213 547 sicut
1236 497 1300 545 sunt
1312 486 1393 544 multi
1407 484 1501 542 dilecti
1522 485 1580 539 Deo
1601 480 1665 549 soli,
1685 479 1751 552 quis

101 570 178 629 initio
201 569 396 638 conversionis,
418 587 474 627 susc
497 572 557 627 aliis
581 572 746 629 fructificare
769 574 897 629 continuo
951 578 999 633 soli
1019 579 1078 635 Deo
1093 582 1150 650 jam
1167 577 1285 650 cognitic
1306 577 1356 632 scd
1380 582 1408 631 ct
1427 570 1560 629 memoria
1579 569 1642 641 sius
1664 567 1750 625 ctiam

103 658 173 716 velle
188 666 365 729 praesumunt,
385 666 479 714 contra
492 659 563 731 legis
576 661 688 717 decreta
707 677 787 718 arare
801 662 830 717 in
843 662 899 732 pri·
952 683 1024 723 nunc
1046 669 1073 724 in
1094 668 1286 724 benedictione
1305 672 1357 721 est,
1377 663 1446 719 Nam
1465 669 1496 717 et
1510 674 1598 732 usque
1619 656 1703 715 bodie
1720 657 1750 712 in

102 747 252 819 moqenito
266 748 361 814 bovis,
376 756 404 804 ct
425 750 487 804 ovis
501 749 681 822 primogenita
695 752 811 808 tondere
825 749 899 806 iesti-
952 755 1085 826 triplicem
1100 756 1200 812 amoris
1219 753 1329 810 Domini
1343 750 1555 812 contessionem,
1571 745 1672 818 triplici
1696 745 1750 801 boo

102 843 211 891 nantes.
240 835 327 892 Vultis
359 850 440 891 nosse
468 851 549 906 qnam
578 838 691 895 sollicite
718 839 746 894 id
773 837 898 895 vitaverit
952 841 1040 900 iructu
1055 844 1141 915 pascit
1153 843 1262 900 Domini
1275 856 1399 914 gregem.
1415 839 1503 895 Pascit
1514 838 1579 900 vita,
1595 833 1686 908 pascit
1697 831 1751 889 d'o·

103 930 213 980 sanctus
226 925 278 980 iste
297 923 426 996 magister
441 927 554 981 noster?
569 927 602 982 Et
616 928 687 984 hunc
701 944 803 984 ramum
819 926 898 984 vobis
950 932 1048 997 ctrina,
1061 933 1145 1003 pascit
1156 941 1185 988 et
1198 929 1404 986 intercessione.
1417 929 1470 983 Per
1482 940 1563 998 quam
1577 924 1751 979 incessanter

103 1028 228 1085 oppono
243 1012 369 1084 quoniam
380 1012 466 1069 tribus
479 1014 558 1070 annis
570 1016 618 1072 sou
634 1018 692 1073 Deo
706 1025 797 1081 notus,
813 1014 898 1071 homi·
951 1020 1046 1089 anius,
1063 1019 1222 1077 fructificate
1237 1026 1264 1073 es
1278 1013 1505 1087 macnariisimi,
1516 1010 1646 1084 quonum
1657 1009 1752 1065 innoc

104 1103 184 1157 nibus
211 1099 299 1157 089
323 1101 420 1156 mansit
447 1102 607 1176 incognitus.
634 1106 760 1161 Fructum
788 1103 897 1175 quidem
950 1108 1031 1179 positi
1045 1108 1119 1174 estis,
1135 1117 1165 1163 ut
1178 1107 1245 1162 estis
1259 1116 1286 1161 ct
1296 1105 1409 1160 fructum
1420 1101 1551 1158 alteratis.
1568 1098 1645 1154 Unde
1657 1096 1751 1154 cnosi

103 1187 217 1244 multum
233 1187 302 1254 tulit,
315 1187 367 1258 ipsi
382 1189 506 1259 cernitis;
524 1191 573 1246 sed
589 1192 616 1247 in
631 1201 753 1263 tempore
765 1207 824 1248 suo.
840 1193 896 1246 Nc·
952 1197 1157 1270 lltiqucavobis
1169 1196 1244 1268 ipsis,
1261 1197 1332 1250 sicut
1345 1192 1478 1264 scriptum
1496 1197 1553 1245 est:
1580 1187 1753 1246 Auolacto-

103 1277 240 1348 qnacnim
246 1276 378 1333 credebat
392 1285 499 1350 tempus
513 1295 573 1336 esse
589 1280 778 1349 fructificandi,
788 1279 898 1351 qnando
952 1287 1024 1344 tibus
1039 1289 1098 1343 tais
1112 1291 1240 1342 evertere
1250 1285 1346 1352 (Docti.
1363 1296 1444 1348 xvut,
1459 1279 1517 1350 30).
1523 1277 1593 1333 Νιιιι
1606 1275 1682 1334 etde
1696 1275 1753 1330 Do·

104 1373 177 1422 tanta
190 1365 280 1423 carnis
291 1366 440 1422 tentatione
449 1374 576 1438 gravatus
587 1378 637 1436 est,
652 1376 682 1424 ut
692 1385 762 1440 pcnc
775 1369 896 1436 cederet,
951 1362 1750 1445 minolcgimusquiacciitseminarescrnoasuamfflattb.

103 1471 175 1528 pens
184 1454 349 1511 discederet.
362 1455 418 1525 Ego
427 1454 499 1510 enim
510 1471 562 1512 nec
574 1456 656 1512 istum
666 1457 777 1529 quidam
792 1472 898 1512 ramum
951 1477 1015 1531 xrrr,
1032 1463 1069 1531 3).
1086 1463 1157 1519 Ecce
1172 1471 1198 1518 et
1213 1461 1257 1516 hic
1271 1461 1405 1514 babemus
1418 1471 1514 1512 semen
1528 1468 1616 1518 suum,
1637 1452 1709 1508 sicut
1722 1459 1753 1506 ct

104 1543 260 1615 preteribo,
275 1542 403 1613 quoniam
418 1545 469 1598 etsi
485 1543 603 1600 hirsutus
617 1546 737 1616 quodam
751 1546 834 1602 modo
846 1543 899 1615 spi·
951 1551 1026 1623 prius
1040 1551 1154 1608 fructum
1165 1565 1254 1607 suum.
1271 1547 1411 1601 Imitemur
1426 1552 1455 1600 et
1468 1545 1540 1598 bunc
1553 1541 1667 1604 irsues3
1679 1553 1751 1611 qno-

105 1648 201 1688 narum
223 1630 335 1699 aculeis,
361 1631 459 1704 quibus
472 1632 592 1704 seipsum
610 1632 715 1691 Domini
737 1634 899 1689 Benedictus
914 1629 937 1706 Β
953 1637 1026 1693 niam
1049 1639 1084 1693 sd
1109 1640 1159 1693 boc
1183 1636 1268 1702 venit,
1293 1644 1324 1689 ut
1348 1632 1465 1689 sormam
1479 1629 1559 1686 nobis
1572 1628 1707 1694 traderet,
1720 1632 1755 1683 ct

104 1720 213 1790 injecit3
240 1725 332 1777 minen
355 1719 429 1776 utilis
453 1728 494 1777 est
520 1721 646 1778 omnino:
673 1723 746 1778 utilis
773 1725 897 1792 jumento
952 1727 1025 1783 viam
1038 1728 1250 1782 demonstraret.

105 1808 214 1866 Domini
224 1818 335 1879 propter
345 1806 438 1864 lovcas
452 1811 644 1877 tentationum,
656 1811 726 1866 nain
737 1826 785 1866 eas
799 1811 901 1865 incidat
989 1820 1016 1871 9.
1031 1815 1163 1870 Fortassis
1176 1820 1204 1870 et
1222 1813 1283 1885 ipse
1297 1811 1430 1868 Dominus
1443 1809 1525 1864 arbor
1542 1813 1593 1878 est,
1614 1814 1641 1861 et
1664 1803 1753 1859 debe-

105 1896 313 1962 consentiendo,
330 1898 379 1952 sed
393 1898 482 1972 magis
504 1899 625 1967 resistat,
650 1907 678 1954 ot
701 1899 812 1955 viriliter
824 1905 897 1972 agat,
953 1918 1013 1956 mus
1027 1902 1062 1956 nb
1074 1918 1107 1958 eo
1124 1916 1233 1973 quoque
1249 1915 1338 1955 rsnws
1351 1897 1491 1969 accipere,
1506 1910 1577 1967 qnos
1589 1892 1689 1951 vestris
1703 1907 1754 1964 ps-

105 1985 293 2057 sustineatque
316 1986 461 2042 Dominum
483 2003 520 2043 ue
540 1988 677 2059 desperet.
701 1988 752 2045 llic
765 2002 831 2057 ergo
847 1987 900 2060 lige
953 1991 1032 2044 dibus
1047 2005 1229 2059 apponamus:
1243 1991 1300 2046 imo
1315 2005 1369 2045 nou
1383 1990 1510 2052 tortasse,
1520 1983 1572 2041 sed
1585 1981 1675 2053 magis
1685 1996 1754 2038 vere

106 2075 214 2144 pedem,
231 2073 330 2132 Christi
343 2076 507 2144 jumentum,
522 2084 549 2131 et
573 2076 647 2132 disce
662 2083 900 2146 quantumcunque
953 2079 1034 2133 arbor
1048 2085 1091 2133 est
1103 2078 1162 2149 ipsc
1184 2086 1211 2132 et
1222 2078 1313 2148 planta
1330 2074 1458 2140 coelestis,
1474 2074 1522 2129 sed
1538 2073 1567 2127 in
1579 2071 1661 2128 terris
1674 2069 1756 2141 plan·

104 2160 205 2217 acerba
225 2161 337 2216 tentatio
359 2163 463 2228 saeviat,
487 2178 542 2218 non
574 2164 683 2226 cedere,
710 2178 760 2217 nec
785 2162 899 2219 credere
953 2175 1009 2222 tata
1028 2166 1099 2222 sicut
1116 2166 1247 2236 scriptum
1268 2175 1321 2223 cst.
1343 2166 1448 2221 Veritas
1467 2163 1673 2218 dctmnorta
1696 2164 1753 2226 cst,

106 2255 252 2321 propterea
274 2249 433 2305 derelictum
451 2258 478 2306 tc
492 2266 553 2306 osse
567 2266 583 2305 a
599 2251 725 2316 Domino,
740 2251 791 2306 sed
805 2250 902 2306 memi·
956 2261 984 2311 ct
994 2256 1113 2327 justitie
1126 2255 1161 2310 do
1174 2255 1243 2313 coelo
1256 2254 1405 2326 prospexit
1420 2247 1755 2322 (statuminum

107 2337 180 2392 neris
199 2337 329 2409 scriptum
343 2354 417 2395 csso:
431 2341 530 2399 Invoco
539 2356 585 2398 ose
594 2340 626 2394 in
640 2340 685 2396 dic
696 2340 900 2404 tribulationis,
954 2360 988 2401 eo
1009 2343 1091 2418 igitur
1105 2343 1176 2398 bunc
1190 2358 1295 2398 ramum
1315 2340 1393 2398 vobis
1415 2352 1534 2410 appono,
1555 2343 1584 2391 ut
1599 2336 1674 2392 sicut
1700 2350 1753 2391 se·

107 2442 208 2485 croam
217 2430 244 2485 tc
253 2430 280 2483 ct
295 2427 490 2496 bonorqicobt's
502 2443 548 2484 mc
561 2426 647 2496 (Ptol.
663 2442 742 2495 xnus,
759 2431 815 2498 lb).
952 2432 1041 2503 ipsum
1053 2431 1208 2495 exinanivit,
1221 2432 1273 2486 boc
1287 2431 1377 2500 ipsum
1390 2427 1516 2484 sentiatis
1531 2425 1560 2481 in
1581 2425 1679 2482 vobis:
1696 2423 1754 2480 nisi

142 2517 169 2570 Ἰ.
185 2512 268 2586 Ergo,
284 2514 414 2570 utdicere
428 2530 575 2585 coeperam,
592 2530 647 2570 non
659 2514 790 2571 credebat
804 2516 902 2572 beatus
955 2519 1027 2592 quod
1041 2535 1096 2576 non
1117 2529 1172 2576 tam
1187 2534 1240 2591 ego
1253 2533 1373 2589 appono,
1399 2531 1482 2588 quam
1499 2514 1659 2586 Apostolus,
1670 2513 1754 2585 ¹apud

107 2600 270 2670 Benedictus
295 2608 358 2658 tunc
371 2618 433 2658 esse
451 2600 631 2658 fructificandi
652 2611 769 2672 tempus,
792 2602 901 2674 quando
954 2624 1034 2679 quem
1046 2607 1150 2678 legistis
1162 2625 1168 2665 t
1179 2611 1232 2665 Hoc
1244 2608 1349 2664 renota
1361 2604 1485 2673 mucia,
1499 2603 1571 2676 quod
1581 2605 1610 2660 ct
1621 2603 1655 2660 iss
1672 2602 1755 2660 Glari·

107 2690 195 2746 adhuc
225 2689 306 2747 tantis
335 2690 527 2747 tentationibus
558 2690 721 2763 urgebatur3
754 2691 803 2746 sad
826 2690 903 2748 venit
954 2701 996 2757 sto
1009 2699 1095 2753 tacu:
1110 2699 1158 2768 φη·
1171 2713 1237 2752 com
1251 2698 1285 2751 in
1298 2697 1389 2766 senno
1399 2692 1755 2762 Dcicsset,rrorsropitrasrt

107 2786 225 2850 tempus,
240 2779 305 2834 etin
320 2784 442 2850 tempore
456 2793 505 2834 suo
520 2779 637 2834 lructum
655 2779 742 2835 dedit.
758 2779 798 2836 De
813 2777 902 2834 lructu
954 2786 1113 2842 arbitratus
1125 2790 1168 2843 cst
1182 2801 1239 2842 csse
1249 2783 1424 2856 scccqaotcm
1436 2784 1501 2847 Deo,
1516 2780 1757 2852 admisceam

107 2868 167 2936 ojus
185 2875 249 2924 sunt
275 2866 319 2922 illa
350 2866 400 2922 tria
420 2883 483 2938 quae
500 2866 627 2938 superius
651 2866 744 2938 tetigi3
773 2867 903 2922 sanctitas
955 2875 1124 2937 exinanivit,
1132 2871 1488 2944 sormamiirviaccipim
1496 2867 1757 2925 imsimilitudinem

109 2958 179 3025 eius,
194 2955 297 3026 iustitia
309 2956 378 3025 ejus,
393 2955 480 3026 pictas
494 2955 565 3024 ejus.
581 2955 758 3011 Sanctitatem
774 2954 902 3015 miracula
956 2963 1104 3018 hominum
1113 2964 1219 3032 sapius,
1235 2965 1263 3016 ci
1273 2960 1373 3016 habitu
1388 2960 1523 3015 invimus
1531 2953 1621 3013 610
1628 2955 1758 3012 utiocto

108 3044 232 3116 Pf⁰b³¹¹b
256 3043 379 3103 d⁰03f¹¹¹³
398 3044 536 3114 Dissffilssmr
553 3041 763 3111 Vilijuffllilm·
778 3041 903 3108 Valeas
958 3051 1091 3122 (Philipp.
1111 3064 1142 3116 rr,
1161 3051 1229 3117 bt).
1249 3049 1284 3104 Et
1299 3063 1348 3104 vos
1368 3047 1472 3117 itaquo,
1487 3043 1586 3100 iratres
1598 3041 1758 3100 charissimi

106 3133 257 3202 inuentum
282 3132 392 3197 curisti,
414 3147 502 3188 ramos
517 3130 589 3188 toliis
602 3131 731 3196 virentes,
747 3136 902 3194 vernantes,
957 3137 1161 3204 exinanitevos,
1179 3135 1400 3201 tumultuosos,
1416 3133 1623 3197 seminaturos,
1640 3131 1758 3203 pardius

108 3221 229 3286 tloribus,
252 3229 366 3279 onustos
389 3220 486 3278 fructu.
513 3221 602 3290 Super
625 3220 691 3275 istos
717 3219 844 3284 innitare,
875 3227 905 3274 ut
957 3242 1014 3283 vos„
1037 3226 1176 3282 §eminati
1195 3240 1294 3295 corpus
1312 3222 1440 3287 animale,
1456 3229 1485 3277 et
1507 3228 1636 3293 resurget
1650 3234 1757 3290 corpus

108 3325 219 3384 gressus
234 3318 323 3365 rectos
339 3307 421 3364 facias
434 3308 552 3380 pedibus
567 3308 629 3365 tuis.
641 3307 696 3365 Sed
710 3308 845 3380 quomodo
857 3305 904 3362 tibi
957 3315 1106 3387 spirituale,
1128 3314 1235 3371 pei-(iiie
1250 3312 1352 3368 animai
1367 3318 1473 3368 veiim
1487 3320 1515 3364 ei
1528 3308 1556 3364 in
1572 3309 1654 3365 vium
1673 3315 1760 3363 miei.

108 3411 216 3468 appono
231 3399 292 3467 ejus
303 3396 462 3453 miracula?
482 3397 613 3469 numquid
628 3405 656 3452 ui
670 3396 800 3452 miracula
814 3392 904 3450 fecere
958 3418 1019 3457 nam
1028 3401 1174 3458 servabitis
1189 3416 1245 3457 cas.
1263 3399 1352 3455 Vultis
1365 3413 1448 3454 nosse
1462 3396 1599 3469 quomodo
1612 3396 1639 3451 id
1654 3394 1755 3452 iecerit

108 3485 193 3542 velis?
211 3485 400 3558 Nequaquam,
420 3485 468 3542 scd
484 3491 513 3541 ut
532 3484 668 3540 miraculis
682 3485 743 3554 ejus
761 3483 902 3540 innitaris:
960 3490 1107 3561 Apostolos
1118 3490 1231 3560 ipsequi
1245 3486 1356 3545 docuit?
1371 3488 1442 3552 Siue,
1458 3484 1661 3556 initiamenta
1673 3499 1759 3543 amco-

108 3572 234 3632 videlicet
243 3582 274 3630 ut
283 3572 403 3631 confidas
417 3582 445 3630 et
455 3573 576 3649 gaudeas
590 3572 664 3646 qnod
679 3572 730 3629 sub
742 3571 787 3627 tali
803 3573 905 3642 positus
958 3580 1052 3636 aivam
1066 3580 1136 3645 item·
1151 3579 1208 3634 cive
1222 3577 1308 3634 sobrii
1317 3591 1425 3644 mamas,
1435 3573 1510 3630 nobb
1528 3574 1569 3642 (lt
1578 3575 1640 3631 Cor.
1653 3585 1685 3638 v,
1697 3573 1757 3642 ts).

108 3679 139 3719 es
154 3673 273 3734 pastore,
290 3663 363 3737 quod
378 3672 484 3720 tantum
498 3662 620 3719 meruisti
633 3662 734 3717 babere
750 3668 903 3732 patronum.
958 3667 1029 3736 Quid
1043 3681 1111 3738 ergo
1127 3665 1196 3721 tibit
1216 3668 1279 3736 Epo,
1304 3663 1402 3734 inquit,
1426 3665 1520 3732 factito
1538 3677 1602 3718 tum
1618 3664 1758 3733 tanquam

112 3751 228 3808 Omnino
238 3753 311 3809 onim
320 3751 588 3825 valdcpotenscstin
597 3749 685 3817 coelis,
694 3749 802 3821 quitum
808 3756 906 3820 potens
958 3773 1007 3812 vai
1022 3755 1167 3828 perditum
1180 3753 1269 3823 (psat,
1284 3765 1357 3821 m,
1376 3748 1638 3818 rsiacneseipsnn
1651 3746 1756 3819 perdit,

111 3840 213 3897 eusdtit
234 3842 262 3896 in
281 3842 379 3898 terris:
404 3841 556 3899 secundum
570 3838 784 3913 magnitudinem
799 3837 904 3912 gratie,
959 3844 1005 3916 qui
1015 3844 1206 3912 nihilumquam
1222 3855 1271 3912 pro
1284 3856 1314 3895 se
1329 3838 1411 3906 lacit,
1428 3837 1478 3894 sed
1491 3836 1582 3893 omnis
1594 3837 1656 3906 ejus
1671 3835 1760 3893 inten-

109 3929 296 4001 msgnitudine
312 3929 406 4001 gloriae
426 3931 568 3987 exaltatus.
583 3928 651 3983 Nam
662 3929 772 3998 etjnxta
785 3926 906 3982 radicum
959 3933 997 3988 tio
1012 3940 1039 3987 et
1055 3946 1137 3986 omne
1150 3929 1317 3985 desiderium
1342 3927 1429 3983 tendit
1449 3926 1483 3981 ad
1500 3925 1549 3982 Dei
1572 3924 1713 3995 placitum,
1729 3928 1760 3979 et

109 4018 289 4088 quantitatem
317 4017 384 4072 rami
408 4018 518 4090 prodire
542 4025 702 4073 noscuntur:
724 4023 752 4072 et
765 4022 833 4088 quot
860 4031 905 4075 ra·
959 4021 1103 4077 utilitatem
1118 4017 1363 4073 fratrumsnorum.
1374 4014 1470 4071 lnlclix
1485 4014 1557 4069 enim
1570 4014 1619 4085 qai
1633 4013 1760 4070 seminat

110 4106 215 4166 dicibus
229 4107 310 4163 arbor
324 4105 454 4173 innititur,
470 4113 509 4162 tot
528 4105 620 4174 nands,
639 4105 709 4160 sicut
722 4105 807 4174 siunt,
823 4104 906 4160 deco·
959 4111 991 4166 in
1001 4124 1097 4175 come,
1111 4107 1173 4177 quia
1188 4108 1220 4162 dc
1230 4109 1415 4162 comamctct
1429 4102 1758 4174 comptioacmidotot.

113 4209 198 4254 ratur.
212 4196 259 4252 Sic
273 4210 350 4271 erqo,
366 4194 430 4251 licet
448 4209 503 4251 non
525 4194 673 4250 habeamus
687 4200 790 4257 nostra,
804 4207 906 4255 conso<
961 4214 1000 4268 v1,
1015 4197 1053 4266 ιι).
1070 4196 1141 4252 tlibi
1154 4193 1360 4264 veroscriptum
1375 4201 1432 4249 cst:
1448 4192 1529 4249 Beati
1544 4192 1596 4263 pai
1612 4193 1761 4248 seminasti

109 4285 173 4343 latio
188 4301 290 4358 magns
303 4283 384 4341 nobis
403 4299 464 4341 esse
485 4282 587 4339 debent
600 4281 707 4354 patroni
722 4281 806 4337 nostri
822 4282 904 4336 mira·
958 4301 1152 4360 superomnia
1167 4296 1253 4357 cpiam
1264 4284 1345 4354 (lsai.
1364 4283 1532 4350 xarinus).
1550 4277 1606 4335 Sed
1620 4279 1760 4351 quomodo

109 4374 179 4437 cuia.
205 4373 333 4431 Doctrina
353 4389 418 4431 varo
435 4371 544 4428 instruit
562 4387 622 4436 nos,
638 4378 666 4426 ct
684 4370 776 4442 dirigit
794 4387 905 4443 gressus
957 4390 1151 4448 superemicet
1162 4373 1269 4447 opens?
1280 4373 1360 4428 Forte
1374 4379 1402 4427 ct
1414 4385 1501 4442 super
1512 4366 1641 4437 aqussde
1656 4367 1759 4440 quibas

110 4471 217 4520 nostros
241 4462 269 4518 in
294 4463 363 4519 viam
386 4463 471 4535 pacis.
492 4462 575 4518 Porro
590 4460 652 4519 vitae
669 4459 774 4531 iustitia
794 4459 905 4521 omniuo
957 4454 1762 4539 tegitur:utaepnoeiaoesuperincumbentium

110 4553 220 4611 roborat
234 4560 262 4608 et
276 4552 376 4607 animat
390 4568 456 4621 nos;
471 4559 500 4608 ut
520 4560 595 4607 tauto
616 4550 704 4623 magis
722 4551 904 4608 accendamur
957 4554 1071 4611 Domini
1084 4552 1174 4619 (Psoi.
1188 4564 1306 4612 suavus,
1324 4548 1370 4618 li:
1386 4563 1447 4618 quac
1466 4555 1530 4601 sunt
1543 4540 1657 4601 virtutos
1670 4558 1760 4614 suge·

109 4642 144 4697 ad
156 4642 263 4714 agenda
277 4658 339 4714 quae
354 4641 456 4708 docuit,
472 4649 574 4712 quanto
589 4640 658 4697 certi
672 4656 765 4695 sumus
776 4655 837 4695 cum
849 4655 904 4696 non
957 4642 1026 4711 lieae,
1047 4648 1074 4697 at
1096 4639 1221 4696 emisses
1242 4637 1343 4708 populi.
1363 4637 1404 4694 lta
1416 4635 1517 4708 mans:
1537 4633 1677 4704 Quoniam
1696 4645 1761 4705 sps·

109 4730 161 4786 alia
174 4730 314 4788 docuisses
328 4730 409 4801 quain
424 4727 528 4785 lecerit.
544 4728 640 4784 Sermo
655 4728 766 4801 quidem
785 4729 862 4784 vivus
877 4735 904 4783 ct
957 4729 1103 4787 siccatam
1118 4729 1190 4798 (acti
1203 4742 1300 4782 sumas
1322 4724 1438 4789 muodo,
1454 4722 1616 4793 sicopolis,
1632 4725 1660 4777 ot
1675 4720 1765 4778 homi·

110 4818 217 4885 efficax,
248 4818 402 4891 exemplum
425 4818 518 4890 operis
542 4825 594 4885 est,
628 4815 772 4887 plurimum
801 4815 905 4873 taciens
959 4819 1040 4874 nibus
1059 4817 1086 4885 (1
1097 4817 1159 4871 Cor.
1173 4831 1214 4883 rv,
1228 4818 1269 4878 9).

110 4909 242 4969 suadibile
257 4909 330 4983 quod
345 4907 454 4980 dicitur,
469 4907 534 4962 dum
550 4913 683 4963 monstrat
697 4905 816 4962 lactibilo
831 4906 905 4979 quod
995 4909 1037 4962 to.
1050 4904 1221 4962 seminemus
1230 4902 1471 4975 igiturbominibus
1486 4896 1642 4969 exemplum
1658 4897 1763 4954 bonurn

109 4997 249 5055 suadetur.
958 5012 1009 5066 per
1026 5000 1120 5062 aperta
1138 5007 1239 5062 opera;
1262 4991 1428 5046 seminemus
1444 4987 1549 5060 angelis
1563 4986 1693 5059 gaudinos
1708 5001 1768 5041 ma

13 5153 14 5156 ¹
146 5092 173 5142 a.
188 5085 219 5141 ln
234 5087 380 5158 bunnargo
394 5086 503 5141 niodum
517 5087 645 5140 sanctitas
656 5083 801 5155 confortat,
816 5085 905 5157 pietas
959 5101 1044 5157 gnum
1054 5099 1102 5154 per
1115 5082 1221 5139 occulta
1231 5080 1358 5150 suspiria,
1370 5085 1398 5134 et
1412 5094 1462 5149 per
1480 5085 1579 5135 catara
1595 5075 1765 5146 hujusmodi.

111 5174 246 5241 inlornsst,
260 5175 363 5245 iustitia
385 5173 539 5231 confirmat.
564 5175 679 5244 Quanta
704 5174 776 5231 anua
791 5174 902 5246 pictatia
960 5190 1021 5245 qua
1034 5173 1099 5233 solis
1112 5172 1237 5227 eissunt
1258 5179 1333 5224 nota
1353 5166 1490 5225 Gaudiana
1510 5166 1583 5222 enim
1606 5171 1650 5220 est
1660 5165 1767 5236 angelis

111 5265 171 5332 luit,
187 5264 260 5337 quod
275 5278 330 5318 non
344 5262 431 5319 solum
446 5264 626 5336 praesentibus
637 5263 746 5334 proluit,
764 5263 906 5318 sedetiam
960 5263 1010 5318 Dei
1035 5278 1118 5332 super
1139 5275 1194 5315 uno
1208 5265 1351 5330 peccatore
1365 5255 1553 5328 poenitentiam
1568 5260 1679 5329 agente.
1695 5253 1765 5308 ilinc

111 5371 162 5427 pro
177 5354 271 5412 lustris
294 5351 424 5411 sollicitus
446 5351 519 5411 lutat
542 5353 603 5409 Non
625 5352 713 5409 solum
727 5353 770 5408 bis
781 5353 828 5423 qui
843 5359 908 5410 tunc
959 5351 1067 5407 dicebat
1081 5346 1241 5422 Apostolus:
1258 5346 1437 5404 Providentes
1445 5345 1516 5403 arria
1529 5360 1587 5402 nos
1595 5348 1711 5401 tantam
1719 5357 1765 5400 co-

113 5450 200 5510 crant,
225 5442 341 5501 fructum
365 5439 425 5497 tulit
446 5442 504 5496 hacc
538 5442 629 5509 arbor,
652 5442 700 5497 sed
715 5456 802 5514 usque
826 5440 908 5499 bodie
963 5443 1106 5505 rom-Deo,
1126 5437 1271 5496 sedetiam
1287 5452 1383 5494 coram
1402 5432 1685 5503 bominibus(lldor.
1701 5446 1762 5501 am,
