3734 5948
174 164 242 224 1155
636 162 664 219 S.
685 160 852 220 esuriunt
871 158 1008 218 letaris
1025 157 1339 218 utidmtlttttttsts
1753 160 1822 220 titt

171 287 238 360 qaid
249 287 377 346 venisti?
391 285 504 358 (dotti.
528 298 603 349 χιιι,
627 285 684 356 50.)
700 284 734 339 Ni
749 283 837 353 fallor,
858 285 893 340 ad
916 301 964 340 so-
1023 284 1072 340 sed
1088 285 1202 355 perdere
1217 301 1225 339 e
1240 297 1294 338 non
1309 290 1349 339 est
1363 281 1516 352 defendere,
1533 285 1582 340 sed
1596 299 1751 355 exponexe;
1765 301 1823 343 uon

171 376 224 431 lam
259 374 374 432 civitatis
412 372 574 440 custodiam,
607 380 637 426 ιιι
670 378 800 443 quantum
826 372 893 427 satis
921 379 963 427 est
1023 382 1064 429 est
1092 372 1244 439 instituere,
1278 371 1326 427 sed
1354 372 1532 442 prostituere,
1562 388 1617 428 nou
1641 381 1684 429 est
1707 390 1823 446 pascere

172 473 342 532 procuretur,
361 476 430 533 opus
454 469 496 515 est
517 461 575 516 uiro
602 459 674 529 lorti,
700 460 845 532 spirituaii,
866 460 963 515 fideli:
1018 477 1140 532 gregem,
1156 460 1205 516 sed
1233 467 1352 516 mactare
1380 467 1407 516 et
1425 460 1572 525 deuorare,
1588 462 1697 518 dicente
1717 463 1752 519 de
1769 464 1823 519 illis

170 550 235 608 lorti
248 550 282 605 ad
306 547 503 620 propulsandas
522 547 644 619 injurias,
668 547 801 619 spirituali
816 548 851 603 ad
865 548 964 618 depre·
1019 549 1134 603 Domino
1159 566 1166 602 :
1187 549 1240 616 Qui
1263 548 1398 604 devorant
1421 548 1529 620 plebem
1543 564 1657 618 meam,
1674 555 1710 606 ιιι
1726 552 1822 608 meatu

170 638 324 693 tentantes
351 635 463 700 iusidas,
491 634 562 690 fideli
585 634 630 706 qui
655 650 708 690 uon
738 650 798 705 quae
826 650 876 689 sua
904 645 966 690 suut
1017 638 1278 708 praestinatum,
1300 638 1330 703 d,
1347 651 1393 704 ιιι,
1410 637 1498 707 b);et
1514 655 1522 691 τ
1541 638 1611 706 Quin
1632 638 1820 696 comederant

168 734 280 797 quaerat.
306 724 389 779 Porro
413 733 504 778 autem
532 723 566 777 ad
595 739 684 778 mores
711 722 897 778 honestaudos
924 723 965 777 vel
1019 725 1108 791 tarot,
1124 730 1152 782 ct
1182 727 1273 782 lecum
1292 728 1354 796 ejus
1368 725 1566 782 mutaverunt
1591 727 1678 793 (Psoi.
1704 744 1821 796 exuvie,

168 813 353 893 corrigendos,
370 812 442 884 quod
459 811 552 883 utique
566 813 598 867 ad
613 812 741 867 decorem
757 811 872 883 pertinet
882 826 965 881 spon·
1018 813 1062 883 ι),
1079 821 1105 868 et
1119 812 1145 868 iu
1157 812 1212 869 alio
1227 814 1362 884 prophete
1379 829 1385 867 :
1401 815 1523 870 Peccata
1535 816 1639 886 populi
1656 818 1714 873 mci
1727 832 1822 874 censc-

168 918 216 972 sae,
241 901 302 972 quis
317 915 371 957 nou
395 899 496 970 liquido
511 909 641 974 agnoscat
662 899 892 972 pernecessariam
906 898 966 956 lore
1018 900 1179 970 destitisse
1202 917 1242 967 xv,
1259 903 1306 970 8);
1330 901 1406 977 quasi
1421 902 1494 958 dicat
1511 917 1518 956 :
1536 902 1708 958 Peccatorum
1734 907 1821 976 pretia

166 1006 227 1046 cum
245 988 332 1045 muita
346 989 457 1061 quidem
472 987 613 1061 diligentia
628 987 777 1058 disciplina
803 989 965 1044 censearam‘.l
1019 989 1139 1062 erigunt,
1154 999 1179 1044 et
1203 988 1377 1058 peccantibus
1402 987 1518 1044 debitam
1534 988 1746 1045 sollicitudiuem
1766 1008 1819 1049 nou

167 1079 205 1134 Ea
224 1085 336 1151 propter
363 1081 463 1144 omnis,
480 1076 525 1133 cui
541 1078 593 1132 boc
618 1092 688 1148 opus
704 1075 842 1143 incumbit,
860 1084 966 1145 oportet
1021 1075 1190 1142 impendunt.
1211 1076 1299 1143 Quem
1313 1076 1391 1130 dabis
1401 1076 1466 1132 mibi
1481 1076 1516 1131 da
1530 1092 1642 1132 numero
1657 1078 1821 1148 praeposito-

167 1165 269 1224 lerreat
284 1166 343 1221 nelo
356 1165 415 1233 ilio,
436 1179 492 1234 quo
504 1180 636 1221 accensus
652 1165 804 1236 praecipuus
818 1163 863 1219 ille
877 1179 965 1220 aemu-

167 1253 347 1327 latorsponsae
355 1253 461 1309 Domini
479 1253 591 1309 aiebat:
615 1254 745 1311 AEmulor
758 1267 803 1311 uos
814 1253 965 1310 Dcitemu·

168 1343 293 1401 lotione:
308 1338 963 1414 despondienimoesunivt'rooirpieem1588

1019 1178 1089 1229 rum,
1104 1164 1151 1234 qui
1176 1178 1229 1217 nou
1253 1163 1314 1234 plus
1343 1163 1468 1235 invigilet
1485 1164 1654 1219 subditorum
1672 1167 1821 1221 vacuandis

1018 1250 1172 1323 marsupiis,
1188 1268 1268 1323 quam
1282 1251 1354 1308 vitiis
1377 1251 1561 1322 extirpandis?
1575 1253 1622 1309 ubi
1640 1253 1687 1325 qui
1715 1255 1821 1311 orando

1018 1337 1106 1394 flectat
1120 1339 1205 1406 iram,
1221 1339 1266 1409 qui
1281 1339 1411 1410 predicet
1432 1354 1534 1395 aunum
1553 1340 1714 1411 placabilem
1728 1342 1822 1398 Domi

167 1435 277 1488 costum
291 1431 421 1489 celtibera
434 1430 545 1488 cbristo
560 1431 599 1501 (ιι
613 1431 674 1489 Cor.
692 1445 732 1493 ιι,
749 1429 787 1500 2).
807 1430 868 1485 lam
891 1445 963 1500 quo-

167 1519 246 1576 mode
261 1519 289 1574 iu
302 1533 405 1589 pascua
417 1517 572 1573 diuinorum
597 1517 694 1575 educet
709 1517 879 1590 eloquiorum
898 1533 964 1590 gre-
1020 1512 1134 1570 dicium.

165 1623 213 1680 ges
227 1607 388 1663 Domiuieos
408 1616 502 1678 pastor
512 1604 619 1663 idiota?
632 1605 687 1663 Sed
710 1616 737 1663 et
751 1606 774 1662 si
788 1605 886 1662 doctus
899 1605 963 1676 qui·
981 1579 1004 1657 Β
1053 1605 1080 1660 ι.
1093 1603 1156 1658 Siue
1175 1617 1256 1658 causa
1272 1613 1360 1659 tamen
1375 1604 1418 1660 vel
1433 1604 1484 1668 his,
1501 1605 1542 1660 rel
1556 1602 1612 1659 illis
1622 1605 1815 1673 immoramur,

164 1696 226 1750 dem
241 1695 321 1751 luerit
345 1694 448 1751 nonsit
462 1704 550 1751 autem
566 1695 654 1750 bonus
677 1695 826 1750 serendum
854 1710 888 1750 ne
911 1710 966 1750 uou
1019 1690 1084 1765 quia
1103 1706 1158 1747 uou
1172 1692 1356 1749 audiuntnoa.
1369 1690 1424 1748 Sed
1439 1693 1489 1747 etsi
1502 1692 1597 1749 litteris
1611 1692 1727 1750 forsitan
1741 1712 1822 1750 mau-

164 1790 219 1838 tam
233 1782 333 1839 nutriat
348 1781 471 1837 doctrine
482 1781 569 1849 uberi,
580 1797 664 1853 quem
683 1781 767 1837 sterili
782 1782 836 1838 vita
857 1790 962 1837 noceat.
1017 1779 1114 1835 dentur
1131 1779 1183 1835 ista
1195 1796 1257 1852 quae
1267 1779 1393 1848 dicimus,
1409 1781 1629 1853 dedignabuntur
1646 1783 1753 1855 legere3
1775 1792 1818 1839 aut

164 1871 281 1926 Temere
289 1870 381 1942 itaque
396 1876 423 1923 et
438 1869 466 1924 in
481 1870 533 1925 hac
543 1877 619 1941 parte
634 1870 686 1926 boc
701 1885 771 1925 onus
781 1869 889 1926 subitur
902 1871 963 1926 abs·
1015 1869 1039 1922 si
1053 1867 1123 1924 lorte
1137 1869 1260 1943 legerint,
1295 1869 1362 1924 mihi
1384 1869 1606 1944 indignabuntur,
1629 1872 1757 1942 quamuis
1771 1889 1817 1929 re·

163 1974 218 2031 que
245 1958 356 2014 scientia
379 1957 487 2027 pariter,
512 1957 620 2032 vitaque
648 1958 786 2014 laudabili.
814 1958 866 2014 Sed
889 1973 961 2026 ecce,
1015 1955 1147 2013 etiussibi
1162 1956 1214 2013 hoc
1229 1957 1355 2016 lacerent.
1376 1959 1522 2028 Propterea
1535 1958 1723 2031 relinquamus
1738 1962 1815 2026 istos,

162 2046 237 2120 quod
252 2061 307 2101 uon
325 2046 478 2117 laudamus,
492 2045 554 2102 linis
571 2046 708 2115 indicitur,
726 2047 772 2103 ubi
788 2063 842 2104 uon
855 2056 914 2105 erat
927 2046 960 2102 ιι-
1016 2060 1069 2100 ιιοιι
1080 2045 1411 2118 inventoresspousae‚sed
1421 2046 1628 2117 uenditores3et
1641 2049 1816 2120 requiramus

163 2133 216 2191 uis.
248 2134 405 2192 Evocamur
425 2134 454 2189 iu
475 2133 616 2190 materiam
639 2135 762 2201 alteram,
786 2146 814 2192 et
837 2137 880 2191 eui
894 2138 962 2192 hauc
1015 2134 1104 2204 potius
1119 2133 1191 2198 illos,
1216 2134 1345 2205 aquibus
1358 2149 1462 2206 sponsa
1482 2152 1513 2192 se
1528 2135 1668 2192 iuuentam
1681 2137 1812 2208 loquitur.

163 2223 262 2279 cedere
284 2222 424 2297 iudignum
453 2221 538 2295 (249).
566 2225 659 2297 Angor
681 2223 808 2295 undique,
835 2233 862 2280 ct
889 2224 961 2295 quod
1015 2221 1171 2292 thuidem
1194 2222 1301 2279 illorum
1315 2223 1360 2279 isti
1375 2223 1467 2280 sortiti
1480 2231 1543 2279 suut
1556 2225 1694 2282 ministerii
1710 2227 1811 2292 locum,

163 2311 265 2383 aegrius
285 2310 368 2367 leram
383 2310 491 2383 ignoro,
516 2310 594 2368 avelli
608 2311 643 2365 ab
657 2310 718 2378 ista,
742 2327 777 2366 au
802 2311 919 2368 distendi
933 2311 960 2366 iu
1015 2310 1139 2366 sednon
1164 2311 1261 2366 zelum.
1291 2311 1469 2368 successores
1497 2328 1594 2369 omnes
1613 2314 1811 2383 eupiuntcsse,

162 2399 208 2456 illo
224 2399 299 2456 :uisi
313 2400 386 2474 quod
408 2398 540 2456 utrolibet
562 2398 644 2457 simul
658 2407 793 2471 utrunque
806 2398 958 2456 molestius.
1012 2397 1168 2455 imitatores
1184 2399 1309 2469 pauci,0
1326 2400 1432 2457 utinam
1448 2408 1503 2455 tam
1518 2402 1617 2473 vigiles
1629 2402 1813 2474 reperirentur

162 2487 186 2546 O
209 2488 380 2547 servituteml
396 2504 414 2544 o
429 2488 633 2546 necessitateml
650 2505 705 2546 non
727 2489 802 2563 quod
830 2488 892 2546 volo
908 2489 960 2546 hoc
1014 2487 1050 2543 ad
1075 2503 1180 2554 curam,
1206 2504 1289 2559 quam
1313 2490 1421 2545 alacres
1444 2500 1556 2546 currunt
1577 2490 1611 2547 ud
1635 2491 1812 2549 eatbedrarnl

1019 1429 1081 1482 no‘?
1096 1427 1209 1484 Leviora
1223 1428 1377 1501 loquimur,
1400 1428 1529 1500 gratiora
1543 1431 1650 1504 gravius
1666 1439 1761 1488 manet
1772 1432 1820 1501 ju·

162 2591 225 2647 ego,
243 2576 293 2631 sed
307 2574 379 2647 quod
393 2573 438 2632 odi
453 2573 521 2629 iilud
535 2574 614 2631 facio.
635 2577 731 2632 Notcte
745 2586 834 2632 tamen
850 2576 896 2631 ubi
910 2575 960 2632 de·
1011 2575 1160 2648 vigilarent
1180 2577 1285 2650 utique,
1311 2578 1425 2634 sollicite
1448 2591 1588 2635 seruantes
1602 2579 1637 2634 ab
1651 2578 1708 2636 illis
1722 2581 1814 2638 insen-

162 2663 284 2733 siuimus,
297 2669 328 2719 ut
342 2678 423 2735 quam
437 2662 490 2718 cito
505 2661 532 2718 iu
548 2662 574 2720 id
589 2664 676 2720 redire
693 2664 807 2721 liberum
822 2663 882 2731 erit,
895 2665 958 2721 iude
1012 2671 1067 2719 tam
1087 2664 1140 2721 sibi
1152 2664 1295 2721 creditam.
1312 2665 1370 2722 imo
1383 2682 1449 2724 vero
1469 2666 1629 2739 evigilarent
1645 2684 1694 2739 pro
1709 2679 1812 2726 semet·

160 2768 224 2808 moa
252 2750 399 2818 ordiamur,
426 2750 454 2805 iu
482 2751 593 2809 nomine
621 2753 712 2824 spousi
741 2753 869 2810 Ecclesiae
892 2753 957 2810 lesu
1011 2750 1089 2823 ipsis,
1099 2767 1148 2809 uec
1160 2754 1279 2810 sinerent
1292 2755 1327 2810 de
1341 2769 1371 2809 se
1385 2753 1457 2812 dici:
1470 2756 1626 2814 Amicimct‘
1639 2761 1668 2815 et
1682 2760 1812 2827 proximi

161 2839 258 2897 Christi
265 2839 373 2897 Domini
387 2840 486 2910 uestri,
505 2841 553 2913 qui
568 2848 609 2897 est
621 2857 704 2913 super
718 2842 808 2899 omnia
823 2844 896 2899 Deus
911 2844 956 2901 be-
969 2853 994 2932 ο
1006 2841 1062 2898 mei
1076 2841 1224 2899 adamam
1244 2858 1290 2899 nte
1303 2844 1602 2916 appropinquaverunt
1616 2848 1644 2902 et
1662 2849 1811 2903 steterunt

160 2928 283 2986 nedictus
291 2927 319 2985 in
332 2928 442 2986 seacula.
459 2930 556 2985 Amen.
1008 2928 1096 2999 (Paul.
1107 2943 1217 2994 xxxvu,
1234 2930 1291 2997 ta).
1309 2929 1385 2985 Justa
1399 2931 1509 2986 omuino
1521 2932 1702 3003 querimonia,
1715 2948 1769 2990 uec
1779 2935 1811 2989 ad

170 3002 182 3015 ’
425 3032 543 3092 SEDMO
556 3033 691 3092 Lfflpp·
1011 3014 1095 3071 tillem
1107 3015 1216 3083 justius,
1244 3029 1326 3086 quam
1349 3015 1383 3070 ad
1405 3013 1518 3073 abab
1530 3027 1648 3073 nostram
1667 3019 1811 3078 referenda

166 3144 205 3199 Dc
214 3141 609 3213 mattspostoretesdcctenoe
619 3161 628 3209 ;
640 3142 709 3196 item
728 3142 861 3214 quomodo
886 3141 960 3197 beati
1011 3112 1128 3162 aemoem·
1141 3105 1243 3203 ΡΜ,
1253 3112 1294 3160 ⁰⁸¹
1308 3104 1409 3160 '¹⁰⁹¹‘ss
1434 3104 1564 3176 vigilibus
1588 3108 1659 3203 ‘iwd
1677 3124 1737 3166 111111
1752 3127 1808 3209 1θ1ᾒ

197 3213 308 3269 incoelo
324 3212 411 3269 simol
425 3211 848 3284 eumanpettsodjatortosust
862 3213 961 3270 electis
1011 3203 1077 3252 vaut
1103 3209 1163 3260 ¹¹0⁵,
1194 3209 1245 3248 11111
1272 3205 1298 3249 11
1327 3193 1447 3264 Deidam-
1475 3193 1536 3249 111111
1564 3209 1664 3264 quippe
1688 3197 1810 3255 demersi

196 3283 290 3341 (11111111
301 3281 562 3356 Ρ1119111111111111111·
1011 3283 1157 3342 oblivionis
1171 3297 1279 3350 somno,
1291 3281 1325 3336 ad
1339 3280 1441 3337 nullum
1457 3281 1603 3337 Dominicae
1612 3285 1807 3342 commiuatio-

195 3375 222 3426 ι.
246 3369 294 3427 Bia
315 3369 433 3442 expediti
458 3370 567 3428 sumus!
599 3369 720 3427 Diximus
742 3371 869 3426 besterna
898 3387 958 3427 ser·
1011 3371 1055 3426 nis
1071 3370 1219 3427 tonitruum
1233 3369 1469 3442 expergiscuntur,
1486 3370 1569 3427 utrel
1590 3386 1671 3426 suum
1687 3372 1807 3444 ipsorum

159 3472 250 3528 moue,
278 3457 371 3531 quales
406 3458 434 3514 iu
460 3459 505 3515 via
532 3474 587 3531 que
616 3458 799 3525 ambulamus,
828 3458 958 3516 vellemus
1010 3460 1161 3532 periculum
1180 3468 1368 3530 expavescent.
1399 3460 1465 3515 lude
1492 3467 1533 3514 est
1558 3467 1588 3514 ιιι
1615 3475 1670 3516 nou
1699 3471 1808 3532 permut

157 3544 258 3605 babere
283 3547 378 3619 duces,
395 3561 451 3602 uon
466 3549 560 3620 quales
574 3547 720 3603 babemus.
736 3546 827 3618 Longe
840 3545 958 3602 dissimi-
1011 3549 1079 3614 suis,
1093 3547 1139 3617 qui
1166 3561 1221 3603 nou
1252 3555 1367 3618 pareunt
1390 3546 1452 3613 sibi,
1478 3549 1642 3618 perimentes
1666 3549 1807 3619 peniteret

157 3636 197 3694 les
210 3636 376 3710 experimur.
401 3637 462 3692 Nou
477 3651 574 3692 omues
587 3644 659 3693 sunt
673 3634 754 3692 amici
768 3636 872 3705 sponsi,
887 3650 958 3706 quos
1009 3643 1165 3709 pereuntes.

157 3725 239 3785 bodie
264 3742 373 3801 sponse
388 3725 528 3783 hincinde
555 3726 683 3783 assistere
697 3725 796 3792 cernis,
812 3732 838 3783 et
857 3725 915 3798 qui,
928 3735 957 3782 ut
1045 3728 1072 3780 3.
1087 3723 1142 3780 Sed
1157 3725 1231 3780 euim
1259 3722 1369 3796 quinam
1384 3723 1423 3779 illi
1435 3730 1497 3779 suut
1511 3721 1619 3795 uigiles,
1633 3737 1650 3778 a
1663 3723 1763 3797 quibus
1776 3739 1804 3782 se

156 3815 239 3890 saelge
260 3816 334 3872 aiunt
359 3831 420 3872 caru
433 3814 511 3888 quasi
538 3813 697 3873 addextrare
716 3814 852 3872 videntur.
877 3814 957 3873 Pauci
1009 3812 1283 3884 iuventamperbibet
1297 3813 1418 3883 sponsal
1440 3811 1544 3883 Nempe
1573 3813 1699 3883 apostoli,
1725 3819 1804 3885 etque

156 3903 300 3961 admodum
316 3911 378 3959 eunt
401 3905 448 3975 qui
476 3917 533 3961 non
548 3919 610 3977 que
629 3919 678 3959 sua
691 3911 755 3960 sunt
772 3909 906 3975 quaexaut,
921 3917 955 3958 ex
1009 3901 1150 3974 apostolici
1165 3900 1225 3960 viri.
1238 3902 1305 3957 Vere
1315 3901 1344 3956 hi
1359 3900 1475 3973 suntqui
1490 3899 1647 3956 custodiunt
1655 3900 1800 3971 civitatem,

157 3990 285 4047 omuibus
300 3990 391 4047 charis
410 3990 481 4061 ejus.
498 3992 622 4066 Diligunt
637 4007 760 4059 munera,
776 4006 827 4048 uec
842 3998 956 4064 possunt
1008 3992 1146 4048 idesteam
1160 3990 1252 4062 ipsam
1262 4004 1342 4060 quarn
1364 3990 1528 4046 invenerunt
1543 3987 1804 4062 senesiameoque

156 4080 257 4151 pariter
284 4078 395 4151 diligere
420 4079 577 4150 Christum,
602 4079 667 4153 quia
695 4095 791 4135 manus
821 4078 989 4177 dederuutn
1005 4080 1172 4153 sigilautius,
1189 4093 1244 4152 quo
1258 4077 1592 4149 uunctemporisgravius
1606 4077 1803 4150 periclitantem

155 4183 332 4225 mammone.
350 4168 459 4226 Intuere
474 4168 612 4240 quomodo
623 4169 751 4226 incedunt
765 4165 843 4221 nitidi
861 4173 888 4223 et
907 4183 951 4222 or·
1005 4168 1175 4239 conspiciunt
1191 4208 1197 4232 ,
1214 4183 1230 4221 a
1253 4166 1323 4222 malo
1347 4166 1441 4236 utique
1455 4166 1603 4223 domestico
1618 4175 1647 4222 et
1661 4166 1802 4232 intestino,

154 4256 219 4322 nati,
248 4256 441 4314 circumamicti
477 4257 661 4323 varietatibus,
694 4262 824 4325 tauquam
851 4269 952 4326 sponsa
1006 4253 1804 4329 sicutscriptumestzlltiuimiciltominiedomeslicn'cjus

154 4345 304 4418 procedens
327 4344 361 4403 de
374 4345 497 4402 thalamo
511 4360 571 4400 suo.
587 4344 685 4398 Nonne
709 4341 899 4415 siquempiam
913 4352 952 4398 ta-
1005 4345 1097 4417 (llicit¹
1119 4359 1169 4412 vu,
1184 4343 1224 4412 6).
1244 4344 1338 4414 Neque
1361 4343 1433 4399 enim
1447 4357 1499 4414 pro
1515 4360 1569 4416 qua
1584 4344 1718 4415 usquead
1733 4361 1801 4401 seu·

153 4433 219 4490 lium
234 4440 344 4505 repente
362 4434 468 4490 eminus
482 4430 674 4504 procedentem
690 4429 838 4500 aspexeris,
868 4445 951 4501 spon-

153 4538 212 4580 sam
226 4523 316 4594 potius
332 4521 447 4594 putabis,
465 4534 546 4591 quam
564 4534 673 4593 spousae
692 4518 856 4577 custodem?
870 4519 949 4576 Unde

152 4624 216 4669 vero
244 4611 311 4667 bauo
327 4608 383 4666 illis
396 4607 547 4666 exuberare
572 4607 712 4665 existimas
727 4623 818 4664 rerum
833 4607 947 4664 affluen-

151 4699 225 4768 tiam,
256 4697 373 4755 vestium
406 4695 591 4767 splendorem,
620 4711 774 4753 mensarum
803 4696 946 4765 luxuriem,

150 4788 307 4861 congeriem
330 4799 455 4842 uasorum
465 4793 656 4861 argenteorum
671 4793 699 4842 et
713 4799 869 4851 aureorum,
894 4785 946 4841 nisi

150 4875 185 4933 (ιο
199 4875 279 4933 bonis
294 4874 424 4948 spousael
439 4873 504 4931 lude
514 4875 633 4947 estquod
639 4874 804 4945 illapauper,
815 4883 842 4930 et
856 4874 946 4945 inops,

148 4973 176 5022 et
204 4965 277 5023 nuda
305 4963 475 5037 relinquitur,
494 4963 564 5020 lacie
587 4962 749 5030 miseranda,
777 4961 887 5030 inculta,
902 4962 946 5016 bi·

149 5054 237 5126 spida,
254 5053 393 5126 ersaugui.
424 5053 537 5124 Propter
552 5053 604 5111 hoc
617 5065 672 5108 non
687 5059 729 5108 est
753 5050 805 5107 boc
823 5058 946 5121 tempere

147 5158 246 5200 ornare
271 5157 410 5214 sponsam,
432 5140 481 5199 sed
501 5140 639 5216 spoliare;
666 5155 722 5198 nou
741 5148 781 5196 est
795 5140 943 5208 custodire,

186 5268 261 5338 (ιιι)
277 5269 325 5326 His
338 5265 427 5325 uerbis
441 5267 528 5323 iunuit
541 5266 695 5324 Demardub
723 5280 877 5324 sermenem
891 5266 942 5322 eii·

147 5351 205 5408 que
218 5339 380 5395 necessitate
393 5336 479 5395 luisse
507 5341 610 5395 iuterru
632 5349 702 5408 tum;
731 5339 845 5409 ejusque
860 5337 942 5393 linem

148 5405 240 5477 aliquo
253 5407 332 5482 signo
351 5408 482 5465 indictum
497 5430 504 5465 :
520 5410 599 5468 sirei
646 5406 729 5466 luerit
743 5407 851 5482 siguum
865 5424 940 5466 eom-

1005 4433 1112 4510 guiuem
1122 4432 1290 4502 restiterunt,
1300 4447 1350 4489 suo
1360 4433 1552 4506 derelinquunt
1558 4433 1712 4505 patrocinio
1721 4436 1804 4494 desti·

1004 4530 1098 4590 tutam,
1108 4522 1157 4578 sed
1173 4527 1321 4592 protegunt
1333 4527 1361 4577 ot
1375 4521 1530 4578 custodiunt
1539 4536 1598 4577 eam
1608 4522 1653 4578 die
1665 4537 1699 4580 ec
1711 4532 1802 4581 nocte.

1002 4610 1055 4668 boc
1067 4619 1115 4676 est,
1131 4609 1158 4666 iu
1173 4609 1227 4667 vita
1239 4617 1267 4665 et
1280 4609 1309 4664 iu
1322 4618 1408 4666 morte
1421 4625 1480 4666 sua.
1495 4609 1529 4665 Bt
1542 4609 1566 4664 si
1579 4611 1702 4682 pretiosa
1716 4620 1760 4670 est
1775 4613 1802 4668 in

1003 4709 1149 4772 conspeetu
1170 4699 1279 4756 Domini
1294 4714 1368 4756 mors
1383 4708 1537 4756 sauctorum
1553 4699 1612 4770 ejus
1626 4699 1715 4771 (Psoi.
1733 4717 1801 4773 ext,

1003 4789 1058 4859 iti),
1078 4804 1132 4844 uou
1148 4790 1257 4859 ambigo
1272 4803 1324 4862 ego
1337 4786 1404 4861 quin
1419 4788 1500 4845 etiam
1515 4796 1589 4845 tauto
1602 4789 1631 4844 in
1646 4798 1736 4847 morte
1755 4807 1802 4863 po

1002 4878 1101 4934 tentius
1114 4877 1142 4933 id
1156 4885 1246 4950 agant,
1257 4886 1357 4949 quanto
1373 4876 1401 4932 iu
1416 4877 1476 4950 ipsa
1498 4877 1614 4949 amplius
1627 4877 1801 4938 confortatus

1000 4975 1042 5021 est
1055 4965 1221 5038 principatus
1236 4980 1330 5020 eorum
1345 4966 1434 5035 (Paul.
1451 4968 1650 5037 enutristi).

1035 5055 1062 5109 ι.
1076 5053 1120 5110 Sic
1132 5054 1182 5111 ista
1194 5053 1306 5119 asseris,
1317 5053 1356 5110 ait
1370 5053 1442 5127 quis,
1453 5069 1485 5110 ac
1497 5054 1522 5110 si
1534 5054 1621 5112 oculis
1631 5053 1686 5112 tuis
1693 5056 1798 5114 rideris

999 5156 1045 5214 ea;
1062 5149 1125 5199 suut
1147 5150 1235 5199 eutem
1249 5142 1283 5198 ab
1307 5141 1434 5199 humanis
1459 5142 1565 5200 seclusa
1589 5145 1798 5216 conspectibus.

997 5265 1089 5321 munis
1102 5280 1214 5338 mense,
1230 5265 1288 5323 sire
1301 5265 1375 5322 aliud
1390 5267 1661 5340 quodvisnegotium,
1672 5270 1798 5327 cuibene

997 5336 1144 5419 materiem
1157 5337 1255 5419 cedere
1283 5337 1426 5420 indiguum
1439 5339 1523 5420 ducit.
1537 5340 1684 5468 Neqotium
1703 5344 1799 5414 potius

995 5408 1117 5465 indicant
1131 5421 1270 5480 emisenus
1283 5423 1417 5466 sermonis
1431 5426 1579 5482 premerer
1598 5428 1623 5468 a.
