3734 5948
167 232 221 292 955
644 231 672 288 S.
693 228 859 293 blattam
879 225 1017 286 tultus
1034 227 1351 292 cuttu-vltttusls
1776 237 1819 301 §l

164 358 240 418 nihil.
252 360 366 429 Quando
380 355 540 428 adimplebis
553 370 598 413 me
611 355 705 413 laetitia
723 373 785 414 cum
799 355 874 412 vultu
889 352 961 409 tuot
977 370 1002 451 Α
1019 357 1059 428 6),
1079 356 1131 413 nisi
1146 358 1174 414 in
1188 358 1336 415 meridiano
1357 373 1436 432 eque
1454 358 1569 420 lumine.
1592 361 1687 433 Quod
1720 365 1822 440 qrridn

105 510 108 515 ,
165 447 254 520 {Prot
275 462 325 517 xv,
350 446 406 514 ll).
428 443 540 502 Vultum
567 453 654 511 tuum,
670 444 795 512 bomine,
824 442 960 515 requiram
1018 445 1182 503 daemonium
1204 447 1307 505 idcirco
1337 447 1514 505 meridianum
1547 450 1657 511 dmum
1690 456 1823 525 existimo,

163 534 254 606 (Psoi.
282 549 365 603 xxvi,
383 532 422 602 8).
451 531 547 589 Vultus
567 540 631 590 tuus
647 531 778 589 'meridies
792 538 842 588 est.
868 531 964 587 ludica
1017 537 1080 607 quia
1098 543 1161 592 sunt
1172 535 1259 609 aliqui
1273 539 1307 594 de
1331 552 1447 594 numero
1464 537 1664 614 malignorum,
1687 544 1744 618 qui
1771 561 1823 604 eun

165 624 295 682 mibialri
303 623 468 697 pascas,abi
478 621 559 680 cubes
574 625 606 678 in
618 623 744 681 mendic.
760 621 822 679 Scio
836 619 902 676 satis
917 618 963 674 ubi
1018 624 1114 683 merito
1129 626 1279 683 tenebrose
1293 625 1488 698 obstinataeque
1516 627 1669 689 voluntatis
1689 648 1757 691 sno
1778 651 1823 694 m

164 727 330 784 pascasnoa
344 712 472 781 cubans;
502 710 591 766 indica
613 711 680 767 mibi
696 710 741 767 ubi
760 725 855 782 pascas
869 716 963 764 etcu·
1016 720 1045 769 et
1067 729 1117 770 nos
1131 724 1262 786 perpetua
1276 714 1423 784 siut,dicm
1446 725 1535 771 tamen
1551 732 1581 773 te
1609 718 1647 775 ad
1674 719 1822 782 sallmdan

165 801 225 858 bes,
239 802 299 857 Non
315 800 413 874 ignoro
423 799 469 855 ubi
485 798 544 855 aliis
558 800 725 870 temporibus
734 798 960 871 pasceresoleas;
1016 802 1142 858 simulare
1160 811 1303 870 noverunt,
1332 819 1383 859 nec
1407 803 1488 860 modo
1515 805 1598 875 diam,
1624 809 1679 865 sed
1697 817 1732 867 ot
1747 812 1823 873 rnen-

165 889 215 944 aod
237 889 307 945 scire
335 888 416 945 velim
439 886 487 943 ubi
510 886 538 942 iu
563 887 677 944 meridie
705 903 811 959 pascas.
837 887 904 942 Nam
934 885 962 940 in
1016 890 1098 957 diem,
1128 890 1198 946 sicut
1221 907 1316 948 eorum
1342 891 1471 965 princeps
1495 908 1550 949 non
1574 905 1738 956 contentus
1770 917 1823 961 ens

164 983 288 1050 tempore
313 977 422 1051 quidem
442 975 614 1032 mortalitatis
628 991 706 1041 meae,
723 983 751 1032 et
779 976 807 1031 in
830 975 890 1031 loco
914 990 962 1045 pe·
1016 979 1128 1052 aqualis
1143 979 1210 1049 lieo,
1225 979 1305 1036 etiam
1320 978 1499 1051 adseratur,
1514 988 1544 1041 et
1557 987 1731 1046 extollitur
1743 1006 1822 1066 aupn

165 1065 360 1142 regrinationis
378 1080 446 1122 mete
465 1064 593 1121 consuevi
607 1081 671 1121 sane
694 1065 746 1121 sub
768 1073 814 1119 tua
840 1062 963 1119 custodia
1016 1069 1045 1125 id
1054 1067 1127 1142 quod
1139 1068 1256 1134 dieitur,
1272 1072 1325 1126 eal
1334 1070 1407 1142 qaod
1415 1072 1520 1128 colitur
1534 1075 1605 1131 lietu
1619 1074 1663 1146 (ll
1681 1076 1783 1138 Tam.
1797 1096 1821 1151 n,

165 1154 249 1225 limi,
266 1158 294 1212 οἵ
304 1170 429 1226 pasceres
443 1154 545 1230 inlege,
560 1160 589 1210 θῑ
604 1153 751 1224 militetis.
763 1161 790 1208 et
804 1150 916 1224 psalmis
927 1151 962 1206 de
1016 1157 1056 1227 t).
1072 1157 1167 1228 ltaque
1181 1157 1315 1214 nisicordi
1324 1157 1407 1224 illins,
1416 1174 1499 1230 quern
1512 1160 1581 1218 lorla
1589 1162 1713 1236 aliquod
1729 1168 1822 1225 istius·

163 1251 209 1311 to;
226 1259 345 1300 necnon
367 1243 395 1299 in
419 1242 583 1316 evangelicis
597 1241 705 1314 pascuis
724 1249 751 1296 et
765 1241 838 1312 apud
853 1251 962 1310 aposto·
1016 1245 1087 1301 modi
1103 1246 1266 1302 daemonium
1287 1246 1465 1302 meridianum
1494 1251 1653 1308 tentandum
1673 1259 1820 1330 accepen't,

164 1330 207 1389 los
225 1332 349 1389 similiter
372 1331 512 1404 requiavl3
538 1330 693 1403 irequenter
715 1329 797 1386 etiarn
818 1328 853 1384 de
876 1327 962 1400 gostis
1015 1333 1105 1390 oriens
1119 1349 1152 1391 ex
1171 1333 1226 1390 alto
1245 1334 1363 1390 illuxerit
1386 1351 1465 1392 verus
1479 1336 1618 1409 meridies,
1647 1344 1702 1411 qui
1728 1343 1820 1401 lalana

162 1429 328 1488 ramorum,
357 1430 384 1477 et
406 1419 513 1486 verbis,
539 1429 566 1475 et
587 1419 695 1491 scriptis
720 1433 835 1484 eorum,
858 1417 960 1474 rictum
1014 1421 1153 1478 convincat
1177 1431 1205 1478 el
1227 1422 1332 1493 prodat,
1361 1438 1416 1481 nou
1444 1424 1544 1495 poterit
1575 1428 1697 1488 omniuo
1727 1434 1820 1504 curm,

163 1509 228 1566 mihi
253 1517 333 1580 atque
355 1507 535 1566 attinentibus
552 1507 619 1562 mibi
645 1506 796 1563 mendicavi
811 1513 840 1560 ut
858 1505 959 1578 potui3
1014 1510 1062 1566 sed
1072 1511 1217 1567 tentabitet
1225 1510 1410 1583 supplantabit
1421 1511 1569 1570 siuedubio
1577 1517 1631 1573 sub
1639 1520 1820 1591 specieboni,

163 1595 331 1669 frequentius
358 1604 447 1654 auum
463 1596 603 1668 (quoniam
629 1596 651 1651 ia
674 1594 760 1668 magis
787 1595 822 1651 ad
850 1609 959 1649 manum
1013 1615 1064 1669 pro
1078 1599 1696 1674 bonoacilicetmalamincsutoetiuprorido
1712 1624 1819 1680 persua·

165 1684 224 1754 luitl
243 1684 401 1742 manducavi
418 1699 518 1756 panem
540 1682 653 1750 doloris,
669 1692 695 1739 et
718 1684 808 1739 vinum
823 1697 960 1753 compuu·
1013 1686 1091 1742 dens.
1105 1688 1139 1743 Et
1155 1687 1364 1753 tancmeridics,
1376 1687 1405 1743 id
1420 1690 1818 1770 estmajorclaritas,apparet,

163 1774 263 1830 ationis
277 1773 333 1829 bibi
349 1791 356 1844 ;
372 1780 399 1828 et
411 1777 498 1844 saetoe
512 1778 581 1831 rant
593 1774 665 1830 milti
681 1773 814 1843 lacrymae
824 1788 894 1829 meta
906 1788 959 1842 pa·
1012 1782 1129 1841 tonnus,
1143 1792 1204 1833 oum
1219 1776 1297 1847 quasi
1311 1776 1376 1833 boni
1386 1777 1498 1848 majoris
1511 1777 1660 1852 imaginem
1678 1784 1804 1854 praefert,

163 1862 420 1930 maturescere,
438 1863 506 1919 dam
528 1863 635 1919 dicitnr
657 1861 732 1918 milti
753 1861 893 1933 quotidie:
913 1860 961 1917 llbi
1052 1862 1161 1920 1891
1181 1867 1225 1920 lll.
1241 1863 1365 1933 Quoties,
1381 1865 1460 1921 verbi
1473 1881 1564 1933 causa
1582 1872 1730 1942 suggessit
1753 1875 1818 1932 suti.

163 1957 207 2010 ert
217 1955 288 2010 Deus
299 1952 547 2020 tenementum.
558 1950 743 2023 l.)Nisiquod
754 1951 889 2005 demensa
899 1957 959 2018 tua3
1013 1953 1104 2025 pipare
1118 1953 1237 2025 vigilias,
1261 1968 1315 2024 quo
1340 1953 1374 2008 sd
1396 1955 1663 2014 solempnitatum
1693 1962 1817 2020 iunge„

162 2039 294 2112 siquidem
312 2040 413 2112 parasti
423 2038 451 2094 in
465 2050 611 2110 conspeetu
626 2054 686 2096 meo
702 2053 819 2095 menum
831 2037 961 2094 adversus
1013 2041 1191 2097 dormitanti?
1223 2040 1346 2110 Quoties,
1371 2043 1483 2113 produci
1507 2044 1622 2115 jejunia,
1655 2057 1689 2105 ut
1722 2052 1817 2110 dimne

163 2129 272 2201 eosqui
291 2130 420 2186 tribulant
446 2129 589 2198 mell'rai.
614 2127 802 2200 rxrt,5):de
829 2127 898 2199 ipsa,
915 2126 960 2180 in·
1014 2131 1153 2202 obsequiis
1182 2146 1216 2189 co
1237 2131 1359 2187 inutilem
1387 2133 1522 2203 redderet,
1552 2149 1606 2205 qno
1630 2136 1814 2197 imbecilleml

163 2233 255 2288 quam,
274 2226 326 2274 ture
344 2217 454 2290 quidem
476 2216 607 2274 beneficio
620 2216 813 2287 miserationis,
842 2214 959 2287 accipio,
1013 2218 1123 2287 Quoties
1137 2222 1206 2276 benc
1232 2218 1436 2291 proficientibus
1462 2221 1491 2277 in
1517 2223 1649 2280 coenobiis
1675 2227 1815 2296 inridens,

164 2306 411 2380 inquoutcunque
439 2307 552 2377 respiro,
577 2308 685 2380 qatoties
708 2304 792 2362 tristis
815 2303 960 2360 estanima
1013 2311 1125 2364 obtentu
1136 2309 1213 2382 quasi
1229 2310 1342 2378 majoris
1354 2309 1477 2380 puritatis
1491 2325 1614 2368 eremum
1640 2323 1736 2386 petato
1749 2333 1814 2389 per-

163 2410 233 2466 rnea,
247 2395 394 2467 atquoties
416 2396 561 2451 conturbat
580 2411 633 2450 me.
650 2395 712 2466 llaec
736 2408 835 2464 pascua
857 2392 921 2449 novi
934 2400 960 2448 et
1013 2398 1108 2469 suasit,
1124 2405 1352 2469 elcoguoverunt
1369 2397 1458 2455 miseri
1486 2400 1605 2470 tandem,
1634 2419 1813 2476 quamrerns

163 2481 330 2554 irmuentavi
346 2490 373 2540 te
387 2493 479 2540 secuta
496 2493 632 2554 pastorem
644 2504 654 2553 ,-
668 2482 716 2540 sed
739 2482 837 2548 indica,
854 2496 958 2555 quaeso.
1013 2485 1048 2542 sit
1062 2501 1152 2542 sermo
1164 2502 1247 2560 quern
1263 2487 1360 2543 lrustra
1370 2488 1509 2564 legerant:
1529 2489 1573 2546 Vae
1596 2493 1659 2559 soli,
1677 2498 1812 2568 quoniam

164 2573 246 2628 etiam
257 2589 320 2645 quar
329 2588 384 2630 non
398 2573 471 2629 nori.
1013 2579 1038 2634 ai
1051 2575 1196 2645 accim,
1206 2577 1352 2635 nonhabet
1364 2577 1580 2637 saturantem?
1593 2580 1692 2652 (heia
1701 2599 1742 2654 tv,
1759 2586 1813 2656 lt.)

201 2664 228 2717 8.
252 2660 322 2717 Sunt
340 2661 449 2734 quidem
464 2670 491 2718 et
514 2660 560 2717 alii
584 2669 716 2734 pastores,
741 2660 787 2733 qai
810 2659 905 2717 dieunt
931 2675 961 2716 se
1013 2664 1127 2734 Quoties
1141 2665 1175 2720 ad
1190 2680 1260 2738 opus
1274 2681 1403 2722 mmuum
1416 2667 1490 2739 plus,
1517 2684 1600 2741 quam
1614 2684 1689 2740 opus
1716 2671 1811 2740 luant,

164 2765 227 2806 asso
247 2749 354 2806 sodales
380 2758 453 2816 tuos,
482 2760 509 2805 et
530 2764 584 2806 non
612 2757 686 2816 sunt,
710 2749 840 2806 babentes
863 2763 961 2822 greges
1013 2751 1151 2821 incitarit;
1180 2761 1207 2809 et
1232 2753 1345 2811 lractum
1363 2754 1477 2827 ritibus,
1502 2756 1608 2814 caeteris
1640 2759 1812 2832 regularibus

165 2854 239 2904 suos,
250 2842 277 2894 et
290 2837 359 2895 fines
371 2853 437 2895 auos
452 2839 549 2909 pabulo
568 2839 662 2895 mortis
675 2838 800 2906 reiectos,
815 2837 842 2893 in
861 2837 960 2910 quibus
1014 2841 1150 2899 exercitiis
1165 2841 1315 2901 invalidum
1329 2842 1471 2898 reddidit?
1485 2843 1572 2914 Quam
1585 2846 1680 2903 mulus
1706 2850 1812 2907 erem-

163 2935 278 3000 pascunt
292 2943 342 2984 neo
356 2935 457 2996 tecum,
477 2944 527 2986 nec
542 2945 590 2998 per
607 2935 643 2993 te,
658 2943 774 3000 quorum
795 2928 886 2999 utique
900 2935 959 2983 ter·
1014 2929 1140 2986 tationem
1155 2930 1287 2996 corporis,
1307 2945 1368 3002 que
1378 2930 1458 3000 iusta
1480 2932 1643 3002 apsentem
1661 2937 1699 2991 ad
1728 2938 1813 2994 modi·

162 3017 252 3072 minos
266 3032 322 3075 nou
342 3017 449 3083 intravi,
467 3034 517 3074 uec
531 3016 690 3091 appropiavi
700 3017 749 3074 eis.
767 3016 820 3086 lpsi
834 3023 897 3071 sunt
911 3013 960 3086 qui
970 2981 999 3086 ,c
1012 3033 1072 3076 cum
1087 3017 1163 3089 valet¹
1186 3019 1214 3087 (Ι
1230 3019 1300 3074 Tim.
1316 3033 1355 3085 tv,
1371 3019 1409 3088 il,
1425 3033 1480 3074 non
1503 3021 1638 3076 modicam
1660 3026 1812 3094 peramant,

161 3106 256 3163 dicunt
272 3123 279 3161 :
295 3108 364 3165 Ecce
378 3107 423 3163 liic
437 3112 480 3164 est
495 3107 633 3173 cbristus,
645 3121 708 3163 cccc
717 3106 779 3163 illic
797 3108 841 3162 ert
860 3104 956 3174 (liare
1013 3114 1041 3163 et
1054 3108 1155 3178 pietate
1168 3105 1319 3163 fraudarit?
1334 3105 1457 3174 Denique
1471 3106 1523 3178 ipsi
1536 3108 1638 3180 experti
1653 3113 1738 3179 esus,
1756 3129 1814 3188 qno

160 3208 222 3260 xtu,
248 3195 313 3265 21);
330 3195 515 3266 promittentes
532 3194 670 3268 sapientiae
683 3202 709 3249 et
726 3194 846 3250 scientia
861 3207 959 3266 pascus
1011 3195 1093 3252 modo
1119 3195 1240 3269 quidam
1262 3193 1298 3251 ad
1318 3194 1509 3251 verecundiam
1532 3194 1638 3251 illorum
1655 3198 1736 3268 dico,
1773 3202 1813 3276 qni

161 3281 299 3348 uberiora,
315 3292 343 3339 el
356 3283 476 3340 creditur
490 3283 539 3350 eis,
556 3291 583 3338 ct
596 3282 735 3340 coulluuut
752 3283 787 3338 ad
803 3298 852 3338 eos
870 3282 957 3350 militi,
1011 3294 1073 3342 aute
1089 3284 1205 3340 inbiberi
1226 3299 1281 3340 non
1294 3291 1418 3358 poteraut
1431 3282 1482 3355 (ita
1502 3283 1531 3338 iu
1544 3283 1642 3355 spiritu
1655 3288 1814 3347 vehementi

162 3378 190 3428 el
204 3370 361 3428 iacinateos
375 3371 446 3428 lilios
456 3373 590 3445 gehennae
602 3373 685 3445 duplo
694 3388 772 3443 quam
781 3387 821 3427 se.
831 3371 885 3427 Cur
894 3375 955 3440 boc,
1011 3373 1044 3429 ad
1064 3373 1156 3428 omnia
1170 3372 1348 3442 ferebantur),
1359 3379 1420 3443 post
1433 3371 1469 3426 ad
1489 3379 1591 3428 unum
1613 3371 1751 3446 ignaviam
1764 3379 1815 3435 de·

160 3459 213 3515 nisi
229 3459 360 3533 quianon
377 3471 418 3517 eat
438 3462 474 3517 ibi
499 3461 624 3519 meridies
639 3469 666 3515 at
686 3461 829 3532 perspicua
843 3461 901 3527 lux,
927 3467 959 3516 ut
1012 3469 1152 3530 recerunt,
1167 3468 1197 3516 ut
1211 3462 1360 3517 secundum
1382 3459 1449 3515 illud
1463 3460 1598 3533 Apostoli.
1628 3478 1692 3518 curn
1715 3465 1811 3536 spiritu

161 3547 263 3620 liquido
272 3549 372 3606 veritas
385 3561 581 3625 cognoscatur;
608 3550 738 3621 lacilcque
758 3565 808 3621 pro
833 3565 863 3605 aa
889 3548 958 3606 reci·
1011 3549 1149 3622 ceperint,
1164 3565 1236 3606 nunc
1249 3564 1331 3606 carue
1345 3559 1568 3606 consummentur
1580 3551 1692 3623 (Galat.
1701 3567 1747 3625 ut,
1762 3557 1808 3623 3):

160 3637 234 3711 pitur
261 3638 364 3694 ialaitas
387 3651 500 3713 propter
523 3639 793 3705 verisimilitudinem,
814 3654 874 3709 quae
902 3653 959 3694 non
1012 3655 1093 3713 quam
1117 3647 1194 3710 turpe
1231 3637 1317 3695 iniere
1343 3637 1434 3694 loedus
1460 3654 1521 3695 cum
1557 3640 1614 3695 suis
1640 3644 1807 3712 corporibus,

159 3727 239 3785 facile
253 3727 281 3782 in
300 3729 415 3785 obscuro
433 3743 528 3786 arero
542 3728 714 3794 discernitur,
731 3735 880 3798 praesertim
894 3727 958 3799 quia
1010 3729 1108 3803 quibus
1118 3727 1227 3784 crudele
1240 3736 1303 3782 ante
1321 3725 1474 3783 indixerant
1488 3727 1599 3784 bollum.
1614 3727 1730 3799 Videas,
1748 3732 1807 3800 prob

160 3833 240 3889 aque
251 3819 369 3888 furtiva
379 3817 518 3876 dulciores
538 3823 618 3882 anni.
638 3822 668 3876 ai
675 3819 761 3891 panis
775 3816 958 3874 absconditae
1012 3814 1115 3890 pudori
1145 3816 1298 3887 importune
1326 3813 1461 3887 superllua
1480 3815 1636 3887 quaeritare,
1663 3817 1714 3888 qui
1739 3819 1809 3891 prius

159 3904 298 3961 suavior?
311 3905 404 3975 (Prota.
416 3922 456 3972 rx,
467 3907 567 3978 talus
580 3914 724 3979 propterea
733 3921 836 3978 quaeso,
844 3914 873 3962 ut
884 3905 958 3960 indi·
1012 3903 1166 3961 necessaria
1177 3901 1389 3959 obstinatissime
1408 3901 1578 3960 recusabant.
1594 3901 1763 3976 Quanquam
1786 3905 1807 3961 ai

47 4030 50 4036 -
161 4007 207 4049 ‘res
221 3991 287 4048 mibi
301 3993 350 4050 alt
362 3995 531 4066 porcos,aii
544 3997 625 4053 cales
639 3997 670 4051 in
684 3992 959 4060 moditerrania
1012 3993 1101 4065 quiin
1121 3990 1254 4047 sualorte
1277 3990 1368 4046 invicti
1390 3989 1571 4047 obstinatione
1588 3991 1754 4062 perdurant,
1770 3993 1809 4049 iu·

161 4080 316 4148 manifesto,
331 4098 368 4140 nc
381 4083 494 4140 seducta
508 4084 646 4156 incipiam
667 4085 766 4158 uaqori
785 4088 849 4158 port
862 4096 958 4155 greges
1012 4079 1158 4139 discretius
1172 4080 1346 4146 abstinentes,
1361 4087 1389 4137 et
1405 4078 1589 4152 singularitate
1613 4080 1732 4138 notabili
1746 4097 1808 4139 cou-

160 4173 299 4230 sodalium
314 4178 438 4239 tuorum,
454 4173 684 4245 quemadmodum
698 4180 725 4230 et
739 4174 791 4243 ipsi
807 4171 868 4243 tagi
883 4177 956 4234 sunt,
1012 4172 1154 4227 turbantes
1166 4185 1223 4240 eos,
1253 4185 1314 4225 cum
1338 4169 1436 4242 quibus
1460 4169 1582 4225 babitare
1599 4168 1706 4226 debem
1733 4170 1811 4228 umus

160 4261 234 4318 nulla
255 4262 366 4319 stabiles
387 4263 549 4319 certitudine
567 4263 701 4333 tentatis,
724 4275 831 4331 semper
849 4259 957 4315 discen·
972 4261 998 4341 ῃ
1012 4260 1096 4317 moris
1111 4259 1139 4314 in
1157 4259 1252 4323 dorno;
1285 4258 1355 4314 baud
1383 4257 1441 4314 suo
1466 4272 1579 4314 mucan
1601 4272 1632 4313 se
1659 4258 1811 4316 existiment

161 4357 212 4417 tos,
227 4359 405 4423 etnunquam
420 4351 453 4407 ad
468 4350 609 4408 scientiam
625 4349 748 4407 veritatis
769 4347 958 4420 pervenientes
1012 4349 1138 4420 pietatem
1158 4346 1284 4412 retinere,
1313 4361 1374 4401 cum
1398 4345 1553 4416 hujusmodi
1585 4345 1651 4401 mibi
1670 4346 1813 4405 viduatur

159 4438 276 4511 (illim.
293 4455 334 4510 tu,
349 4441 388 4511 l).
405 4441 580 4511 llecsponea
604 4446 714 4511 propter
731 4436 956 4509 pbilosopborum
1013 4435 1324 4507 etlangiusabjeciase.
1347 4433 1485 4507 Numqui
1508 4434 1647 4507 sapientes
1668 4435 1700 4492 in
1726 4437 1813 4494 oculis

159 4534 186 4584 st
200 4527 389 4584 hereticorum
403 4530 476 4585 varia
490 4538 515 4584 et
529 4541 599 4585 vans
613 4528 752 4601 dogmata.
1011 4524 1067 4580 stris
1083 4524 1263 4580 decreverunt
1276 4522 1348 4595 apud
1368 4538 1397 4579 se
1410 4538 1463 4578 nec
1488 4522 1602 4580 consilio
1624 4524 1810 4596 acquiescere,

197 4618 224 4672 9.
240 4616 305 4672 llibi
327 4631 392 4675 vero
404 4617 514 4674 videtur
532 4632 585 4674 non
610 4616 696 4671 solum
720 4621 833 4687 propter
847 4627 889 4679 aa,
909 4613 955 4669 sed
1011 4628 1062 4670 nec
1077 4621 1220 4684 praecepto,
1231 4612 1340 4668 rideant
1352 4610 1416 4685 quid
1431 4611 1623 4683 respondeant,
1652 4628 1712 4671 uon
1736 4614 1811 4679 mibi,

160 4714 189 4764 ot
208 4714 316 4779 propter
329 4707 407 4764 dolos
421 4706 586 4763 invisibilum
602 4712 775 4777 potestatum,
804 4703 876 4760 sicut
893 4711 957 4759 sunt
1010 4702 1057 4758 sed
1073 4701 1194 4757 dicenti:
1213 4702 1599 4774 Quoniamqnaripaccolam
1611 4702 1765 4760 ariolandi
1772 4708 1813 4762 eri

159 4795 303 4852 memorii
317 4795 440 4866 spiritus,
463 4795 587 4852 sedentes
613 4794 640 4850 in
663 4793 770 4850 insidiis
789 4803 818 4850 et
831 4800 958 4862 parantes
1009 4805 1176 4865 repugnare,
1184 4792 1402 4863 eiqaasisccltte
1411 4789 1583 4848 wintonio
1595 4789 1813 4865 nollcocqsias·

159 4884 272 4955 sagittas
285 4899 348 4941 siras
371 4884 399 4938 in
423 4884 559 4953 pbaretra,
586 4893 616 4938 ut
638 4882 767 4954 sagittent
792 4880 821 4935 in
841 4880 959 4935 obscuro
1011 4894 1084 4938 cere.
1101 4878 1270 4935 Praemiserat
1283 4877 1452 4951 anumquia
1472 4879 1573 4935 nwiior
1597 4878 1814 4940 ntatadtastta

159 4982 246 5028 rectos
260 4974 360 5030 corde:
385 4980 496 5044 propter
517 4973 577 5037 bos,
593 4970 715 5042 inquam,
732 4979 759 5026 et
773 4967 900 5035 maxime,
915 4967 957 5022 vi·
1012 4985 1097 5041 qaam
1115 4969 1233 5024 uictima
1258 4972 1288 5024 ct
1311 4968 1477 5026 coenitare
1499 4967 1588 5039 magis
1602 4983 1691 5041 qttont
1705 4972 1814 5042 offam

159 5062 239 5118 detur
260 5062 326 5116 mibi
350 5062 395 5116 illa
421 5059 550 5118 meridies
571 5061 692 5131 optanda
715 5057 797 5114 etiarn
824 5055 913 5122 nobis,
929 5066 959 5112 ut
1012 5059 1124 5131 adipem
1139 5059 1263 5114 anetam
1279 5058 1305 5126 (l
1317 5059 1379 5129 liep.
1395 5071 1445 5111 xv.
1467 5059 1512 5125 22,
1532 5059 1590 5124 23),
1611 5057 1638 5111 id
1662 5067 1708 5114 cst
1726 5059 1812 5116 absti-

159 5149 234 5206 clara
261 5149 321 5205 luce
349 5150 583 5220 deprehendamus
606 5147 720 5203 astutias
742 5145 854 5212 diaboli,
875 5153 958 5217 atque
1012 5147 1130 5203 nentium
1150 5148 1358 5202 contumacium.
1375 5145 1452 5202 Unde
1475 5144 1607 5202 Dominus
1624 5149 1812 5222 perpropbe-
1856 5144 1858 5149 '

159 5239 285 5309 angelum
311 5239 419 5295 Satanas
441 5239 516 5294 illam
532 5237 579 5312 qui
591 5253 620 5295 se
638 5234 852 5311 transfiguratio
866 5247 956 5308 anga-
1011 5243 1065 5292 tam
1081 5236 1234 5309 :Nonqaid
1243 5235 1419 5292 manducabo
1433 5233 1579 5300 ait,oarncr
1592 5238 1812 5306 nummarii

160 5328 215 5384 lum
235 5329 351 5400 lucis·(ll
364 5329 427 5386 dor.
440 5343 484 5396 atr,
500 5331 556 5399 lt),
571 5331 605 5384 ab
619 5328 817 5403 angelonostro
831 5323 959 5382 facillima
1011 5328 1180 5399 sanpmncn
1195 5325 1339 5382 lineorum
1351 5322 1472 5396 potabat
1489 5324 1578 5393 (Psoi.
1592 5336 1674 5393 suu,
1692 5328 1754 5399 lt.)
1772 5327 1810 5384 si·

160 5415 356 5474 disoernamns.
375 5418 438 5474 Non
451 5418 524 5472 enirn
533 5417 611 5475 aliter
630 5431 682 5472 uos
699 5413 837 5472 cunodire
849 5411 957 5469 suldu-
1010 5413 1145 5485 gallicana
1159 5412 1442 5485 minimesibiacocpta
1452 5411 1509 5468 lom
1521 5409 1811 5484 jdunhsupoebornn

160 5504 270 5559 musab
287 5506 439 5562 incursant
464 5505 602 5562 omorio
629 5503 780 5561 memdiano
801 5502 891 5571 (Psoi.
908 5517 955 5567 rc,
1008 5504 1050 5560 vel
1069 5502 1280 5559 immundorum.
1369 5522 1373 5531 ·
