3728 5934
508 245 544 312 444
563 245 665 310 ussto
685 242 815 309 odibit
828 240 1024 310 SANOTOllllll
1042 244 1186 311 44111441.
1608 252 1662 319 444

77 386 142 446 iper
156 387 207 430 eos
220 372 313 429 iumen
328 373 419 429 uultus
444 374 578 432 Dominioi
595 394 602 431 :
619 383 646 432 et
669 375 731 434 licet
745 391 800 434 non
817 386 841 467 g
858 387 921 430 cnm
940 372 1052 432 totta
1065 378 1140 435 uultu
1154 392 1213 436 suo.
1225 378 1342 446 Interim,
1358 380 1480 453 iuquam,
1497 389 1660 443 convertun-

77 477 131 529 ιιι,
154 462 254 519 habent
280 468 369 518 44444
392 463 514 519 letitiam
539 465 649 521 multam
674 466 702 523 in
726 476 807 533 corde
865 463 1015 522 turanimie
1038 465 1136 523 ittaein
1154 467 1273 540 requiem
1292 484 1378 537 snam,
1394 469 1585 528 donecrenint
1599 474 1660 532 dies

77 549 167 607 donec
185 551 277 609 veniat
294 550 354 608 dies
377 552 433 619 illa,
450 568 503 625 quii
516 553 637 626 implebit
652 570 700 613 eos
714 559 810 621 laetitia
863 567 916 625 (11¹⁸
932 553 1043 611 lsslffllffi
1062 562 1217 613 4494049444·
1234 557 1262 613 in
1276 558 1400 632 ΥΘ(44449444
1426 559 1659 623 D⁰mi¹1l3dh⁰⁰

77 660 284 728 assamonei,
300 676 377 715 num.
393 662 418 726 3,
435 660 480 717 ubi
496 660 701 730 aitanimus,nb
717 669 811 727 beato.
863 660 973 741 omttino
991 661 1229 731 determination,
1250 663 1302 720 nisi
1329 665 1402 738 quod
1425 665 1568 722 concilium
1591 669 1654 728 ttio-

77 746 153 787 4444
172 732 258 786 solam
275 732 449 803 conspicuam
464 749 523 787 esse
539 733 637 789 Clirisii
653 738 808 796 humanius.
863 741 1007 799 reutinum,
1023 749 1084 789 cum
1094 735 1158 791 dicit
1175 743 1328 791 sanctorum
1343 737 1450 792 animes
1464 739 1582 807 perlecta
1604 740 1655 796 tini

92 816 150 857 non
174 803 260 872 ipsam
286 804 464 858 divinitatem.
488 804 565 860 Plura
590 806 726 874 eiusmodi
750 814 809 870 1002
862 802 998 874 felicitate,
1013 805 1264 875 perfectioritamen
1279 807 1408 863 lruiiuras
1427 824 1490 863 cuin
1511 811 1567 864 suis
1591 827 1655 867 cor-

77 881 151 928 rrent
173 874 200 928 in
216 876 363 937 Bernardo,
379 876 806 947 quibuseorumvideturscce-
863 874 984 944 poribus,
1013 885 1152 947 postquam
1188 878 1391 945 resurrexerint,
1417 880 1503 937 uideri
1529 883 1654 951 cuiquam

92 945 243 1009 sententiaa,
269 946 316 1017 qui
339 949 436 1000 docent
459 947 563 1001 animas
584 947 719 1016 iustorum
743 964 809 1025 posi
862 947 948 1014 possit
966 948 999 1002 ad
1013 949 1156 1029 Augustini
1170 949 1327 1005 sententiam
1343 948 1497 1007 deflectere.
1524 952 1656 1023 Quamvis

87 1015 181 1082 uitam,
198 1024 259 1071 ante
279 1017 436 1090 generalem
456 1033 603 1090 corporum
627 1025 806 1082 reiiiriecijo.
861 1015 912 1072 hoc
934 1014 978 1071 4444
1001 1027 1100 1073 rectius
1127 1035 1181 1076 non
1213 1019 1246 1075 de
1273 1019 1419 1090 intentiori,
1442 1021 1489 1075 sed
1510 1025 1655 1080 exiensiori

87 1094 117 1142 et
140 1101 289 1143 extremum
303 1088 445 1157 judicium,
471 1103 525 1144 non
548 1090 651 1145 admitti
675 1094 708 1148 ad
732 1096 806 1152 inam
859 1086 1129 1159 beatitudineputent
1141 1106 1200 1145 esse
1211 1091 1426 1162 intelligendum,
1443 1099 1554 1163 propter
1568 1094 1654 1151 beati·

77 1158 198 1213 tudinem
212 1174 272 1240 quae
287 1159 314 1213 in
329 1159 379 1214 Dei
400 1159 504 1216 visione
517 1161 661 1225 connisum
687 1169 735 1219 sed
758 1168 804 1223 in.
860 1158 978 1214 tudinem
994 1161 1127 1231 corporis,
1142 1177 1204 1235 quae
1222 1163 1255 1217 ad
1278 1163 1395 1234 priorem
1415 1163 1511 1221 animae
1538 1165 1654 1222 beatitu-

77 1229 201 1285 iversari
226 1247 254 1284 ι4
275 1231 389 1302 quadam
410 1231 536 1286 lelicuate
556 1230 804 1310 imperfecteque
860 1229 951 1286 dinem
965 1230 1084 1287 accedet·

77 1315 127 1357 44
156 1301 268 1371 quidem
292 1317 399 1356 omnem
423 1302 595 1375 excluderet,
619 1305 801 1380 refrigerium,
894 1301 993 1357 Eodem
1008 1303 1090 1359 4444
1104 1305 1185 1360 verba
1199 1303 1228 1360 S.
1244 1304 1372 1360 Bernardi
1387 1305 1564 1377 intelligenda
1578 1316 1652 1367 sunt.

77 1387 131 1439 em,
148 1370 247 1452 luceru,
263 1372 391 1446 gaudium
407 1381 558 1444 praestaret,
575 1377 695 1432 noudum
710 1393 803 1437 iamim
858 1372 972 1429 Tantum
988 1372 1060 1428 enim
1075 1381 1155 1448 negat
1172 1374 1276 1430 animas
1298 1385 1451 1432 sauctorum
1467 1385 1519 1431 tam
1536 1377 1653 1448 perfecte

77 1456 93 1496 n
121 1443 290 1497 desiderium
316 1445 443 1509 expleret.
470 1445 526 1499 4444
555 1444 682 1502 docuisse
711 1449 804 1507 lerunt
857 1443 1034 1500 4111410νί4444
1052 1447 1242 1517 Deum,quam
1260 1445 1427 1503 4489188444
1453 1449 1568 1519 r0⁰⁰llli⁸
1592 1465 1653 1506 00?-

77 1528 135 1570 iem
147 1514 227 1569 xxti
246 1514 408 1584 pontificem,
425 1525 453 1570 et
473 1515 670 1573 parisiensibus
691 1521 801 1578 theoto·
858 1515 979 1586 poribus.
1010 1517 1077 1572 Nam
1101 1518 1153 1572 boc
1173 1534 1234 1573 eum
1250 1518 1350 1573 sentire
1375 1520 1489 1586 probant
1504 1519 1654 1576 istaverna

77 1583 135 1641 444
158 1586 300 1640 mandasse
325 1586 489 1642 docendum.
505 1587 582 1652 Huic,
600 1590 722 1661 inquam,
738 1594 801 1665 opi·
858 1600 941 1643 serm.
957 1589 973 1642 3
989 1586 1022 1643 de
1036 1588 1170 1644 Omnibus
1185 1591 1296 1656 sanctis,
1311 1589 1410 1659 quibus
1433 1590 1474 1645 sic
1488 1605 1592 1647 carnem
1608 1592 1653 1646 al-

103 1655 212 1714 ridetur
234 1657 326 1712 t'aiere
348 1659 500 1713 Bernartius
519 1658 704 1728 compluribus
723 1663 800 1733 lonis,
819 1671 841 1748 g
857 1656 992 1728 loquitur:
1019 1678 1032 1709 u
1056 1659 1161 1714 Animae
1175 1669 1273 1716 sanctae
1285 1670 1310 1715 te
1332 1659 1503 1716 desiderant:
1534 1660 1654 1731 ipsarum

77 1741 106 1781 is.
135 1727 179 1783 bic
211 1727 290 1783 simul
323 1737 349 1783 et
376 1729 456 1783 semel
490 1729 638 1785 antidotum
670 1733 803 1793 adbibere
856 1727 914 1782 sina
930 1737 954 1785 te
970 1729 1097 1800 compleri
1112 1728 1213 1802 laetitia,
1235 1728 1326 1802 perlici
1351 1731 1446 1804 gloria,
1471 1734 1653 1789 consummari

77 1798 168 1854 tbsre
191 1798 280 1855 suerit.
301 1801 378 1866 Nam,
394 1803 587 1871 praeterverba
603 1802 692 1872 citata,
711 1822 803 1864 rursus
857 1799 994 1856 beatitudo
1013 1815 1069 1857 non
1095 1806 1190 1871 potest.
1211 1803 1287 1857 Adeo
1305 1802 1437 1873 siquidem
1467 1802 1541 1874 viget
1563 1805 1591 1858 iii
1619 1805 1653 1860 iis

77 1872 119 1925 ,9
147 1869 181 1924 44
200 1869 332 1925 Omnibus
350 1872 460 1933 sanctis,
485 1877 540 1928 tres
563 1873 627 1927 iacit
650 1875 801 1934 animarum

77 1954 158 1995 nrum
175 1949 283 1996 status:
301 1941 425 2010 primum,
441 1942 467 1997 in
484 1957 597 2014 corpora
614 1948 800 2020 corruptibili3

77 2013 163 2077 idum,
188 2013 247 2068 sine
270 2027 404 2080 corpore3
432 2013 559 2080 tertium,
584 2014 612 2069 in
638 2017 803 2077 beatitudine

77 2093 203 2139 inmmata
218 2102 225 2139 :
241 2083 369 2155 primum,
386 2085 411 2138 in
427 2085 627 2155 taberiiaculis3
642 2091 801 2161 secundum,

77 2152 142 2225 riis3
167 2154 285 2221 tertium,
308 2155 335 2209 in
364 2155 445 2210 domo
468 2155 528 2220 Dei,
544 2155 570 2210 iu
594 2173 673 2229 quam
692 2160 801 2217 domum

77 2231 84 2279 t
112 2240 160 2281 eas
182 2226 242 2280 sine
267 2226 427 2296 corporibus
448 2226 600 2283 intraturas.
624 2229 657 2284 Et
677 2246 760 2287 serm.
785 2233 802 2287 4

77 2295 185 2352 iniinas
203 2305 355 2370 martyrum
376 2312 437 2352 esse
460 2299 511 2352 sub
532 2298 619 2365 altari,
636 2301 700 2372 quia
714 2303 801 2358 solum

77 2372 93 2423 t
115 2367 214 2424 Christi
232 2369 447 2436 humanitatem;
466 2375 526 2439 post
545 2383 691 2441 corporum
712 2383 802 2429 autem

77 2438 230 2495 rectionem
250 2438 406 2495 exaltandus
430 2455 490 2494 esse
514 2456 595 2511 super
616 2441 700 2498 altare
714 2445 747 2499 ad
763 2444 802 2500 vi·

77 2524 123 2565 nm
146 2511 208 2580 ejus
222 2510 400 2566 divinitatem.
421 2509 520 2565 Similis
536 2510 611 2567 locus
624 2521 665 2569 est
679 2529 802 2572 sermone

77 2580 252 2638 bedicumiie
266 2581 406 2646 44444444,
423 2590 450 2637 44
464 2581 536 2637 alibi.

77 2666 122 2709 rto
140 2654 291 2708 communis
316 2661 470 2709 sanctorum
492 2654 600 2708 Petrum
624 2663 652 2711 et
671 2656 801 2713 Ecclesiae

77 2738 142 2779 rum
167 2725 297 2779 sententia
311 2733 361 2790 est,
383 2725 489 2779 animas
504 2726 623 2795 priorum
638 2727 800 2798 corporibus

77 2808 106 2849 rs
121 2809 177 2849 non
192 2797 274 2849 modo
291 2797 346 2863 iani
372 2796 443 2850 coelo
468 2805 588 2865 receptas
611 2812 682 2863 esse,
698 2806 800 2853 etcum

78 2868 110 2921 lo
129 2881 159 2921 re
178 2881 254 2930 nare,
270 2866 317 2921 sed
340 2865 496 2949 simpliciter
517 2867 610 2922 beatas
624 2883 693 2934 esse,
709 2879 735 2924 et
750 2869 800 2925 Dei

857 1871 1017 1927 desiderium
1046 1871 1100 1928 boo
1123 1874 1253 1943 naturale,
1279 1880 1308 1927 ut
1336 1875 1451 1927 necdum
1474 1880 1528 1928 tota
1555 1889 1649 1929 earum

856 1941 966 1998 44444444
992 1943 1076 1999 libere
1100 1953 1196 2014 pergat
1226 1944 1255 1998 in
1274 1944 1372 2006 Deum,
1402 1944 1449 1999 sed
1480 1946 1652 2002 contrabatur

856 2014 1063 2138 guodammodo,
1079 2026 1107 2069 et
1121 2029 1214 2085 rugam
1231 2013 1321 2084 iaciat,
1342 2014 1405 2069 dum
1420 2012 1562 2069 inclinatur
1577 2015 1650 2070 desi-

875 2085 932 2139 4444
948 2083 996 2140 tui.
1012 2103 1024 2136 ι
1042 2085 1073 2139 Et
1087 2100 1169 2139 serm.
1182 2085 1216 2139 et
1229 2084 1264 2140 de
1278 2084 1385 2139 Diuers.
1405 2101 1412 2137 r
1432 2086 1478 2140 «A
1492 2083 1616 2152 parterii,
1634 2104 1647 2140 i

856 2154 953 2226 inquit,
978 2174 990 2204 i
1022 2155 1246 2226 contemplatione
1272 2154 1416 2211 divinitatis
1452 2155 1650 2226 quodammodo

855 2226 1035 2289 retardentur,
1050 2227 1114 2281 dum
1128 2226 1217 2282 adhuc
1231 2227 1456 2282 resurrectionem
1471 2226 1513 2283 sui
1527 2226 1650 2299 corporis

856 2296 883 2352 iii
898 2296 951 2351 fine
966 2298 1059 2352 saeculi
1074 2297 1299 2367 prestolantur.»

891 2367 936 2424 Sic
945 2368 1097 2424 bernardus
1111 2368 1257 2439 Augustini
1271 2368 1433 2424 sententiam
1458 2369 1485 2424 in
1512 2383 1543 2424 oa
1562 2384 1590 2425 re
1604 2385 1649 2425 se·

855 2449 1040 2509 cuiusquam
1061 2439 1225 2511 etsequitur
1256 2439 1286 2495 S.
1313 2441 1406 2495 Tbom.
1430 2440 1576 2496 bonavem.
1599 2441 1649 2497 444-

854 2509 946 2564 cbard.
968 2518 995 2564 et
1017 2509 1116 2565 llarsil.
1138 2510 1289 2566 scribentes
1315 2509 1342 2565 in
1371 2510 1435 2567 dist.
1465 2512 1509 2575 49,
1533 2511 1551 2565 4
1578 2519 1648 2569 sent.

854 2582 970 2636 Tametsi
982 2580 1012 2637 S.
1027 2581 1143 2638 Thomas
1156 2582 1316 2637 sententiam
1336 2588 1430 2652 postea
1445 2583 1564 2638 mutarit.
1579 2584 1649 2638 Nam

856 2657 882 2708 1.
902 2654 929 2718 2,
939 2669 968 2721 o,
987 2654 1017 2715 4,
1031 2662 1082 2708 art.
1097 2655 1124 2717 t,
1139 2653 1329 2724 aperiendum,
1345 2653 1417 2724 quod
1433 2662 1571 2721 resumpto
1585 2667 1648 2709 cor-

856 2738 920 2794 pore
934 2722 1075 2805 beatitudo
1098 2725 1194 2781 animae
1222 2732 1327 2782 crescet
1348 2739 1402 2780 non
1431 2722 1573 2795 intensive,
1601 2725 1650 2781 sed

854 2803 1002 2851 extensive.

891 2864 1026 2920 Ceterum
1042 2864 1076 2918 de
1084 2872 1153 2920 statu
1174 2866 1326 2920 animarum
1340 2872 1491 2922 44444444
1505 2872 1567 2937 post
1581 2866 1650 2923 hanc

77 2943 151 3018 iectu
177 2937 228 3019 rui.
241 2939 278 2992 De
292 2941 435 3001 Augustini
451 2939 522 3019 circa
537 2938 611 3019 banc·
621 2939 800 3010 quaestionem
815 2952 837 3031 c
853 2935 945 3003 uitam,
965 2944 1058 2992 censet
1078 2936 1164 3018 primo
1174 2937 1326 3018 bernardus
1339 2953 1460 3018 essessa
1474 2938 1501 2990 44
1522 2937 1602 3000 coelo,
1619 2946 1649 2993 ut

77 3018 132 3063 tia
142 3024 216 3063 varia
229 3015 350 3064 censent.
367 3009 489 3078 Suntqui
499 3016 594 3078 putent
604 3010 678 3065 illum
688 3012 724 3066 de
738 3012 797 3067 loco
855 3009 928 3078 clare
954 3013 1064 3063 testatur
1076 3021 1160 3062 variis
1178 3023 1205 3062 in
1225 3008 1303 3073 locis,
1331 3023 1448 3062 manime
1474 3022 1554 3064 serm.
1573 3009 1590 3063 4
1613 3011 1648 3062 44

77 3094 152 3135 inim
170 3080 305 3148 justarum
327 3080 436 3134 baesisse
460 3080 615 3151 ancipitem,
635 3095 723 3136 uirum
740 3085 797 3150 jam

77 3148 116 3206 444
129 3150 182 3206 siut
197 3166 229 3203 an
244 3150 315 3205 alibi.
331 3150 389 3205 Lib.
406 3150 439 3205 dc
460 3167 524 3207 cura
546 3167 595 3222 pro
619 3155 734 3209 mortuis
748 3170 799 3228 ge·

855 3078 988 3135 Omnibus
999 3077 1110 3141 sanctis,
1120 3077 1166 3132 ubi
1180 3077 1330 3148 distiguens
1345 3079 1414 3133 inter
1427 3077 1516 3133 sinum
1530 3077 1648 3134 Abrahae

854 3159 880 3209 et
895 3149 1045 3206 animarum
1055 3148 1201 3210 beatarum,
1218 3147 1281 3203 dicit
1297 3167 1310 3199 u
1327 3148 1398 3202 illum
1413 3146 1496 3204 luisse
1518 3148 1545 3204 in
1571 3161 1646 3204 tene·

77 3237 98 3292 i,
111 3236 171 3293 cap.
188 3223 215 3285 3,
232 3222 319 3276 Ench.
340 3237 401 3292 cap.
418 3224 479 3286 198,
495 3222 541 3275 lib.
565 3238 613 3279 xii.
631 3224 670 3278 De
686 3224 799 3280 Ciuitate
854 3222 919 3284 bris,
934 3220 1007 3275 liunc
1021 3220 1048 3273 in
1062 3219 1121 3274 4444
1135 3220 1235 3286 44444;
1251 3219 1395 3275 ininlerno
1409 3219 1496 3283 illum,
1516 3220 1596 3274 istum
1618 3222 1648 3274 in

77 3306 138 3364 up.
156 3296 182 3360 9,
208 3300 235 3345 ct
255 3292 329 3359 alibi,
354 3293 456 3347 animas
476 3293 613 3362 justorum
634 3294 748 3350 collocat
771 3297 799 3350 iii
853 3292 933 3350 coelo.
948 3312 959 3341 i
976 3290 1111 3356 Secundo,
1128 3291 1285 3359 «recepisse
1292 3291 1347 3359 jam
1362 3291 1446 3345 stolas
1458 3291 1586 3362 singulas,
1598 3291 1646 3346 sed

79 3363 249 3428 4444444444,
265 3364 292 3419 44
316 3367 427 3419 secretis
448 3372 474 3419 et
497 3364 594 3419 abditis
613 3366 797 3434 receptaculis.
853 3364 973 3421 nonduin
992 3361 1124 3432 duplices,
1143 3378 1250 3417 isarni.
1279 3364 1295 3416 3
1320 3361 1353 3416 de
1375 3363 1509 3418 Omnibus
1535 3361 1644 3426 sanctis,

77 3474 90 3492 ..
108 3436 142 3491 49
164 3434 191 3491 in
213 3436 355 3502 loannem,
370 3435 440 3490 inter
455 3451 487 3489 ea
506 3451 568 3506 444
582 3435 715 3507 promissa
734 3438 799 3509 illis,
853 3436 899 3492 ubi
919 3431 1056 3500 explicans
1083 3433 1179 3487 stolam
1203 3441 1355 3503 utrumque,
1380 3456 1390 3483 ι
1409 3432 1495 3503 Siola,
1512 3452 1523 3482 i
1550 3433 1646 3503 inquit,

77 3504 163 3562 ndum
182 3505 314 3578 praestita,
340 3514 462 3561 numerat
483 3506 562 3563 vitam
586 3518 714 3562 aeternam
737 3525 798 3565 eum
854 3504 983 3579 «prima,
997 3501 1056 3575 ipsa
1075 3511 1115 3557 est
1130 3519 1210 3570 quam
1230 3503 1355 3568 diximus,
1371 3503 1484 3559 felicitas
1500 3512 1526 3557 et
1539 3504 1647 3574 requies

77 3577 116 3643 is,
140 3583 166 3632 at
191 3577 237 3632 lib.
264 3595 273 3632 i
297 3578 427 3642 4444444,
450 3592 510 3649 cap.
538 3578 571 3631 44
612 3577 678 3632 44444
703 3581 799 3635 merito
853 3582 1006 3632 animarum
1023 3591 1031 3628 ε
1051 3575 1169 3630 secunda
1192 3590 1268 3640 vcro,
1292 3574 1479 3629 immortalitas
1505 3582 1533 3628 et
1560 3573 1648 3644 gloria

76 3647 137 3703 ide
159 3648 259 3703 sanctis
284 3648 437 3703 bominibus
458 3648 514 3716 jam
539 3621 682 3716 deiunriis,
708 3658 799 3706 utrum
852 3662 1006 3719 corporum.
1029 3644 1148 3699 »Tertio
1167 3645 1293 3718 denique,
1316 3645 1388 3717 quod
1415 3646 1495 3724 etiam
1523 3643 1648 3724 fruantur

77 3717 166 3775 saltem
179 3719 287 3775 dicendi
302 3721 355 3774 siut
367 3723 424 3789 jam
439 3719 466 3773 in
485 3719 530 3774 4444
549 3721 722 3790 possessione
737 3737 800 3777 con·
851 3721 955 3777 visione
969 3715 1070 3784 diuina,
1086 3717 1152 3771 satis
1165 3725 1256 3840 aperte
1271 3731 1348 3770 suani
1358 3785 1363 3795 .
1373 3722 1470 3783 promit
1484 3722 1646 3795 sententiam

77 3806 106 3854 4,
119 3789 146 3844 44
162 3806 217 3861 qua
238 3800 345 3847 sanctos
365 3791 479 3862 angelos
498 3805 556 3845 esse
581 3806 635 3845 444
649 3790 797 3848 dubitatur.
851 3789 974 3846 iiaiiisiu
994 3787 1071 3842 locis.
1087 3785 1158 3840 Nam
1196 3786 1232 3841 ib.
1262 3787 1301 3841 De
1317 3784 1458 3856 diligendo
1486 3786 1553 3853 Deo,
1574 3800 1646 3841 circa

81 3859 181 3917 similia
195 3862 266 3931 apud
277 3862 412 3917 eumdem.
424 3862 470 3917 lib.
482 3876 520 3916 xii
534 3861 568 3917 de
581 3861 681 3918 Genesi
690 3863 722 3916 ad
733 3862 796 3934 litt.,
852 3861 932 3918 finem
948 3857 1014 3914 dicit
1033 3875 1040 3912 :
1069 3878 1082 3909 ι
1103 3857 1236 3928 Martyres
1262 3857 1404 3912 immersos
1431 3871 1491 3912 esse
1515 3855 1647 3912 immenso

77 3934 120 3988 94.
135 3932 237 3987 ltemin
252 3935 321 4004 psal.
334 3948 414 3988 xxxii
431 3950 437 3989 z
455 3932 533 3986 «Post
548 3932 616 3988 bauo
629 3932 721 3998 vitam,
736 3954 747 3984 i
760 3935 798 3989 in·
852 3934 951 4005 pelago
961 3927 1053 3985 aeterni
1067 3928 1187 3992 luminis,
1203 3937 1231 3983 et
1248 3927 1390 3983 luminosae
1405 3927 1576 3982 aeternitatis.
1589 3946 1602 3977 ι
1615 3928 1647 3982 444

80 4023 95 4052 ι
109 4003 231 4058 444444
242 4005 296 4058 eris
306 4003 351 4058 nbi
368 4003 552 4073 eruntsanrti,
567 4004 798 4075 quibusdicetur;
852 4004 971 4074 epistola
984 4000 1017 4054 ad
1041 3999 1137 4055 iratres
1163 3998 1196 4055 de
1221 3998 1349 4054 Hibernia
1375 3998 1464 4054 dicit:
1490 4021 1504 4047 ι
1521 3998 1648 4054 Animam

77 4076 108 4139 ’4,
123 4074 275 4140 benedicti,
287 4096 299 4125 i
311 4083 364 4130 etc.
382 4075 447 4130 Vide
461 4075 541 4147 epist.
559 4079 606 4130 444
622 4075 656 4129 44
672 4075 796 4145 Fortuna
852 4073 990 4130 Malachiae
1000 4085 1054 4125 nou
1072 4073 1127 4140 jam
1150 4070 1176 4124 iu
1200 4068 1253 4125 fide
1267 4070 1416 4137 ambulare,
1436 4069 1484 4125 sed
1510 4069 1538 4124 in
1559 4070 1649 4139 specie

78 4146 138 4200 ‚53
154 4152 180 4201 et
204 4149 252 4200 444
277 4146 303 4201 44
325 4147 474 4215 4444444,
489 4148 587 4227 Expos,
601 4146 672 4228 psal.
688 4162 796 4216 uixiu;
860 4159 985 4218 regnare.
1001 4142 1058 4198 »Et
1073 4156 1196 4197 sermone
1206 4144 1240 4196 de
1254 4141 1359 4210 eodem,
1370 4140 1431 4195 dicit
1447 4159 1454 4196 ι
1480 4161 1492 4190 i
1509 4143 1580 4195 Eum
1589 4141 1648 4211 pari

77 4254 83 4272 .
97 4218 110 4271 4
127 4231 208 4288 super
222 4217 294 4288 psal.
312 4233 412 4281 ιιιιίιι·,
428 4217 473 4275 lib.
489 4218 528 4273 De
543 4227 638 4288 spiritu
654 4224 679 4272 et
693 4217 793 4284 littera,

77 4287 233 4355 aeonibus
248 4288 313 4343 locis
326 4288 460 4361 significat
474 4290 533 4357 pios
549 4304 601 4344 non
617 4288 795 4345 admittendos

77 4356 180 4414 444444
193 4357 342 4415 beatificam
358 4369 418 4415 ante
432 4368 581 4415 extremum
594 4358 739 4428 judiciuin.

849 4217 936 4289 gloria
948 4224 975 4270 et
989 4213 1116 4270 felicitate
1133 4227 1248 4282 regnare
1277 4229 1338 4268 cum
1363 4211 1476 4278 angelis.
1494 4230 1506 4263 i
1523 4212 1609 4266 Seim.
1630 4214 1646 4265 3

851 4307 877 4345 in
889 4287 933 4343 die
949 4284 1109 4351 Palmamm,
1125 4300 1200 4342 num.
1215 4285 1242 4349 5,
1254 4299 1335 4339 serm.
1353 4285 1364 4336 l
1383 4283 1546 4345 Pentecost,
1563 4297 1645 4337 serni.

849 4364 866 4414 9
880 4361 915 4415 44
929 4360 1042 4412 Ascens.
1055 4375 1063 4425 3
1079 4356 1144 4409 item
1155 4370 1237 4410 serm.
1253 4359 1269 4410 6
1290 4356 1317 4410 44
1339 4354 1419 4409 Cant.
1438 4352 1501 4408 dicit
1515 4354 1646 4423 quosdam

77 4444 134 4487 miii
149 4445 203 4484 non
217 4431 251 4486 de
265 4431 337 4500 loco,
348 4433 395 4487 sed
407 4430 496 4501 potius
511 4431 544 4485 44
559 4438 627 4486 statii
642 4432 794 4487 animarum
846 4431 903 4501 jam
933 4430 1065 4484 memisse
1091 4426 1224 4482 introduci
1248 4425 1276 4480 in
1300 4426 1400 4482 Sancta
1423 4431 1587 4490 sanctorum,
1601 4425 1649 4479 ubi

77 4515 138 4571 tere
151 4500 344 4572 augustinum,
360 4501 496 4559 studiosus
516 4501 577 4572 eius
596 4501 679 4558 lector
701 4503 795 4559 aduer-

77 4571 152 4628 lensit
166 4573 212 4645 qui
231 4589 268 4697 ,aa
282 4576 384 4627 animas
406 4584 557 4629 sanctorum
577 4573 669 4630 videre
686 4571 796 4646 quidem

77 4660 86 4698 ι
100 4642 172 4700 lucie
186 4659 203 4698 a

77 4724 127 4771 unt
135 4722 198 4786 post
211 4717 433 4772 resurrectionem
444 4735 452 4782 ;
466 4714 545 4786 idque
559 4723 714 4788 propterea,
727 4714 800 4788 quod

77 4784 128 4843 dii
140 4801 235 4842 earum
249 4787 393 4858 appetitus,
404 4802 459 4858 quo
471 4785 593 4842 feruntur
608 4803 673 4857 erga
687 4803 798 4858 corpus,

90 4872 200 4913 rursum
225 4858 351 4914 uniantur
373 4859 517 4932 ipsumque
541 4857 737 4924 administrent,
755 4874 800 4913 re-

77 4938 122 4984 tur
144 4944 200 4997 eas,
217 4929 364 5000 quominus
387 4938 445 4986 tota
465 4928 613 4984 intentione
637 4928 758 4984 ierciitur
773 4929 800 4983 in

77 5014 95 5069 r,
116 5006 144 5054 et
159 4999 272 5069 proinde
290 5002 408 5057 nondum
428 4997 599 5072 pervenerint
614 5000 648 5056 44
663 4998 800 5071 44444444-

77 5071 239 5143 uigelorum,
254 5073 300 5141 qui
313 5073 388 5126 44144
412 5071 607 5139 impedimento
628 5072 801 5127 retardantur

77 5140 148 5197 rinus
173 5143 223 5198 toti
237 5142 359 5199 ferantur
380 5143 409 5198 in
422 5144 519 5198 Deum.
534 5142 591 5198 4444
606 5140 695 5215 ipsum
710 5149 799 5199 tamen

78 5221 105 5271 la
127 5213 214 5269 sensit
234 5212 416 5286 Augustinus,
435 5223 464 5270 ut
478 5215 505 5272 id
527 5228 576 5284 pro
589 5221 662 5270 certo
677 5214 799 5269 liaberet.

77 5282 156 5341 ,44444
170 5284 218 5340 lib.
241 5300 301 5341 xxii
326 5286 359 5340 de
373 5283 475 5341 Genesi
493 5284 526 5340 ad
548 5282 598 5339 litt.
618 5283 646 5339 id
665 5281 800 5339 affirmare

77 5361 137 5426 tur,
161 5362 279 5412 attamen
300 5363 405 5423 postea,
419 5354 467 5411 lib.
492 5371 502 5411 ι
525 5355 655 5423 4444444,
675 5369 735 5426 cap.
753 5356 798 5420 14,

77 5424 137 5484 leat
151 5441 182 5484 se
204 5427 294 5483 adbuc
307 5425 442 5483 dubitare.
461 5425 528 5495 Qum
569 5426 660 5482 uidem
675 5424 798 5497 quoesdo,

77 5495 178 5557 4444444
188 5499 286 5556 animae
299 5497 489 5580 4444444444
502 5443 620 5572 periecte
634 5499 720 5555 Deum
729 5513 801 5555 nuno

77 5574 123 5644 nt,
146 5583 179 5628 44
207 5578 270 5642 post
291 5579 524 5639 resurrectionem,
551 5569 665 5629 neudum
692 5568 800 5643 quidem

242 4645 341 4714 aciem,
352 4644 399 4700 sed
416 4659 470 4700 non
481 4643 516 4698 ita
526 4642 644 4715 perlecta
659 4644 798 4716 quomodo

851 4501 960 4557 videant
983 4498 1079 4553 444444
1103 4496 1206 4559 stantis,
1222 4494 1251 4550 id
1269 4509 1311 4551 esi
1325 4495 1476 4550 claritatem
1495 4494 1644 4552 incommu-

853 4570 940 4628 labilis
954 4569 1015 4625 Dei.
1031 4565 1134 4623 Similia
1147 4566 1269 4636 444444
1291 4565 1451 4638 generaliter
1478 4565 1512 4621 44
1540 4573 1646 4623 sancto·

853 4660 913 4698 rum
927 4640 1068 4696 animabus
1095 4644 1207 4692 testatur
1225 4653 1306 4696 serm.
1325 4643 1342 4692 t
1371 4643 1399 4693 et
1417 4641 1434 4692 b
1453 4635 1488 4692 de
1516 4636 1648 4694 Omnibus

852 4713 951 4771 sanctis
967 4713 1042 4766 4444
1060 4708 1143 4766 Obitu
1158 4709 1308 4775 Humberti,
1319 4708 1400 4779 epist.
1411 4711 1455 4775 98,
1465 4726 1493 4765 n.
1510 4711 1537 4774 8,
1553 4725 1648 4766 rursus

853 4789 931 4857 epist.
941 4784 1003 4845 966,
1019 4789 1047 4837 et
1065 4781 1130 4836 alibi
1143 4781 1251 4849 saepius.
1269 4783 1301 4838 lit
1314 4782 1373 4838 haec
1385 4780 1495 4853 quidem
1516 4779 1649 4836 sententia

853 4857 963 4914 definita
987 4853 1068 4911 estin
1087 4852 1201 4910 concilio
1225 4852 1388 4916 Florentino,
1416 4854 1521 4924 inquo
1549 4851 1648 4906 Patres

853 4926 988 4992 definiere,
1006 4947 1017 4978 i
1042 4925 1145 4980 animas
1160 4933 1284 4998 purgatas
1297 4924 1325 4978 in
1344 4923 1442 4979 44144
1462 4939 1525 4977 mox
1553 4921 1646 4993 recipi,

853 5009 880 5056 et
893 4999 991 5055 intueri
1005 4997 1077 5052 clare
1092 4996 1179 5066 ipsum
1194 4998 1281 5051 Deum
1296 4994 1394 5051 trinum
1423 5001 1450 5048 et
1469 5008 1553 5049 unum
1568 4992 1647 5048 sicuti

854 5079 933 5126 est.»
968 5068 1016 5124 Cui
1041 5067 1154 5123 accessit
1181 5068 1316 5123 decretum
1343 5064 1452 5122 concilii
1483 5064 1645 5133 Tridentini,

854 5158 920 5198 sess.
937 5141 982 5206 445,
997 5138 1141 5195 asserentis
1157 5157 1170 5190 ι
1191 5148 1300 5193 sanctos
1318 5150 1381 5192 oum
1394 5135 1503 5191 Christo
1518 5150 1645 5209 regnare,

852 5221 878 5271 et
893 5220 993 5270 44444
1007 5209 1133 5266 felicitate
1147 5209 1174 5263 in
1192 5209 1263 5265 ooelo
1277 5207 1340 5264 irai.
1358 5229 1370 5258 ι
1398 5206 1463 5263 Vide
1478 5207 1646 5264 41444444-

854 5286 917 5340 stin.
933 5283 961 5339 iu
989 5280 1068 5352 epist.
1083 5278 1117 5335 44
1132 5279 1331 5353 Philipp.,cap.
1341 5293 1361 5345 ι,
1371 5269 1390 5348 j
1402 5280 1447 5344 41,
1457 5276 1485 5332 44
1500 5277 1645 5334 illaverba.

855 5357 923 5412 llilii'
935 5355 1026 5411 mucre
1037 5350 1164 5407 Christus
1175 5354 1226 5416 rit,
1237 5355 1265 5408 et
1276 5348 1479 5415 morilucrum,
1491 5348 1537 5405 ulii
1551 5348 1645 5404 obser-

853 5436 897 5484 vat
917 5442 951 5483 ex
965 5423 1377 5496 cummiiomosueopuyunio
1392 5430 1419 5478 et
1427 5420 1497 5487 aliis,
1511 5434 1566 5475 non
1581 5433 1647 5475 vere

854 5513 904 5569 pro
918 5499 993 5556 lucro
1002 5494 1222 5551 4444444444
1237 5501 1362 5563 monem,
1378 5492 1430 5550 nisi
1445 5491 1536 5549 statim
1551 5491 1646 5562 iusto·

853 5585 914 5627 mm
928 5566 1024 5626 animm
1038 5566 1072 5623 44
1085 5565 1137 5625 Dei
1149 5571 1324 5640 conspectum
1339 5562 1500 5621 ciebantur.
