3734 5948
10 272 40 417 'i

472 247 542 308 otto
558 248 729 312 boemica
748 248 771 304 V
785 247 873 307 POST
897 247 1141 309 PENTBCOSTEN
1161 252 1277 317 saeuo
1292 254 1337 310 ΠΙ.

76 377 244 444 sequeretur
262 370 423 440 poenitudoi
441 374 569 431 Cumulus
591 383 666 432 esset
683 373 874 442 damnationis,

111 641 140 694 d.
162 637 254 695 Tertia
277 637 391 710 proinde
415 639 555 699 miseratio
578 642 637 709 luit,
659 643 732 715 quod
758 641 875 700 visitavit

74 742 232 785 cormeum
247 732 274 783 et
290 725 451 799 immutarit,
467 736 497 786 ut
510 746 602 788 amera
618 731 717 789 fierent
730 747 791 804 quae
804 731 874 788 mele

75 816 168 872 dulcia
181 815 257 888 prius
271 822 372 873 erant:
393 818 482 889 etqui
500 818 611 876 laetabar
628 837 690 877 cum
708 821 779 878 male
799 820 873 877 lace·

75 921 148 975 rem,
174 911 203 960 et
225 902 393 961 exsultabam
408 906 436 961 in
459 909 541 964 rebus
564 908 699 980 pessimis,
724 910 873 982 inciperem

73 995 192 1052 demum
215 993 367 1068 recogitare
390 994 416 1052 ei
440 1012 526 1053 annos
548 1013 625 1055 meos
639 999 667 1054 in
694 998 874 1057 amaritudine

71 1081 176 1140 anime
194 1097 274 1140 rneae.
289 1082 323 1137 itt
337 1099 420 1154 nunc,
439 1085 565 1151 Domine,
584 1088 753 1144 commovisti
771 1095 873 1144 terram

10 1160 14 1203 ἶ
73 1172 169 1228 cordis
181 1171 248 1237 mei,
263 1178 291 1228 ct
303 1169 384 1230 941
407 1174 573 1231 conturbasti
587 1192 668 1248 eam;
684 1190 750 1233 sana
768 1175 873 1232 contri-

73 1261 167 1318 tioues
179 1262 250 1332 ejus,
267 1261 331 1332 quia
344 1271 480 1320 commota
490 1272 542 1321 est.
558 1265 639 1338 liniti,
649 1266 722 1322 enim
737 1265 872 1338 poeniteu·

71 1350 111 1406 tia
125 1350 201 1406 ducti
215 1358 288 1418 sunt,
304 1350 352 1407 sed
361 1350 543 1420 infructuosa3
555 1355 685 1427 quoniam
696 1355 754 1427 ipsa
764 1369 873 1427 quoque

71 1451 171 1495 eorum
181 1437 342 1510 poenitentia
352 1441 497 1511 reprobata
507 1450 558 1509 est,
573 1441 644 1499 sicut
657 1450 684 1499 et
696 1442 769 1514 prior
781 1442 871 1515 culpa.

68 1526 169 1600 ltaque
178 1526 274 1583 ethoec
284 1526 423 1584 miseratio
434 1538 528 1601 quarta
541 1530 599 1600 luit,
612 1531 683 1603 quod
694 1530 872 1601 poenitentem

68 1613 287 1671 misericorditer
301 1615 454 1686 suscepisti,
469 1624 499 1671 ut
512 1617 540 1673 in
555 1632 650 1674 eorum
664 1632 778 1675 numero
793 1617 870 1675 inve·

1676 263 1733 322 ³⁸2

931 371 1067 445 cidissem,
1082 377 1106 432 si
1120 378 1182 434 data
1196 389 1270 436 esset
1284 379 1404 444 occasio;
1415 378 1475 445 sed,
1487 379 1537 436 Dei
1546 380 1732 454 miseratione,

29 440 35 539 Ι
78 462 204 607 dicente¹
212 458 330 517 Domino
355 477 361 516 :
387 463 450 519 liceo
481 467 585 536 fecisti,
618 471 648 524 ct
679 466 756 525 taciti
786 463 873 536 (Psoi.
930 475 985 518 nou
1009 479 1054 521 me
1081 464 1141 521 talis
1172 467 1358 538 opportunitas
1385 467 1575 539 apprehendit.
1594 470 1626 526 ln
1648 470 1757 528 multa-

27 554 32 593 t
76 552 190 628 ηιμ
209 550 229 621 ).

929 566 1038 624 quoque
1057 554 1137 624 paulo
1157 555 1246 611 minus
1271 555 1440 625 cecidissem,
1458 555 1579 626 graviter
1601 557 1733 629 impulsus

928 640 1057 697 violentia
1080 644 1251 713 tentationis,
1272 645 1321 702 sed
1348 644 1475 701 virtutem
1502 644 1578 701 dedit
1598 648 1732 711 Dominus

929 744 977 784 rex
990 729 1129 797 virtutum,
1145 736 1175 786 ut
1188 733 1239 787 sub
1258 748 1302 788 me
1323 742 1395 789 esset
1408 733 1543 805 appetitus
1557 751 1645 805 mens,
1661 738 1730 795 etei

928 832 1008 888 quam
1029 819 1179 876 sentiebam
1205 822 1431 891 concupiscentiae
1454 821 1566 879 minime
1597 826 1729 882 consenti·

928 921 996 961 rem.
1014 907 1068 963 Sed
1084 923 1099 962 a
1114 908 1274 980 quibusdam
1289 918 1344 965 tam
1357 911 1439 981 longe
1455 927 1499 968 me
1511 912 1576 968 lecit
1590 912 1728 974 miseratio

928 1003 983 1062 tua,
1007 996 1133 1068 Domine,
1147 1007 1176 1053 ut
1196 999 1304 1069 penitus
1324 998 1496 1055 abominarer
1516 1015 1558 1069 ea,
1575 1007 1603 1057 et
1623 1017 1659 1058 ne
1672 1001 1727 1058 ulla

927 1085 1039 1156 quidem
1051 1100 1144 1141 eorum
1159 1102 1203 1143 me
1220 1089 1331 1144 tentatio
1346 1088 1511 1145 molestaret.

963 1178 990 1231 ι.
1015 1174 1156 1231 Secundus
1177 1191 1285 1248 qnoque
1305 1175 1383 1247 panis
1402 1174 1451 1232 luit
1478 1178 1655 1248 exspectatio,
1672 1194 1726 1251 qna

928 1263 1051 1319 tardabat
1068 1263 1210 1335 ultionem,
1231 1264 1293 1336 quia
1307 1263 1504 1336 indulgentiam
1526 1265 1671 1337 cogitabat.
1688 1267 1724 1322 Et

927 1352 1006 1421 hujus
1022 1367 1088 1424 crgo
1103 1352 1180 1423 panis
1195 1353 1246 1408 tria
1259 1351 1414 1423 fragmenta
1428 1352 1552 1422 accipite,
1572 1353 1724 1426 cogitantes

926 1440 1158 1513 longanimitatem
1182 1457 1262 1513 qnam
1280 1441 1411 1512 exhibuit,
1429 1441 1592 1498 electionem
1614 1443 1723 1514 praede-

926 1529 1079 1586 stinationis
1099 1547 1156 1586 suae
1170 1547 1252 1602 quarn
1275 1530 1382 1602 impleri
1405 1530 1500 1597 voluit,
1520 1538 1549 1587 et
1563 1531 1722 1586 charitatem

926 1619 1036 1675 nimiam
1047 1637 1101 1692 qna
1111 1637 1154 1677 me
1164 1620 1267 1677 dilexit.
1281 1620 1397 1690 Propter
1408 1620 1458 1676 hoc
1473 1618 1545 1677 enim
1559 1626 1725 1690 exspectans

70 1701 159 1771 nircr,
174 1703 209 1758 de
224 1703 322 1774 quibus
337 1702 498 1759 Psalmista:
524 1707 614 1773 Beati,
633 1706 729 1780 inquit,
751 1722 869 1781 qaorum
886 1702 908 1780 Β
925 1709 1092 1779 exspectavit
1107 1726 1150 1765 me
1171 1710 1311 1780 Dominus,
1329 1718 1357 1765 et
1378 1724 1433 1765 non
1445 1707 1563 1764 intendit
1577 1708 1653 1775 mihi,
1672 1709 1722 1766 sed

27 1793 36 1806 ’
69 1792 196 1849 remissae
206 1796 274 1849 sunt
284 1792 460 1866 iniquitates,
473 1789 501 1851 εἰ
512 1811 633 1869 qnorum
644 1800 721 1854 tecto
729 1802 869 1871 senipec-

67 1885 137 1936 coto
151 1881 241 1951 (Psoi.
256 1896 338 1948 xxxi,
355 1888 392 1949 l).

104 1971 134 2024 ὃ.
158 1968 286 2042 Sequitur
305 1970 490 2028 misericordia
509 1973 614 2045 quinta,
638 1990 686 2045 per
706 1991 787 2047 quam
801 1975 868 2030 mibi

67 2057 227 2114 continendi
243 2058 381 2131 deinceps,
403 2067 431 2117 et
445 2062 616 2118 emendatius
635 2062 744 2119 vivendi
758 2064 867 2135 praesti·

66 2145 123 2201 tisti
137 2146 273 2210 virtutem,
287 2163 323 2203 nc
337 2148 486 2205 recidivum
502 2157 622 2220 paterer,
638 2159 665 2209 et
679 2160 752 2207 essct
773 2153 867 2208 novis-

64 2234 153 2292 simus
170 2250 249 2292 error
270 2237 349 2309 pejor
367 2237 469 2309 priore.
485 2239 604 2296 Omnino
628 2241 701 2296 enim
725 2240 866 2298 manifeste

65 2331 121 2379 tuae
144 2331 196 2392 est,
221 2324 335 2381 Domine
359 2326 442 2389 Deus,
469 2335 496 2382 et
520 2344 575 2383 non
599 2329 724 2384 irumanae
746 2327 864 2396 virtutis,

64 2420 221 2482 susceptum
254 2416 456 2486 semelpcccati
470 2416 565 2490 iugum
590 2433 606 2472 a
633 2417 784 2473 cervicibus
808 2418 865 2474 suis

64 2509 210 2569 excutere;
226 2501 354 2574 quoniam
369 2503 457 2559 omnis
472 2504 518 2575 qui
528 2503 592 2560 iacit
604 2514 756 2576 peccatum,
768 2523 864 2562 servus

64 2597 107 2645 est
121 2589 227 2661 peccati
241 2591 333 2661 (lona.
350 2607 412 2657 vxxr,
428 2594 484 2663 et),
497 2609 548 2652 nec
562 2601 604 2650 est
615 2595 671 2664 jam
686 2595 798 2651 liberari
812 2595 863 2651 uisi

62 2677 92 2733 in
107 2694 190 2735 mauu
204 2678 276 2736 lorti.
301 2681 359 2736 Jam
375 2696 440 2737 vere
472 2691 613 2753 postquam
636 2683 664 2738 in
687 2684 728 2739 his
743 2684 863 2757 quinque

63 2768 286 2826 miserationibus
316 2785 333 2824 a
358 2771 428 2827 malo
461 2771 628 2840 liberaveris,
662 2781 689 2828 ut
712 2772 758 2828 fiat
789 2774 862 2846 quod

63 2854 196 2927 scripturn
211 2867 268 2913 est:
284 2859 403 2917 declino
416 2877 433 2916 n
447 2862 533 2931 malo,
549 2866 575 2919 ct
593 2863 641 2931 fec
656 2861 759 2919 bonnm
773 2862 859 2932 (Psoi.

63 2961 169 3015 xxxxix,
186 2947 248 3018 l5):
266 2947 294 3002 in
308 2947 412 3005 duabus
426 2949 485 3005 aliis
500 2950 573 3006 bona
586 2950 701 3023 largiris.
713 2952 760 3008 llac
769 2960 859 3008 autem

61 3036 124 3091 dria>
137 3043 202 3090 sunt
217 3053 223 3100 ;
239 3035 327 3107 gratia
343 3039 530 3110 promerendi,
556 3055 609 3111 qua
624 3039 749 3096 videlicet
763 3056 861 3095 manus

62 3124 142 3181 honae
165 3125 378 3182 conversationis
410 3126 549 3202 indulges3
575 3136 603 3184 ct
625 3144 688 3199 spes
708 3128 860 3197 obtinendi,

60 3227 115 3285 qna
129 3213 218 3268 donas
231 3213 333 3268 bomini
347 3214 459 3286 indigno
474 3223 502 3270 et
516 3216 651 3286 peccatori
671 3217 705 3272 de
721 3225 766 3273 tua
779 3217 860 3274 toties

59 3311 171 3371 experts
186 3300 306 3357 bonitate
321 3318 408 3374 usque
426 3304 461 3358 ad
484 3304 605 3361 coelestia
628 3305 763 3376 speranda
786 3322 859 3376 prae·

59 3402 178 3447 sumere.

368 3478 485 3535 sonato
499 3480 545 3537 lll.

142 3569 181 3626 Dc
195 3569 364 3641 fragmentis
376 3574 482 3643 septem
496 3572 767 3630 misericordiorem.

92 3662 119 3714 l.
141 3656 223 3714 Scitis
236 3657 301 3730 quid
322 3658 443 3725 fecerim,
460 3667 565 3731 septem
585 3661 662 3718 vohis
677 3662 756 3718 hodie
770 3662 854 3718 misc-

55 3745 189 3806 ricordias
209 3748 408 3819 proponendo?
422 3749 535 3819 Septem
555 3749 648 3821 utique
660 3765 746 3822 panes
760 3750 853 3806 distri-

55 3836 112 3893 bui.
127 3837 197 3892 Nam
216 3835 240 3891 si
263 3835 341 3893 lactae
355 3845 417 3893 sunt
440 3837 505 3892 mihi
528 3837 656 3911 lacrymae
681 3855 750 3893 nicae
767 3855 854 3910 panes

55 3924 100 3981 die
124 3940 159 3981 ac
178 3933 267 3994 nocte,
294 3926 504 4001 quantomagis
527 3927 624 3984 divinae
646 3927 853 3984 miserationes?

55 4013 137 4070 llulto
166 4015 239 4070 enirn
267 4013 372 4070 dulcius
386 4013 446 4070 istae
469 4015 586 4086 sapiunt,
615 4015 741 4075 reficiunt
764 4018 849 4074 multo

53 4103 163 4169 melius,
178 4102 346 4174 ampliusque
367 4102 528 4159 confirmant
546 4120 593 4160 cor
606 4104 733 4161 heminis.
750 4107 851 4161 Verum

53 4190 138 4248 multa
153 4191 242 4263 nobis,
259 4191 286 4246 ni
299 4190 385 4259 lallor,
399 4207 432 4248 ex
446 4191 488 4248 his
502 4193 617 4264 panibus
631 4194 711 4249 hodie
725 4193 850 4251 cecidere

52 4277 218 4352 fragmenta.
235 4280 305 4336 Nam
329 4286 358 4335 et
371 4295 423 4353 ego
437 4281 495 4353 ipse
519 4282 670 4338 sentiebam
689 4282 760 4340 inter
773 4282 848 4338 iran-

52 4370 174 4445 geudum
200 4370 298 4426 multas
322 4386 338 4427 e
358 4370 482 4428 manibus
508 4372 624 4429 evadere
648 4371 741 4443 uncas,
766 4379 849 4445 atque

52 4457 124 4515 inter
138 4457 239 4532 digitos
253 4460 424 4531 properantis
440 4460 509 4516 elabi
533 4479 538 4518 :
561 4470 652 4518 utrum
665 4460 716 4534 ipsi
730 4461 848 4536 college·

51 4547 110 4603 ritis
125 4547 227 4620 aliqua,
243 4562 293 4604 vos
307 4547 437 4605 videntis.
456 4550 524 4623 Ego,
539 4549 695 4607 sinendum
711 4550 848 4619 fastiditis,

51 4643 157 4703 nostra,
173 4652 234 4710 quae
248 4637 312 4692 mihi
337 4637 511 4711 collegeram,
533 4638 592 4695 siue
608 4638 710 4695 invidia
724 4655 848 4696 commu-

50 4725 160 4794 nimbo,
175 4742 210 4782 ne
233 4726 303 4783 lortc
326 4726 464 4783 incurram
485 4726 703 4785 maledictionem
730 4729 847 4788 abscon·

50 4812 141 4871 dentis
161 4814 299 4872 frumenta
323 4817 350 4870 in
372 4816 481 4886 populis
493 4818 587 4888 (Prae.
606 4834 644 4889 xx,
669 4818 726 4887 26).
743 4819 848 4875 Primus

50 4903 142 4977 itaque
167 4903 256 4974 panis,
280 4903 388 4961 sibene
411 4904 532 4970 memini,
558 4906 727 4962 conservatio
751 4908 847 4977 gratias

49 4992 108 5065 luit,
136 5007 199 5065 quas
228 5008 283 5061 me,
308 4993 371 5049 licet
394 4992 545 5065 indignum,
570 5008 586 5047 a
607 4992 697 5049 multis
729 4997 848 5065 peccatis

48 5097 164 5155 prorsus
182 5080 271 5138 adhuc
285 5082 313 5138 in
333 5082 433 5139 saeculo
452 5081 569 5154 positum
589 5083 743 5141 custodivit.
762 5085 847 5154 liujus

48 5187 115 5246 ergo
130 5169 183 5226 tria
193 5177 274 5228 teneo
288 5169 450 5244 fragmenta,
462 5172 589 5229 habentia
598 5188 725 5245 magnum
737 5188 847 5246 prorsus

48 5261 281 5319 delectamentum
302 5260 407 5333 saporis
434 5269 462 5317 et
479 5260 633 5318 alimoniam
658 5261 729 5323 vita.
750 5261 848 5319 Tribus

47 5350 186 5424 siquidem
204 5349 293 5406 modis
307 5357 445 5422 apeccato
459 5350 570 5408 memini
580 5367 624 5407 mc
635 5359 845 5410 conservatum:

47 5439 201 5498 occasionis
232 5440 428 5507 subtractione,
464 5439 609 5498 resistendi
640 5441 703 5497 data
736 5442 844 5511 virtute,

47 5528 203 5587 allectionis
217 5528 343 5585 sanitate.
358 5527 442 5585 llnlta
457 5529 530 5586 euim
544 5528 572 5584 iu
588 5539 697 5601 peccata
712 5529 789 5598 l'oeile
803 5546 848 5586 ce·

923 1799 1016 1855 oculos
1038 1814 1104 1855 snos
1124 1799 1221 1854 avertit
1240 1814 1257 1853 a
1276 1798 1394 1869 peccatis
1418 1798 1495 1866 ineis,
1524 1798 1603 1869 quasi
1626 1798 1723 1855 nolens

922 1887 1065 1945 advertere
1089 1894 1220 1960 quantum
1245 1887 1444 1959 delinquerem.
1464 1885 1578 1957 Propter
1599 1886 1661 1952 hoc,
1677 1885 1720 1941 iu·

923 1992 1014 2048 quam,
1046 1976 1231 2032 dissimulabat
1257 1985 1287 2032 ut
1323 1974 1528 2037 commendaret
1564 1973 1719 2045 patientiam

922 2081 1008 2136 suam,
1028 2075 1057 2122 ut
1072 2066 1198 2135 impleret
1210 2064 1372 2121 electionem
1395 2077 1482 2130 suam,
1498 2071 1526 2116 ut
1545 2060 1719 2128 confirmaret

920 2155 1077 2211 charitatem
1092 2170 1180 2211 suam.

956 2246 982 2298 3.
999 2243 1038 2299 De
1053 2241 1132 2298 tertio
1148 2255 1256 2314 quoqne
1270 2255 1351 2312 pane,
1369 2242 1428 2311 ejus
1441 2237 1545 2296 scilicet
1558 2237 1717 2295 misericor-

920 2331 973 2388 diae
987 2348 1042 2405 qua
1055 2329 1188 2387 convertit
1204 2329 1297 2386 nosad
1312 2327 1511 2400 poenitent-iam,
1528 2328 1578 2382 tria
1593 2344 1647 2384 non
1662 2337 1715 2384 tam

920 2418 1071 2495 fragmenta
1085 2434 1166 2491 quam
1181 2416 1266 2474 frusta
1275 2417 1352 2474 vobis
1362 2432 1481 2489 appono.
1497 2418 1572 2472 Tunc
1587 2416 1670 2485 cuiun,
1687 2426 1718 2474 ut

919 2511 989 2566 bene
1004 2508 1123 2577 memini,
1144 2506 1279 2565 concussit
1293 2520 1341 2562 cor
1354 2522 1456 2574 meum,
1472 2505 1594 2562 excitans
1607 2504 1672 2562 illud
1687 2514 1717 2562 ut

918 2599 1072 2655 adverteret
1094 2595 1181 2653 912
1204 2610 1314 2652 suorum
1342 2594 1455 2654 vulnera
1478 2601 1662 2665 peccatorum,
1687 2604 1717 2650 et

917 2686 1057 2744 vulnerum
1072 2685 1185 2742 sentiret
1196 2685 1328 2742 dolorem.
1344 2684 1433 2741 Etiam
1461 2691 1488 2739 ct
1503 2682 1608 2753 terruit,
1624 2684 1713 2740 dedn-

917 2791 982 2832 cens
997 2775 1031 2831 ad
1046 2780 1141 2846 portas
1154 2773 1244 2841 inseri,
1261 2781 1289 2831 et
1303 2780 1454 2844 praeparata
1468 2772 1569 2846 iniquis
1583 2772 1714 2845 supplicia

916 2872 1081 2922 monstrans.
1096 2864 1131 2918 Et
1145 2872 1176 2918 ut
1199 2862 1265 2918 nihil
1278 2863 1335 2931 jam
1358 2861 1446 2917 noxiae
1465 2869 1621 2917 remaneret
1634 2861 1713 2917 delc-

915 2952 1050 3018 clationis,
1073 2949 1214 3007 meliorem
1236 2949 1301 3004 mibi
1329 2948 1541 3004 consolationem
1564 2947 1710 3019 inspirans,

915 3057 992 3113 spem
1004 3038 1179 3112 indulgentiae
1188 3037 1274 3094 dedit.
1285 3038 1316 3092 ln
1330 3037 1371 3092 his
1380 3052 1447 3110 ergo
1461 3036 1547 3092 tribus
1560 3051 1712 3093 conversus

915 3145 992 3184 sum:
1009 3128 1092 3185 credo
1111 3127 1183 3198 quod
1198 3134 1225 3182 ct
1239 3125 1362 3196 vosipsi.
1693 3138 1695 3142 ⁴

950 3220 977 3273 l.
991 3217 1052 3271 lam
1070 3231 1135 3272 vero
1151 3215 1239 3285 quarti
1262 3213 1341 3286 panis
1363 3214 1433 3286 (ipsa
1455 3219 1498 3269 est
1516 3211 1708 3285 indulgentia),

913 3306 1027 3363 obsecro
1042 3318 1102 3368 vos,
1127 3301 1273 3373 diligenter
1292 3300 1410 3376 colligite
1434 3300 1595 3373 fragmenta,
1611 3315 1646 3356 ne
1661 3316 1709 3371 pe·

912 3400 999 3450 reant.
1021 3393 1090 3448 Sunt
1112 3390 1185 3447 enim
1205 3390 1322 3446 salubria
1342 3389 1430 3459 valde,
1442 3397 1471 3445 et
1489 3388 1610 3446 dulciora
1625 3404 1709 3460 super

911 3483 964 3540 mel
978 3488 1007 3540 et
1022 3481 1121 3536 savum.
1142 3479 1187 3535 Sic
1205 3478 1332 3534 nimirum
1352 3494 1385 3535 ex
1395 3487 1452 3535 toto
1471 3477 1592 3545 indulsit,
1608 3485 1636 3533 ct
1650 3485 1706 3532 tam

909 3570 1060 3630 liberaliter
1073 3584 1182 3625 omnem
1192 3567 1303 3624 donavit
1316 3567 1452 3637 injuriam,
1465 3575 1494 3620 ut
1502 3568 1556 3636 jam
1569 3581 1621 3621 nec
1631 3566 1706 3621 darn-

909 3670 957 3718 net
975 3658 1142 3724 ulciscendo,
1166 3672 1217 3713 nec
1240 3655 1388 3712 confundat
1406 3653 1630 3726 improperando,
1654 3669 1706 3710 nec

908 3750 998 3805 miuus
1016 3746 1111 3819 diligat
1128 3745 1299 3816 imputando.
1321 3746 1390 3800 Sunt
1408 3743 1481 3799 enim
1499 3742 1581 3815 aliqui
1600 3742 1640 3799 sic
1654 3742 1704 3798 do·

908 3847 1006 3894 nantes
1024 3835 1161 3906 injuriam,
1181 3843 1211 3889 ut
1230 3848 1285 3889 non
1304 3832 1477 3901 ulciscantur,
1497 3830 1598 3904 saepins
1612 3838 1703 3887 tamen

907 3927 1102 3998 improperent.
1121 3923 1190 3979 Sunt
1212 3929 1239 3977 et
1258 3920 1311 3990 alii,
1334 3921 1381 3994 qui
1400 3921 1464 3977 licet
1482 3920 1589 3991 sileant,
1610 3929 1703 3979 manet

907 4028 998 4071 tamen
1021 4013 1075 4068 alta
1094 4018 1185 4068 mente
1206 4016 1326 4081 reposta,
1353 4018 1381 4067 et
1398 4025 1541 4066 rancorem
1565 4017 1660 4067 tenent
1674 4010 1702 4065 in

906 4105 996 4160 animo
1013 4121 1018 4160 :
1036 4118 1150 4175 quarum
1165 4102 1259 4173 utique
1271 4106 1368 4157 neutra
1379 4099 1700 4171 plenaindulgentiaest.

905 4193 998 4265 Longe
1018 4191 1051 4246 ab
1067 4190 1109 4246 his
1129 4190 1255 4246 omnihus
1277 4189 1472 4265 benignissima
1490 4197 1531 4246 est
1553 4189 1702 4247 divinitatis

904 4290 1009 4340 natura.
1037 4280 1198 4343 Liberaliter
1221 4280 1287 4351 agit,
1312 4281 1428 4356 ignoscit
1453 4279 1585 4352 plenarie,
1611 4279 1649 4334 ita
1672 4287 1703 4335 ut

904 4379 1016 4444 propter
1028 4369 1156 4427 fiduciam
1170 4378 1355 4441 pcccatomm,
1376 4371 1425 4429 sed
1439 4369 1638 4441 poenitentium,
1653 4370 1700 4425 ubi

902 4459 1050 4517 abundavit
1064 4458 1202 4525 delictum,
1221 4459 1308 4514 soleat
1327 4464 1355 4514 et
1368 4458 1457 4530 gratia
1474 4458 1698 4531 superabundare

903 4548 991 4606 Testis
1005 4555 1047 4604 est
1060 4547 1157 4603 Paulus
1170 4545 1291 4620 gentium
1305 4548 1411 4614 doctor,
1427 4546 1474 4620 qui
1487 4546 1547 4618 plus
1561 4546 1697 4613 omnibns,

903 4653 965 4693 cvtm
979 4636 1070 4693 divina
1083 4636 1173 4708 gratia
1187 4634 1330 4692 laboravit.
1346 4634 1435 4692 Testis
1448 4640 1491 4691 est
1501 4635 1653 4703 Matthaeus,
1663 4635 1698 4691 de

902 4726 1002 4783 telonio
1017 4726 1121 4783 electus
1140 4726 1168 4782 in
1182 4725 1344 4798 apostolum,
1360 4723 1403 4781 cui
1417 4723 1499 4782 etiam
1518 4723 1587 4780 Novi
1601 4725 1696 4780 Testa-

902 4815 986 4872 menti
1006 4816 1122 4887 primum
1143 4814 1303 4886 scriptorem
1323 4829 1384 4870 esse
1399 4814 1528 4869 donatum
1543 4820 1594 4871 est.
1610 4813 1702 4869 Testis

901 4911 930 4960 et
941 4904 1046 4977 Petrus,
1062 4904 1105 4959 cui
1119 4913 1180 4975 post
1194 4905 1291 4959 trinam
1306 4902 1490 4975 negationem,
1507 4901 1590 4958 totius
1605 4901 1699 4958 Eccle-

901 4992 949 5050 sie
972 4994 1115 5066 pastoralis
1138 5009 1202 5049 cura
1224 4993 1369 5049 commissa
1395 4999 1444 5048 cst.
1470 4989 1558 5048 Testis
1578 4990 1697 5064 denique

901 5083 983 5140 etiam
997 5082 1175 5139 famosissima
1190 5082 1233 5138 illa
1252 5082 1399 5154 peccatrix,
1415 5081 1458 5138 cui
1472 5079 1500 5136 in
1514 5081 1574 5153 ipso
1587 5097 1700 5139 conver-¹

900 5172 985 5228 sionis
999 5171 1075 5228 initio
1090 5178 1164 5227 tanta
1177 5171 1318 5227 multitudo
1332 5169 1485 5228 dilectionis
1499 5187 1629 5229 concessa
1644 5179 1703 5236 est,

901 5269 976 5318 tanta
990 5260 1162 5334 postmodum
1181 5260 1284 5316 indulta
1304 5261 1392 5336 gratia
1412 5259 1609 5319 lemiharitatis.
1631 5261 1698 5332 Quis

900 5351 1035 5408 accusavit
1055 5350 1177 5420 Mariam,
1198 5357 1227 5406 et*
1244 5364 1294 5422 pro
1316 5366 1346 5408 ee
1366 5366 1427 5408 eam
1445 5351 1563 5423 oportuit
1583 5338 1696 5424 respon·

900 5443 985 5500 dere?
1008 5442 1036 5497 Si
1051 5439 1204 5498 Pharisaeus
1225 5449 1386 5513 murmurat,
1401 5442 1424 5498 si
1438 5443 1541 5499 llartha
1557 5444 1699 5516 conqueri·

902 5543 952 5597 tur,
968 5531 991 5589 si
1005 5528 1222 5601 scandalizantur
1235 5531 1361 5604 apostoli,
1375 5532 1459 5590 ilaris
1474 5538 1560 5602 teoct3
1576 5533 1700 5599 Christus
