3734 5948
118 116 138 177 tt
848 108 1032 177 etimne.
1729 116 1775 185 gp*

137 233 243 293 XXIII.
256 234 304 291 De
315 232 442 291 ucundd
453 232 553 306 capite,
568 230 598 288 id
611 240 657 290 est
678 233 714 289 de
733 231 839 290 risione
861 235 912 291 bei
928 252 935 294 :
951 236 997 309 qui
1015 236 1156 294 beatorum
1169 235 1274 293 animas
1287 236 1318 294 in
1330 237 1400 295 orele
1413 235 1522 295 nomm
1534 245 1597 311 post
1610 243 1763 297 mamam

116 324 250 398 judicium,
272 322 327 381 sed
350 320 379 377 in
401 321 499 378 abditis
523 319 677 378 recessibus
697 320 834 380 collocant
858 329 976 392 veteres,
1003 324 1075 381 haud
1100 324 1164 380 milri
1186 331 1303 392 constat,
1324 340 1359 382 an
1381 326 1484 383 eisdem
1499 334 1562 383 ante
1576 324 1641 384 illud
1656 335 1765 401 tempus

116 414 198 472 tems
213 411 352 470 mentiare
366 409 498 468 udonem
512 409 674 466 concedant.
691 413 726 467 tt
740 425 775 467 ue
790 411 818 467 in
832 427 1065 483 supervacaneam
1079 415 1257 486 questionem
1277 414 1472 490 digrediamur,
1486 416 1642 473 bernardus
1653 416 1764 490 quidem

116 504 183 562 olas
195 502 307 559 Christi
322 498 501 557 summitatis
513 499 683 556 manifestam
698 499 957 572 contemplationem
972 502 1067 559 solutis
1081 502 1221 558 animabus
1236 503 1330 559 tribuit
1346 521 1352 559 ε
1373 505 1420 561 sed
1439 505 1483 561 vel
1500 504 1526 560 iu
1541 502 1593 561 boe
1607 507 1644 561 ab
1655 506 1767 579 vulgata-

114 592 213 651 irannis
229 591 316 648 XXII
331 591 449 661 eiusque
465 587 622 660 sequacium
635 587 764 658 opinione
778 589 903 648 dissidet.
919 591 975 648 lme
989 606 1024 648 ne
1038 592 1073 646 ab
1088 591 1153 663 ipsis
1176 591 1296 664 quidem,
1317 593 1363 665 qui
1375 592 1524 649 diviuitatis
1538 592 1663 650 intuitum
1678 595 1765 652 beatis

115 684 238 747 meunt,
262 679 317 737 sed
339 679 428 735 minus
451 678 604 750 periectnm
624 693 706 751 quam
730 685 792 749 post
810 680 1047 743 resurrectionem,
1063 697 1093 736 re
1117 681 1176 752 ipse
1195 681 1336 737 discedere
1350 683 1472 751 ridetnr3
1488 674 1598 754 quando
1613 690 1668 740 tota
1684 685 1763 749 ratio,

114 788 161 846 qne
174 769 358 826 bernardum
372 774 477 834 moret,
491 782 524 823 ca
549 767 608 837 ipsa
629 773 682 832 est,
707 782 758 823 cur
779 767 821 823 isti
845 782 902 825 non
924 768 962 824 ita
985 768 1133 840 perfectam
1157 769 1207 825 Dei
1221 769 1354 827 visionem
1369 771 1465 827 solutis
1476 773 1621 829 animabus
1634 763 1762 842 tribuant,

114 875 201 931 mpe
217 858 375 915 seimus
388 870 504 928 corpora
518 855 676 912 resumendi
690 855 857 913 desiderium
873 873 881 912 ι
898 857 950 914 rati
964 873 1024 914 cum
1043 859 1191 924 bernardo,
1207 858 1357 930 perlectam
1371 858 1421 915 Ilei
1436 861 1690 933 contemptationem
1704 864 1766 933 eius

113 966 161 1007 erse
173 948 222 1006 vis
233 963 271 1004 ac
284 945 406 1017 virtrrtis,
419 952 451 1002 nt
463 959 560 1001 omues
573 943 688 1001 affectm
706 946 860 1018 absorbeat,
875 946 1040 1019 penitusque
1059 948 1229 1020 exstinguat;
1246 948 1319 1021 quod
1334 947 1443 1005 nonnisi
1458 957 1519 1020 post
1532 951 1764 1008 resurrectionem

113 1039 166 1111 ipn’s
178 1036 267 1094 etiam
282 1035 388 1093 sanctis
401 1042 547 1106 competet.
561 1033 636 1108 Lege
651 1033 831 1106 nugusdnnm
844 1035 873 1090 ln
888 1052 1015 1093 sermone
1030 1040 1091 1103 ted,
1106 1053 1135 1092 n.
1152 1040 1180 1106 5,
1195 1045 1223 1092 et
1234 1040 1296 1107 ets,
1309 1053 1336 1092 n.
1354 1041 1370 1092 5
1385 1044 1412 1093 et
1427 1040 1453 1093 d.
1471 1037 1667 1097 onsermttone
1681 1040 1765 1114 digna

112 1136 163 1185 snt
185 1125 328 1183 bernardi
350 1123 435 1182 rerba
456 1122 486 1178 iu
506 1136 636 1181 sermone
658 1127 693 1179 ts
716 1124 757 1178 be
776 1121 899 1192 dirersis,
917 1141 945 1181 n.
964 1129 990 1191 3,
1005 1126 1044 1181 uti
1059 1127 1200 1183 beatorum
1215 1128 1412 1198 praerogativas
1425 1126 1567 1198 explicans
1584 1145 1590 1181 :
1609 1147 1621 1180 r
1637 1128 1695 1184 ltoe
1707 1130 1764 1197 jam

113 1217 195 1287 ente,
214 1214 298 1280 seit,
317 1236 330 1266 ι
347 1211 474 1270 treuriunt
488 1227 576 1283 aquas
598 1211 631 1268 in·
647 1211 747 1284 gaudio
771 1211 806 1269 de
829 1210 951 1271 tontibus
972 1213 1131 1280 Salvatoris,
1149 1223 1178 1272 et
1196 1215 1288 1281 uudIs,
1303 1223 1333 1272 ut
1347 1216 1384 1271 ita
1399 1215 1497 1281 dicatu,
1513 1215 1599 1272 ocutis
1612 1216 1765 1274 diuinitatis

112 1308 245 1363 utaentur
259 1302 424 1369 escendam,
439 1301 514 1358 num
525 1316 719 1374 corporeorum
734 1302 954 1373 phantasmatum
967 1303 1162 1378 imaginatione
1176 1304 1295 1376 decepti.
1313 1326 1327 1358 s
1344 1305 1372 1362 Si
1386 1302 1460 1361 enim
1474 1304 1510 1361 de
1534 1307 1607 1362 statu
1620 1306 1776 1376 presenti,

111 1393 260 1468 etquidem
272 1392 395 1461 videtur,
404 1390 433 1446 id
447 1389 523 1459 dicit,
536 1391 608 1447 baud
622 1390 704 1446 dubis
728 1390 827 1447 sanetis
848 1399 913 1448 ante
937 1392 1166 1451 resurrectionem
1192 1395 1246 1451 boc
1267 1393 1295 1449 in
1312 1392 1373 1451 toeo
1390 1392 1482 1450 tribuit
1496 1393 1650 1452 intnitiram
1663 1393 1762 1452 dimne

111 1483 230 1542 menne
242 1481 391 1540 visionem.
1673 1519 1676 1524 .

137 1572 241 1629 XXIV.
260 1571 319 1629 Sed
344 1565 669 1632 transcendentes,
693 1567 729 1622 ad
752 1575 920 1639 postremum
943 1571 1056 1641 huiusce
1079 1570 1247 1642 prelationis
1269 1580 1361 1644 caput,
1377 1571 1451 1644 qnod
1464 1586 1608 1628 censuram
1625 1571 1762 1644 gennico-

111 1680 161 1719 mm
173 1659 317 1719 wurdt
330 1672 489 1716 sermonum
502 1664 619 1729 spectat,
636 1657 800 1714 veniendum
815 1666 869 1715 est.
893 1660 991 1732 Neque
1010 1661 1070 1731 eius
1092 1660 1133 1717 rei
1157 1660 1305 1734 disputatio
1324 1661 1472 1717 admodum
1488 1661 1592 1732 prolixa
1606 1661 1697 1718 tutore
1712 1668 1765 1734 est,

109 1769 162 1809 cura
174 1751 213 1808 de
227 1749 374 1823 plerisque
386 1754 464 1804 certa
482 1753 511 1804 et
533 1746 675 1818 expterata
698 1745 734 1801 sit
756 1747 960 1805 sententia.le
983 1749 1155 1806 sermonibus
1175 1751 1214 1807 be
1229 1757 1364 1822 tempore,
1381 1766 1451 1823 qnos
1464 1750 1589 1808 tlorstins
1604 1751 1764 1821 admiserat,

108 1841 172 1897 inter
182 1840 302 1912 spurios
314 1835 462 1908 rejedmus
474 1850 631 1892 sermonem
645 1835 795 1892 meandum
808 1835 835 1890 in
851 1836 936 1893 Cone
950 1837 1057 1895 Domini
1075 1838 1103 1894 iu
1126 1839 1201 1905 illud,
1219 1840 1321 1898 sedisti
1334 1840 1371 1896 od
1389 1856 1516 1899 mensem
1529 1840 1635 1909 dictis,
1651 1839 1697 1913 qui
1712 1856 1765 1898 uec

107 1929 233 1985 bernardi
248 1927 365 2001 genium
380 1924 461 1997 sapit,
477 1939 530 1981 nee
542 1924 570 1981 in
586 1924 646 1980 ullis
660 1924 805 1996 reperitur,
823 1941 890 1998 quos
914 1926 1023 1999 quidem
1047 1927 1170 1995 viderim,
1196 1929 1309 1986 vetustis
1323 1928 1475 1997 codicibus,
1497 1929 1552 1986 ime
1567 1944 1620 1985 uec
1633 1928 1661 1984 in
1676 1932 1763 1987 veteri

107 2019 224 2075 catilinae
239 2014 423 2091 Lugdunensi
437 2013 503 2070 anni
518 2017 564 2070 llil
570 2014 598 2070 t.

135 2108 228 2164 XXV.
245 2106 328 2162 llrrne
339 2118 497 2163 samsonem
509 2102 678 2177 sequebatur
699 2102 838 2161 tIeditatio
861 2104 889 2162 in
911 2104 994 2162 ritem
1016 2123 1064 2162 seu
1090 2107 1243 2178 passionem
1269 2105 1387 2172 bomini,
1407 2104 1540 2176 incipieus
1555 2106 1589 2160 ab
1602 2104 1646 2160 bis
1658 2104 1761 2175 verbis,

109 2199 229 2255 «Iesum
247 2195 436 2260 Nmreurm,
451 2211 465 2247 n
481 2200 547 2260 eto„
563 2208 625 2266 quse
647 2191 742 2248 itidem
766 2193 793 2248 in
817 2193 921 2251 eisdem
941 2195 1082 2251 codicibus
1095 2202 1123 2250 et
1137 2196 1164 2250 in
1179 2195 1299 2250 editione
1315 2194 1488 2267 lugdunensi
1504 2195 1593 2261 deest,
1608 2193 1763 2267 rectiusque

107 2288 129 2342 S.
143 2285 284 2342 Ausclrno
296 2282 441 2341 subtituto
458 2301 472 2335 e
485 2280 616 2338 stimulus
629 2282 731 2339 amens
746 2302 758 2333 r
775 2298 791 2336 a
806 2282 955 2341 Tritbsmio
967 2290 995 2339 et
1009 2284 1175 2339 Betlnrmino
1189 2283 1325 2339 tribuitur.

135 2375 245 2432 XXVI.
269 2373 369 2431 Sermo
389 2371 425 2429 de
449 2387 542 2444 pugna
555 2369 666 2428 mvidis
683 2387 745 2428 curn
768 2371 847 2427 Getis
861 2371 910 2441 (ita
929 2371 1096 2440 scribebant)
1114 2388 1163 2442 pro
1179 2372 1322 2429 bomiuica
1335 2375 1352 2428 l
1366 2380 1429 2444 post
1444 2372 1640 2442 Pentecosten,
1655 2372 1763 2429 NIcolai

108 2460 351 2521 stne-virttem
365 2460 540 2519 sermonibus
554 2458 697 2531 subjicitur
710 2459 739 2515 in
753 2475 789 2516 eo
802 2459 907 2528 codice,
924 2476 979 2534 quo
992 2476 1059 2517 usus
1072 2470 1114 2517 est
1128 2461 1275 2535 religiosus
1285 2461 1325 2517 vir
1335 2461 1501 2517 bertrandus
1511 2462 1646 2518 tisserius
1661 2460 1763 2517 Biblio-

104 2558 180 2610 nece
194 2550 394 2610 cisterciemb
406 2557 510 2606 auctor.
527 2551 563 2605 At
575 2564 636 2604 cnm
651 2563 743 2605 sermo
755 2548 808 2605 iste
824 2548 850 2604 in
867 2549 1004 2623 plerisque
1018 2551 1100 2605 etiam
1116 2552 1194 2606 bene
1204 2559 1276 2606 notre
1286 2549 1435 2620 codicibus,
1452 2559 1517 2623 puta
1527 2550 1760 2615 GterasVallensi

108 2639 341 2715 maleum,
355 2636 505 2695 Parisiensi
517 2637 798 2695 stne-ttamennmm
812 2638 977 2711 reperiatur,
992 2639 1171 2711 tondeturque
1186 2639 1213 2694 iu
1228 2637 1353 2695 Floribus
1365 2639 1496 2695 bernardi
1509 2650 1573 2696 ante
1591 2654 1678 2695 annos
1692 2656 1761 2712 qna-

108 2732 273 2804 dringentcs
287 2727 456 2799 conpilatis;
470 2726 612 2784 mando
623 2727 853 2784 sumsubdueere
867 2742 923 2784 nen
935 2727 1025 2784 risum
1040 2736 1093 2784 est.

135 2820 257 2876 XXVII.
284 2819 319 2876 Et
342 2815 562 2890 quandoquidem
583 2815 618 2872 de
641 2815 747 2872 Nicolai
770 2817 1008 2874 Clarae-Vallensis
1022 2818 1194 2874 sermonibus
1210 2819 1312 2876 mentio
1328 2820 1381 2875 bue
1394 2817 1499 2883 incidit,
1515 2820 1661 2874 observare
1674 2819 1760 2889 juvat,

107 2909 249 2967 dmi-um
273 2908 348 2963 baec
369 2921 404 2963 er
427 2903 620 2962 Arremarensi
644 2905 778 2961 monacho
800 2904 1059 2962 Clarae-Vallenscm
1084 2907 1195 2974 tactum,
1220 2922 1252 2963 ac
1275 2909 1363 2963 seneti
1387 2907 1520 2962 bernardi¹
1537 2908 1682 2975 notarium,
1696 2906 1761 2962 dein

107 2993 497 3062 sanctoremnoveudoctm
514 3007 659 3050 sermome
681 2995 716 3048 ab
739 3010 770 3050 se
790 2994 918 3051 conditos
940 3009 1112 3065 nuncupasse
1135 2995 1254 3051 ilenrico
1268 2995 1445 3052 TrecensIum
1460 2995 1551 3051 comiti
1568 2995 1699 3064 Palatino,
1714 2996 1761 3068 qni

105 3088 172 3158 typis
184 3083 301 3158 vulgati
313 3092 379 3140 eunt
391 3085 421 3138 in
433 3080 608 3155 praelaudatae
620 3080 796 3140 bibliothecae
810 3082 1000 3140 cisterciensis
1015 3089 1088 3141 tomo
1112 3083 1192 3140 tertio
1216 3100 1278 3139 oum
1293 3083 1454 3140 pistatione
1469 3084 1592 3153 ejusdem
1608 3082 1712 3138 Nicetai
1726 3084 1762 3138 ad

105 3176 256 3233 beuricsrss
269 3172 412 3244 mitent,
427 3171 455 3227 iu
469 3187 526 3246 qua
538 3172 597 3228 brec
611 3170 695 3228 verba
708 3189 716 3227 :
734 3191 746 3221 ι
763 3172 803 3228 bc
817 3177 918 3230 caetere
927 3172 1107 3247 mittogtoriae
1119 3183 1172 3228 ture
1182 3173 1278 3229 decem
1288 3180 1316 3229 et
1326 3187 1424 3230 norem
1435 3170 1762 3228 sermonesatestivitste

105 3264 185 3323 nuti
211 3261 333 3320 Ioannis
352 3259 481 3333 baptiste
503 3276 592 3333 usque
611 3260 644 3316 ad
661 3259 835 3317 testivitatem
851 3261 939 3317 saneti
952 3260 1066 3318 loannis
1081 3261 1268 3334 epangelistre,
1283 3262 1404 3334 aliosque
1418 3276 1571 3328 sermones,
1585 3269 1614 3316 et
1629 3259 1761 3332 quosdam

105 3351 227 3410 Pscltcrii
239 3366 342 3409 ursus
354 3365 417 3406 mco
431 3365 514 3406 mesu
530 3348 668 3417 inventos,
682 3364 745 3407 mee
759 3351 830 3422 stylo
844 3349 960 3407 dictatos
975 3368 980 3407 :
998 3349 1051 3406 nisi
1065 3350 1137 3422 qued
1153 3351 1247 3422 paucis
1261 3351 1288 3406 in
1309 3351 1376 3407 locis
1399 3349 1434 3405 de
1454 3349 1583 3406 censibus
1604 3349 1700 3406 alienis
1714 3366 1762 3405 ue·
1785 3374 1787 3380 ·

104 3442 157 3515 oepi
174 3458 181 3497 :
202 3461 218 3493 e
231 3456 338 3512 nempe
352 3439 387 3495 de
402 3453 488 3496 censu
500 3437 630 3494 bernardi
647 3439 772 3512 magistri
785 3439 838 3503 sui,
853 3439 932 3509 eujus
945 3437 1044 3510 stylum
1067 3455 1153 3511 prope
1177 3446 1319 3496 assecutus
1341 3448 1410 3495 erat.
1434 3440 1475 3494 be
1493 3453 1527 3494 eo
1540 3433 1613 3493 enim
1625 3438 1662 3494 its
1676 3438 1761 3494 babet

105 3531 125 3586 is
140 3544 282 3588 sermons
294 3528 331 3585 de
345 3527 494 3586 Nativitate
508 3526 657 3583 bominis«
674 3529 757 3584 Totus
779 3534 869 3584 antem
892 3528 1036 3584 sententia
1050 3543 1150 3585 census
1172 3544 1206 3584 ex
1220 3527 1291 3583 itlius
1306 3544 1368 3584 srea
1383 3527 1560 3593 mutuabitur,
1575 3528 1653 3597 cuius
1667 3527 1760 3583 consi-

103 3620 166 3677 tium
180 3618 267 3691 quui
279 3616 423 3675 consilium
435 3615 498 3673 bei.
512 3616 560 3673 Ille
572 3616 632 3689 ipse
646 3625 699 3681 est,
714 3618 793 3686 cujus
810 3616 905 3688 religio
920 3624 949 3674 et
963 3616 1101 3682 diseretio,
1117 3616 1249 3688 sapientia
1264 3626 1291 3673 et
1308 3616 1472 3688 eloquentia,
1492 3616 1547 3672 vita
1563 3623 1592 3671 et
1614 3616 1694 3681 terna,
1711 3632 1761 3687 per

104 3718 186 3766 totam
200 3706 380 3764 Latinitatem
403 3721 461 3762 non
482 3705 618 3762 immerito
639 3704 784 3776 percurrit.
803 3728 815 3755 ι
841 3705 991 3778 Egregium
1012 3721 1079 3761 sane
1094 3705 1228 3762 Bernardi
1242 3706 1373 3778 elogium.
1391 3707 1490 3760 Verum
1504 3704 1577 3776 quod
1591 3711 1647 3759 tam
1662 3703 1760 3778 frigide

103 3799 229 3868 ejusdem
240 3795 272 3852 iu
285 3794 421 3867 superiori
436 3794 594 3867 prelatione
609 3793 734 3850 meminit
746 3794 886 3865 Nicotaus,
908 3793 973 3850 iude
995 3793 1111 3869 contigit
1133 3794 1206 3867 qnod
1225 3795 1270 3849 itta
1284 3801 1347 3864 post
1359 3792 1444 3866 ipsius
1458 3792 1560 3848 Nicolai
1573 3792 1759 3849 desertionem

103 3886 223 3943 beurico
239 3883 420 3940 Treoeusium
434 3882 527 3939 comiti
541 3882 644 3940 directa
659 3889 711 3938 est.
728 3882 864 3939 Caeterum
880 3882 931 3939 illis
945 3883 1116 3956 undeviginti
1131 3883 1303 3938 sermonibus
1326 3882 1353 3937 in
1379 3882 1565 3953 manuscripto
1586 3880 1681 3938 codiee
1695 3883 1773 3938 sub-.

101 3976 235 4045 jietnntm
258 3987 401 4030 sermones
425 3980 552 4044 quatuor,
576 3987 645 4043 quos
669 3971 742 4028 idern
763 3971 891 4028 Nicotaus
913 3987 969 4029 nen
990 3972 1106 4027 obscure
1128 3971 1230 4027 iudicat
1253 3972 1281 4027 in
1300 3987 1349 4027 scs
1363 3970 1524 4043 praefatione
1540 3989 1546 4028 ε
1564 3970 1676 4042 primns,
1693 3988 1708 4023 a
1722 3970 1759 4027 de

102 4063 193 4119 serbis
206 4061 365 4134 sapientior.
380 4063 494 4119 terem
509 4060 627 4118 dedum
642 4061 787 4126 ὒιιιιίιιιιι,
805 4082 816 4109 r
834 4067 887 4116 etc.
904 4060 983 4133 (Sep.
999 4075 1031 4124 x,
1046 4059 1102 4129 te);
1118 4059 1264 4128 secundus,
1282 4080 1293 4109 ι
1311 4059 1346 4114 de
1361 4060 1481 4132 quinque
1504 4058 1640 4131 lapidibus
1663 4065 1759 4115 centn

102 4152 226 4224 belinum
247 4149 383 4216 serens,
401 4169 413 4201 ι
431 4149 467 4207 dc
480 4163 574 4218 carue,
589 4155 651 4204 cute
666 4155 694 4206 et
708 4148 830 4218 ossibns3
848 4169 860 4200 ι
878 4156 1002 4222 quartus,
1021 4169 1033 4200 ι
1049 4149 1084 4204 ds
1101 4146 1198 4220 triplici
1213 4147 1310 4220 gloria,
1326 4149 1353 4203 in
1377 4148 1441 4203 illud
1466 4147 1600 4220 Apostoli,
1623 4151 1673 4221 qni
1695 4151 1758 4221 pto·

103 4243 214 4305 mater,
228 4241 265 4296 ist
276 4240 395 4298 minino
408 4236 600 4311 plerietartll
614 4238 675 4295 Cor.
691 4253 723 4304 rt,
738 4238 785 4309 tr)
799 4253 825 4291 s:
841 4237 888 4310 qui
902 4252 999 4294 omnes
1021 4238 1160 4294 bernardo
1182 4237 1347 4308 tribuuntur,
1362 4237 1500 4292 secundus
1513 4237 1633 4308 qnidam,
1650 4244 1680 4292 ut
1694 4237 1758 4293 moa

103 4328 245 4395 dicebam,
256 4342 308 4400 pro
321 4326 465 4384 bominica
477 4329 494 4383 t
508 4334 570 4398 post
584 4326 779 4391 Pentecosten,
793 4334 850 4382 tres
863 4325 910 4381 atii
922 4325 995 4382 inter
1009 4328 1132 4384 diversos
1153 4326 1289 4390 collocati,
1314 4340 1369 4381 non
1392 4326 1479 4381 solum
1493 4326 1521 4381 in
1536 4324 1625 4397 prime
1636 4324 1774 4382 editione-

102 4416 293 4493 lugdunensi,
309 4416 358 4472 sed
379 4414 461 4472 etism
485 4415 513 4470 in
535 4415 671 4487 omnibus,
697 4422 742 4470 aut
767 4414 824 4471 tere
847 4415 973 4472 omnibns
997 4416 1209 4488 manuscriptis:
1236 4432 1304 4488 quos
1320 4415 1584 4486 proindcberuardo
1598 4415 1772 4483 abiudicare.

102 4508 289 4581 incongruum
300 4505 376 4576 dcxi,
390 4503 508 4563 maxime
522 4521 583 4561 oum
598 4519 648 4560 ees
659 4503 711 4559 sibi
725 4503 845 4560 tribuere
864 4503 985 4576 potuerit
1004 4505 1134 4561 Nicotaus
1152 4506 1213 4576 ejus
1239 4504 1373 4570 notarius,
1398 4503 1428 4560 in
1446 4504 1505 4559 aliis
1525 4504 1595 4558 baud
1610 4502 1673 4558 satis
1687 4502 1755 4557 reti-

106 4596 215 4667 giesus,
230 4593 269 4651 uti
282 4594 457 4651 observatum
470 4593 499 4650 iu
514 4593 586 4649 notis
599 4592 633 4648 sd
648 4593 791 4666 epistolam
806 4597 867 4649 298.

141 4683 272 4741 XXVIII.
289 4684 321 4739 ln
332 4682 507 4741 sermonibus
520 4682 557 4740 de
571 4681 683 4748 sanctis
699 4697 790 4738 sermo
804 4682 940 4738 secundus
954 4682 982 4737 io
996 4681 1173 4739 conversione
1188 4683 1275 4739 sancti
1292 4683 1364 4738 t‘suti
1380 4681 1494 4737 deestin
1509 4678 1646 4750 plerisque
1659 4693 1758 4734 marru-

103 4773 225 4845 seriptis,
241 4772 323 4829 etiam
334 4772 365 4829 in
380 4772 483 4829 Gallico
499 4769 627 4830 bullensi.
643 4772 765 4827 babetur
779 4779 869 4828 tamen
884 4770 912 4827 in
928 4770 1069 4828 Vaticano.
1085 4788 1113 4827 u.
1138 4776 1202 4839 663,
1224 4788 1343 4845 euinque
1360 4787 1424 4827 vere
1446 4766 1573 4823 bernardi
1594 4782 1656 4824 esse
1673 4768 1775 4823 nullm.

102 4874 187 4921 tenus
202 4861 308 4919 dubito.
323 4861 422 4919 Seruio
434 4859 463 4916 in
477 4860 547 4918 iente
561 4868 663 4917 sanctae
678 4859 859 4934 Magdalense,
871 4859 918 4932 qui
928 4878 997 4916 ursus
1011 4870 1054 4917 est
1067 4876 1101 4916 err
1117 4861 1304 4918 uoveutdecIm
1320 4858 1423 4916 NIcotai
1439 4857 1623 4928 sermonibus,
1639 4859 1790 4931 rejectos.

100 4954 129 5008 in
144 4959 253 5007 ternum
269 4951 315 5015 Vl,
328 4966 391 5011 eum
404 4949 433 5007 iu
450 4957 523 5006 tomo
537 4950 562 5002 V
577 4949 694 5007 omissus
717 4948 823 5019 inisset,
847 4949 894 5006 ubi
917 4963 977 5006 curn
1003 4949 1165 5022 quibusdam
1187 4951 1246 5006 aliis
1265 4948 1370 5006 Nieotai
1395 4946 1568 5003 sermonibus
1581 4945 1715 5002 habentur
1729 4953 1758 5000 et

100 5055 195 5097 sermo
208 5043 227 5097 5
239 5039 269 5095 iu
284 5038 491 5110 Assumptiono,
506 5045 535 5094 et
549 5053 644 5095 sermo¹
656 5037 839 5112 panegyricus
854 5039 984 5095 debeata
999 5038 1123 5111 Virgine,
1138 5039 1184 5111 qtri
1206 5040 1321 5094 antebac
1344 5037 1415 5093 iuter
1438 5036 1622 5093 bernardinos
1633 5035 1770 5091 collocati,

99 5137 189 5187 eraut.
216 5130 300 5187 Porro
324 5127 450 5186 consulto
474 5125 699 5199 pretermisimus
721 5143 864 5184 sermones
886 5127 957 5185 baud
981 5144 1084 5200 paucos
1106 5127 1246 5184 bernardo
1269 5126 1414 5198 ascrtptes,
1435 5135 1491 5182 tum
1508 5125 1534 5181 in
1550 5141 1620 5182 uera
1636 5123 1756 5179 editione

101 5218 272 5279 Coloniensi.
298 5226 355 5273 tum
376 5217 405 5273 in
425 5216 621 5289 snpptememo
643 5218 753 5272 Petrum
774 5216 947 5288 ilemeyano,
971 5224 1027 5273 tum
1049 5218 1077 5272 iu
1101 5216 1238 5273 nonnullis
1258 5215 1401 5272 codicibus·
1413 5215 1616 5286 manuserIptis,
1632 5221 1770 5283 utpotea

100 5307 236 5366 Bernsrdi
248 5307 321 5378 stylo
335 5314 363 5363 et
376 5305 458 5382 gente
470 5306 576 5363 alienos
591 5323 597 5361 :
614 5322 665 5362 uec
680 5305 766 5364 visum
781 5314 822 5361 est
836 5321 928 5376 opere
942 5307 1060 5379 pretium
1075 5322 1122 5362 eos
1134 5306 1163 5360 in
1176 5304 1330 5375 spuriorum
1344 5306 1461 5362 classem
1477 5304 1592 5361 reterre.
1649 5368 1653 5375 ,

139 5398 252 5457 XXIX.
268 5397 310 5454 Ila
324 5395 496 5454 sermonibus
510 5395 634 5464 diversis,
651 5393 698 5468 qui
715 5417 726 5444 ι
743 5395 923 5467 Exceptioucs
937 5412 972 5453 ex
986 5395 1066 5453 dietis
1078 5394 1167 5452 sancti
1178 5394 1312 5468 Bernerdi
1326 5415 1340 5450 ι
1355 5395 1384 5453 in
1407 5392 1546 5453 nonnullis
1560 5390 1698 5450 cedIcihas
1711 5391 1757 5447 in·
