3734 5948
591 274 762 337 studetis
781 275 814 335 tit
833 274 981 335 ithTthl.
1548 282 1617 342 fidi

83 405 215 480 t,quippe
225 404 398 477 deprehensi,
410 418 479 476 aqua
490 418 598 459 eosucu
609 402 773 475 recipiente;
788 413 811 492 Α
829 400 954 473 persequi
977 401 1136 470 debueram,
1163 412 1426 474 propterqusestum
1454 406 1617 473 sustineant,

83 526 96 571 ι,
110 502 140 551 ut
154 492 346 561 dicitur,freuo
360 492 495 557 dentibus,
512 499 565 548 tsm
579 490 679 548 misere
692 506 773 561 quain
827 486 990 559 accipientes
1004 490 1038 543 ab
1057 490 1097 544 eis
1120 506 1234 545 monera
1250 491 1335 562 (237).
1351 491 1384 547 Et
1406 493 1557 563 quomodo,
1573 493 1619 548 in·

83 580 249 655 impietatem
274 597 330 638 non
354 580 485 646 confessi,
502 579 551 637 sed
573 578 689 652 professi
700 588 772 643 sunt,
827 577 931 648 quiunt,
947 576 1132 634 damnabimus
1153 595 1204 635 nec
1225 579 1372 643 convictos,
1389 597 1439 637 nec
1456 580 1621 638 confessos?

83 669 209 745 pietatem
224 678 385 736 astruentes,
401 677 428 726 et
443 685 493 740 pro
506 685 540 727 ea
554 678 665 727 mortem
681 669 774 725 subire
827 666 933 723 Frivola
939 667 1015 736 setis,
1028 683 1082 723 nori
1093 667 1171 734 ratio,
1183 670 1231 723 sod
1242 668 1360 725 occasio.
1369 669 1426 724 lloc
1435 671 1504 736 solo,
1516 670 1624 727 etiamsi

89 758 145 816 Noc
160 761 247 815 minus
262 758 348 829 parati
361 758 461 815 inferre
474 759 521 831 qui
535 758 667 815 astabant.
682 757 775 828 ltaque
828 755 901 809 aliud
913 771 966 813 non
982 765 1064 826 esset,
1081 755 1156 812 facile
1170 756 1361 829 deprehendis,
1377 759 1411 825 si,
1426 768 1457 814 ut
1469 759 1537 826 diii,
1551 760 1624 817 viros

83 864 87 901 t
99 844 128 902 iu
142 861 190 903 eos
202 845 327 916 populus,
338 860 426 902 noros
439 843 574 901 hereticis
588 860 644 900 sure
654 844 775 914 ipsomm
829 853 857 898 et
871 843 997 910 feminas,
1007 844 1053 913 qui
1068 860 1098 898 se
1112 844 1284 901 continentes
1298 847 1400 912 dicunt,
1410 847 1445 901 sb
1460 847 1573 904 invicem
1584 865 1625 904 se·
1713 840 1720 851 ‘

83 949 100 991 a
122 944 254 1004 martyres
277 933 359 1013 dedit.
385 934 580 1005 ipprouimus
605 933 703 998 zelum,
726 932 776 988 sed
830 948 909 1003 pares
924 947 932 988 t
947 939 974 989 et
987 932 1100 987 feminas
1119 933 1226 1004 quidem
1245 950 1307 989 curn
1323 934 1385 990 aliis
1405 936 1446 991 sui
1461 945 1488 992 et
1505 953 1586 992 seius
1600 946 1625 994 et

94 1038 149 1079 non
163 1007 401 1094 suademus3'qi'i'ia
421 1020 488 1078 fides
502 1020 642 1078 suadenda
655 1031 707 1087 est,
721 1037 777 1077 non
830 1023 885 1077 voti
899 1022 998 1093 degere
1023 1036 1124 1093 copus,
1140 1022 1200 1077 riro
1219 1039 1296 1094 aeque
1313 1040 1373 1080 cunr
1389 1025 1510 1093 ejusdcm
1524 1042 1625 1097 propo-

83 1110 155 1167 inda.
170 1109 328 1183 Quanquam
351 1109 448 1166 melius
469 1110 565 1183 procul
584 1109 669 1167 dubio
687 1109 777 1181 eladio
831 1109 876 1165 siti
888 1108 1033 1183 riria.,l³er
1050 1112 1100 1165 hoc
1119 1111 1194 1183 enim
1215 1112 1367 1168 consultum
1385 1113 1435 1168 erit
1451 1121 1626 1186 utrorumque

83 1208 147 1266 itur,
161 1199 234 1253 illius
244 1198 368 1256 videlicet
381 1198 427 1269 qui
438 1213 492 1254 non
501 1200 558 1254 sine
567 1214 649 1254 causa
657 1197 778 1270 gladium
832 1206 895 1253 voto
910 1195 992 1253 simul
1016 1204 1044 1252 et
1058 1198 1146 1264 faniae,
1166 1215 1226 1254 curn
1240 1200 1414 1256 continentiis
1428 1216 1487 1257 snae
1501 1212 1529 1258 ct
1546 1210 1629 1258 testes

96 1304 178 1361 quani
193 1289 220 1343 in
235 1305 315 1344 suum
329 1303 447 1344 errorem
461 1287 563 1344 multos
577 1288 703 1359 trajicere
716 1304 778 1359 per·
832 1285 975 1342 habuerint
988 1291 1014 1341 et
1028 1287 1162 1341 custodes.
1174 1285 1253 1357 Quod
1268 1287 1292 1341 si
1307 1303 1362 1343 uon
1375 1288 1517 1357 sustinent,
1528 1290 1627 1361 justis·

83 1382 123 1431 tur
135 1375 223 1445 (235).
239 1375 288 1431 Dei
309 1375 380 1430 euim
404 1373 527 1431 minister
550 1374 595 1430 ille
611 1384 664 1444 esi,
680 1374 778 1430 vindex
833 1373 902 1430 sime
915 1372 1123 1431 eliminabuntur
1137 1375 1171 1430 de
1186 1374 1317 1442 Ecclesia,
1335 1392 1417 1449 quam
1431 1378 1624 1449 scandalium,

83 1481 94 1521 i
108 1464 133 1521 ei
147 1465 192 1536 qui
207 1465 275 1520 male
287 1464 343 1536 aqit
358 1465 448 1535 (ticin.
464 1479 528 1531 iiiii,
543 1466 583 1531 ι).
834 1478 888 1518 non
908 1463 995 1519 solum
1011 1461 1137 1530 notabili,
1152 1462 1293 1519 sedetiam
1308 1462 1396 1520 illicita
1416 1465 1627 1524 consonatione.

83 1550 311 1623 mansurisque
323 1552 397 1623 quod
410 1567 465 1607 nou
480 1551 562 1608 modo
577 1551 721 1623 patienter,
731 1551 780 1606 aed
835 1552 909 1624 Ergo
924 1551 976 1607 ists
988 1551 1120 1608 sufficiant
1136 1566 1184 1620 pro
1198 1551 1435 1624 deprehendendis
1448 1555 1543 1610 harum
1567 1556 1629 1610 vul·

83 1638 144 1711 i,ut
165 1639 321 1711 ridebatur,
336 1640 500 1697 ducerentur
522 1641 555 1696 ad
580 1648 711 1711 mortem3
732 1638 779 1695 sed
836 1638 910 1710 pium
932 1639 1010 1705 dolis,
1026 1639 1060 1693 ad
1080 1639 1197 1696 dandam
1217 1640 1360 1697 scientiam
1383 1650 1412 1696 et
1432 1644 1565 1699 cautelam
1586 1644 1630 1699 di·

83 1726 151 1785 iiuus
172 1729 325 1796 advertunt,
350 1738 450 1801 quauta
469 1728 504 1784 sit
528 1736 647 1800 potestas
669 1728 780 1796 diaboli,
797 1693 820 1772 B
836 1727 913 1785 leche
923 1736 950 1785 et
971 1727 1099 1801 gloriosse
1111 1744 1219 1799 sponsae
1230 1729 1338 1786 Domini
1348 1731 1434 1788 nostri
1442 1732 1506 1788 lesu
1520 1732 1629 1799 Christi,

84 1817 471 1889 odoincorporsliominum,
487 1816 631 1875 sedetiam
649 1816 781 1883 incords,
836 1816 883 1889 qui
904 1825 945 1873 est
970 1831 1052 1886 super
1072 1818 1163 1871 omnia
1186 1817 1259 1873 Deus
1283 1818 1442 1874 benedictus
1464 1819 1492 1873 iii
1515 1821 1632 1888 secula,

83 1904 148 1963 smel
167 1906 315 1977 permissus
331 1905 492 1978 possederit.
507 1906 602 1962 Nonne
619 1906 681 1975 plus
695 1914 735 1962 est
748 1907 787 1964 si·
837 1905 933 1961 hmen.

90 1992 228 2051 hominem
245 1993 355 2064 injicere
371 2010 467 2051 manus
485 2010 565 2066 quam
580 1993 607 2049 id
622 1993 739 2051 libenter
753 1995 787 2049 ab
1048 1991 1166 2050 15⁰⁰
1186 1992 1304 2049 SEENO
1322 1994 1427 2049 LXVN.

82 2080 216 2139 retinere?
229 2082 288 2139 llcc
300 2091 389 2140 autem
405 2083 430 2139 in
446 2084 537 2139 multis
554 2085 676 2156 potuisse
690 2085 788 2141 disho-
837 2085 875 2140 lle
889 2081 1016 2138 mirabili
1028 2083 1138 2153 assecta
1154 2082 1316 2139 dilectionis
1330 2098 1449 2153 sponse,
1461 2098 1543 2154 quem
1553 2097 1635 2139 eruc·

83 2180 217 2244 aquenter
231 2171 335 2244 experti
349 2188 452 2240 sumus,
467 2174 513 2247 qui
528 2189 559 2229 se
573 2173 648 2245 ipsos
661 2180 708 2228 aut
722 2175 787 2229 suh·
959 2174 1001 2227 tet
1016 2175 1131 2244 propter
1143 2185 1268 2227 amorem
1284 2170 1390 2228 Christi
1404 2172 1509 2243 sponsi.

83 2265 149 2327 mnt,
166 2267 213 2315 sut
236 2261 447 2330 suspenderunt.
473 2260 596 2332 Denique
620 2259 705 2316 ludas
728 2277 789 2317 sus·
876 2263 903 2313 l.
919 2259 1044 2316 Dilectus
1058 2275 1140 2315 incus
1155 2258 1237 2327 milii,
1253 2263 1280 2315 et
1297 2274 1345 2329 epe
1359 2260 1406 2314 itti
1420 2261 1516 2328 (dunt.
1532 2274 1564 2329 ri,
1580 2260 1635 2328 ιι).

104 2360 135 2402 ae
163 2347 252 2418 ipsum
277 2346 388 2419 (hatti.
412 2362 506 2415 xxiii,
531 2350 570 2417 5),
593 2347 700 2402 diabolo
731 2349 789 2405 sine
841 2347 976 2401 Hactenus
989 2347 1073 2403 rerba
1087 2347 1192 2417 sponsi.
1206 2346 1287 2401 Adsit
1301 2346 1370 2419 ipse,
1385 2354 1414 2401 iit
1427 2347 1510 2419 digne
1525 2348 1560 2402 ad
1575 2347 1637 2416 qlo-

98 2434 271 2493 immittente.
287 2435 344 2505 Ego
368 2444 456 2490 tamen
476 2437 564 2506 majus
579 2435 715 2504 existimo,
731 2452 790 2493 mii·
841 2435 908 2490 riam
921 2433 1008 2505 ipsius
1022 2443 1048 2489 et
1060 2442 1179 2489 nostiam
1193 2434 1445 2505 ipsorumsslutem,
1457 2451 1564 2507 sponsae
1579 2435 1639 2500 ejus

83 2519 233 2585 tadmiror,
246 2521 318 2592 quod
342 2520 431 2590 potuit
452 2521 595 2577 immisisse
618 2522 645 2575 in
670 2536 718 2579 cor
732 2523 792 2592 ejus
839 2522 978 2594 possimus
1000 2521 1166 2594 investigare
1194 2538 1344 2579 sermones..
1364 2524 1459 2596 Neque
1481 2523 1553 2579 enim
1574 2525 1640 2581 tales

83 2608 152 2667 ieret
168 2607 312 2664 Dominum
323 2609 416 2680 (loen.
429 2624 493 2679 xiii,
505 2609 543 2681 2),
554 2627 635 2680 quam
651 2622 681 2666 ut
694 2618 793 2666 semet·
841 2610 992 2683 suntquis
1005 2610 1087 2666 nobis
1102 2611 1270 2666 considerari
1279 2619 1308 2666 et
1320 2612 1428 2681 discuti,
1441 2612 1639 2685 proutdignum

109 2696 297 2768 suspenderet.
311 2696 383 2751 Nihil
408 2712 475 2772 ergo
499 2696 587 2754 simile
606 2698 704 2753 habent
726 2713 792 2753 con·
841 2699 932 2767 fuerit,
947 2699 1062 2765 valeant,
1080 2699 1131 2754 nisi
1147 2699 1205 2771 ipse
1220 2699 1299 2756 fuerit
1312 2700 1366 2756 dui
1380 2700 1468 2757 uerbi.
1485 2701 1555 2758 Sunt
1567 2701 1640 2757 euim

83 2802 92 2841 i
109 2795 271 2857 martyrum,
288 2793 315 2840 et
329 2783 478 2857 pertinacia
493 2787 609 2854 horum3
624 2785 686 2857 quis
700 2788 794 2843 mortis
844 2803 924 2860 quam
948 2802 1047 2843 suares
1068 2787 1101 2843 id
1124 2789 1249 2862 qratiam,
1266 2797 1319 2844 tam
1344 2789 1455 2846 iecundi
1473 2791 1506 2843 sil
1530 2806 1639 2859 sensus,

83 2885 171 2947 aptum
197 2871 223 2926 in
246 2872 301 2928 illis
326 2872 424 2945 pietas,
450 2873 478 2929 in
501 2873 560 2930 istis
583 2874 674 2931 cordis
695 2875 791 2930 duritie
845 2884 898 2931 tam
919 2875 998 2933 etism
1014 2875 1140 2946 profundi
1160 2877 1192 2931 ad
1209 2878 1347 2947 mysteria.
1363 2877 1411 2932 Cui
1428 2877 1553 2933 similabo
1568 2877 1641 2934 cosi

83 2978 117 3019 ur
136 2960 224 3035 (236).
239 2961 274 3016 Et
289 2961 351 3017 ideo
375 2962 512 3032 Propheta
532 2963 658 3035 martyris
682 2948 894 3026 tersilochum
919 2966 1023 3021 interim
1048 2963 1130 3019 alicui
1154 2967 1305 3035 epularum,
1325 2981 1386 3038 quse
1410 2965 1508 3036 triplici
1525 2966 1640 3037 quadam

83 3048 175 3109 licebat
192 3068 198 3104 :
217 3049 402 3123 Coequlutum
415 3055 456 3109 est
469 3052 544 3107 sicat
558 3052 602 3108 loc
615 3068 664 3110 cor
681 3068 789 3121 eorum,
845 3054 959 3109 emineat
973 3052 1077 3124 qratia,
1093 3051 1222 3106 deliciosa
1236 3053 1268 3107 ad
1284 3067 1417 3122 saporem.
1434 3052 1521 3108 solidi
1537 3053 1569 3106 aii
1585 3069 1638 3108 nii·

83 3139 300 3210 rolepemtuom
308 3139 540 3195 meditatorium
552 3141 793 3211 tPsol.citiu,'ttl):
850 3140 1014 3208 trimentuui,
1031 3138 1126 3196 efficax
1148 3140 1182 3193 ad
1206 3139 1378 3195 medicinam.
1395 3140 1450 3203 Sic,
1466 3140 1587 3211 inquom,
1602 3141 1641 3197 sic

83 3242 96 3283 u
122 3226 247 3283 videlicet
270 3227 343 3297 quod
366 3225 419 3281 etsi
443 3242 523 3299 poeni
537 3229 630 3282 eadem
646 3226 794 3310 videretur,
848 3227 971 3300 singulus
986 3227 1099 3300 quisque
1115 3242 1221 3298 sponsae
1234 3242 1334 3292 sermo,
1351 3235 1378 3282 et
1395 3244 1427 3282 ex
1441 3244 1475 3282 eo
1495 3229 1569 3299 qnod
1581 3246 1643 3285 sus·

86 3314 195 3373 diversa
210 3320 283 3370 esset
302 3314 434 3383 inientfo;
449 3314 497 3368 illo
513 3314 607 3385 utique
617 3314 732 3371 durante
746 3330 794 3371 cor
848 3315 915 3371 riter
936 3324 1026 3381 sonat,
1040 3314 1167 3372 allectum
1183 3315 1300 3384 mulcet;
1316 3327 1342 3370 ei
1365 3315 1399 3372 de
1412 3331 1541 3372 sensuum
1563 3318 1642 3374 uber-

100 3402 260 3474 Dominum,
275 3402 326 3458 isto
345 3402 372 3456 in
388 3402 450 3475 lege
466 3402 572 3460 Domini
589 3403 744 3460 meditante.
848 3410 903 3459 tate
925 3410 1044 3459 mentem
1068 3401 1218 3476 impinguat
1241 3411 1266 3458 et
1283 3403 1380 3468 nutrit,
1401 3412 1429 3458 st
1446 3403 1481 3458 dc
1504 3404 1644 3460 altitudine

91 3488 160 3562 Quae
173 3507 235 3547 cum
256 3491 292 3544 ita
311 3490 376 3556 sini,
392 3506 446 3547 non
461 3502 595 3563 calopus,
610 3500 640 3549 ut
654 3491 718 3558 dixi,
734 3491 792 3549 fru·
847 3492 1045 3564 mystericmm,
1071 3491 1135 3547 dum
1164 3491 1330 3548 intellectum
1357 3506 1413 3563 quo
1441 3493 1502 3564 plus
1524 3505 1642 3549 exercet.

83 3578 170 3637 multa
193 3577 323 3633 adversus
356 3578 479 3635 homines
508 3579 681 3638 stultissimos
713 3587 793 3654 atque
846 3580 906 3652 plus
938 3589 1030 3647 terret,
1059 3580 1129 3637 miro
1157 3581 1236 3636 modo
1266 3590 1397 3636 tumorem
1425 3589 1498 3635 sanat
1527 3580 1644 3635 inflantis

83 3670 223 3729 atissimos
246 3666 356 3725 dicere:
373 3668 474 3726 sufficit
496 3669 645 3727 innotuisse
673 3670 734 3727 illos
764 3679 794 3726 ut
847 3669 975 3727 scientie.
990 3668 1097 3726 Etenim
1119 3667 1142 3723 si
1162 3685 1234 3724 unus
1249 3668 1382 3739 quispiam
1397 3682 1430 3722 ex
1445 3668 1488 3722 his
1502 3668 1581 3739 forte,
1596 3670 1643 3740 qui

83 3774 120 3815 ir.
141 3756 325 3828 Quamobrem
348 3765 378 3813 ut
402 3758 652 3831 deprehendantur,
676 3759 792 3833 cogendi
846 3758 897 3814 sibi
912 3757 988 3814 scioli
1001 3755 1137 3821 ridentur,
1154 3757 1290 3813 curiosius
1311 3771 1371 3811 sese
1389 3754 1495 3812 dederit
1513 3756 1643 3813 scrutinio

83 3844 120 3903 rol
144 3845 262 3917 abjicere
286 3845 410 3920 feminas,
435 3847 478 3904 vel
505 3847 579 3905 exire
602 3848 636 3904 de
658 3846 790 3921 Ecclesia,
846 3848 955 3915 horum,
968 3861 1031 3903 cum
1043 3845 1143 3900 iidem
1158 3842 1262 3916 ingenii
1276 3843 1319 3899 sui
1333 3845 1509 3901 succumbere
1520 3844 1601 3914 vires,
1616 3857 1644 3903 et

83 3954 87 3991 t
102 3935 314 3994 scandalizantes
326 3934 475 3993 Ecclesiam
495 3936 521 3993 iii
543 3918 669 3995 convictu
684 3945 711 3995 ct
724 3953 790 3995 ccu-
845 3934 932 4008 redigi
948 3935 975 3992 iu
989 3933 1172 4005 captivitatem
1188 3946 1296 3987 omnem
1312 3931 1478 3989 intellectum
1497 3950 1641 4006 persense-

83 4022 120 4083 tie
143 4024 315 4081 laminarum.
335 4023 489 4082 Deleudum
521 4026 606 4097 ualde,
631 4027 703 4099 quod
736 4042 790 4082 non
845 4022 889 4096 rit,
904 4039 995 4081 nonne
1013 4021 1171 4079 humiliatus
1185 4022 1219 4075 ad
1246 4022 1320 4078 illam
1339 4036 1433 4078 vocem
1457 4023 1640 4093 compelletur,

105 4113 166 4171 laici
189 4113 333 4186 principes,
349 4115 396 4171 sed
412 4124 439 4170 et
458 4115 579 4188 quidam,
593 4122 622 4170 ut
635 4114 743 4185 dicitur,
758 4120 791 4170 de
844 4124 873 4170 ut
882 4111 969 4170 dicat:
981 4111 1117 4169 Nircliili'i
1127 4112 1207 4182 sactu
1221 4115 1261 4168 est
1273 4112 1394 4169 scientie
1406 4118 1502 4168 luceo
1511 4127 1566 4179 me,
1577 4127 1642 4168 coc·

92 4216 197 4257 uecnon
211 4202 246 4257 de
261 4202 356 4259 ordine
370 4204 574 4276 episcoporum.
586 4200 637 4272 Qui
648 4205 735 4278 magia
744 4219 792 4260 cos
807 4227 831 4306 n
846 4205 956 4275 tortula
966 4203 1050 4269 estet
1059 4215 1118 4258 mom
1124 4197 1443 4272 poterourteemltl’sel.
1454 4202 1641 4269 existunt.)

83 4315 140 4361 mei
166 4312 269 4374 tamen,
297 4307 344 4378 qui
364 4310 441 4379 hauc,
471 4310 549 4381 cujus
570 4310 614 4365 liic
641 4310 795 4367 bernardus
846 4307 980 4382 superiori
1004 4322 1130 4364 sermone
1149 4308 1193 4371 st,
1224 4321 1298 4361 nom.
1329 4307 1355 4371 8,
1377 4304 1422 4359 ubi
1444 4304 1481 4359 ait
1500 4305 1640 4363 hereticos

83 4374 127 4442 nit,
156 4390 256 4459 nempe
284 4378 471 4461 purgationem
505 4397 592 4452 aquic,
627 4381 793 4453 probandam
847 4378 993 4451 capiendos
1016 4394 1087 4461 ease,
1106 4399 1118 4429 c
1134 4392 1189 4432 non
1210 4375 1363 4458 armis,aed
1383 4376 1566 4455 argumentis3
1582 4395 1597 4431 i
1612 4378 1640 4433 id

83 4446 195 4503 oderent
211 4464 219 4501 ε
234 4461 290 4502 imo
303 4466 352 4519 qm
366 4466 394 4503 in
409 4451 478 4506 hauc
492 4452 650 4507 sententiam
663 4453 793 4510 Bemardi
847 4462 899 4518 est,
914 4448 979 4507 aisa
992 4457 1155 4516 contineant,
1167 4462 1219 4502 riec
1232 4448 1300 4502 alios
1313 4447 1469 4501 subvertere
1485 4445 1639 4507 moliantur.

83 4532 108 4574 ia
127 4518 288 4573 auctoritate
307 4522 467 4588 niterentur,
481 4521 564 4589 idque
583 4540 616 4579 ex
638 4524 700 4579 loco
722 4540 794 4595 prai-
847 4522 921 4579 hlias
932 4521 1050 4577 «melius
1064 4521 1160 4590 procul
1175 4517 1259 4572 dubio
1271 4516 1361 4589 gladic
1376 4524 1543 4586 coercentur,
1559 4535 1640 4592 quam

94 4589 194 4647 Verum
207 4589 280 4645 male
293 4589 354 4647 illos
365 4591 536 4663 interpretari
551 4596 635 4648 rerba
649 4595 791 4662 bernardi,
847 4595 876 4650 in
899 4608 978 4648 suum
996 4606 1116 4647 errorem
1140 4587 1242 4644 multos
1266 4587 1390 4657 trajicere
1407 4589 1607 4660 permittantur,
1626 4612 1638 4641 i

83 4659 241 4742 litllelrie,
266 4660 313 4718 lib.
340 4663 473 4733 iv,Disq.
499 4663 643 4737 lestap.
664 4667 737 4747 t,q.
765 4670 792 4734 5,
847 4675 875 4720 ut
889 4665 941 4719 hoc
954 4664 1057 4744 loco...
1249 4729 1284 4740 ..
1403 4729 1448 4741 ..
1491 4730 1496 4740 ι

83 4734 110 4788 t.
125 4730 260 4787 Nimirum
283 4749 336 4788 non
356 4732 454 4805 probat
471 4734 634 4801 Bernartius,
648 4752 725 4805 qussi
744 4737 793 4791 rim.
884 4732 959 4805 (236)
972 4730 1075 4788 Similis
1089 4737 1129 4786 est
1139 4731 1180 4786 ilii
1223 4738 1428 4785 stinisenteutia
1441 4745 1468 4785 iii
1479 4730 1527 4788 lib.
1542 4735 1554 4785 l
1568 4730 1640 4800 Ope-

83 4818 177 4875 meque
199 4802 297 4859 facturn
317 4806 361 4870 sit,
377 4804 510 4876 sedqnod
525 4808 728 4879 sutqoqestum
743 4819 793 4874 esi,
848 4806 885 4861 ris
901 4802 1052 4877 imperfecti
1071 4816 1164 4858 contra
1202 4800 1332 4868 ulisniim,
1347 4800 1433 4857 etlib.
1454 4803 1487 4856 de
1502 4801 1638 4865 Patientia,

83 4881 105 4945 tq
126 4876 235 4944 quando
257 4875 346 4931 adhuc
363 4875 391 4931 iii
410 4876 795 4949 osusshaereaisvigebsthic
848 4893 909 4948 trip.
939 4878 988 4942 l't,
1017 4883 1043 4929 et
1070 4890 1103 4930 ex
1140 4887 1172 4928 eo
1205 4872 1312 4929 concilii
1343 4871 1501 4928 arausicani
1530 4875 1639 4929 secuniti

83 4960 97 4999 s
121 4945 255 5001 examinis
281 4963 327 5001 seu
357 4946 539 5018 probationis,
566 4947 795 5005 dissimulantibus
847 4965 908 5003 ein.
923 4950 982 5005 li:
1008 4944 1228 5002 «Fortitudinem
1244 4942 1390 5000 Gentilium
1409 4945 1543 4998 mundana
1561 4944 1641 5016 cupi·

83 5014 214 5087 stratibus,
228 5031 280 5072 nec
302 5018 334 5071 ad
359 5034 492 5075 canonum
514 5020 711 5076 observantiam
729 5021 795 5076 satis
847 5019 918 5076 ditas
938 5018 1011 5084 facit,
1031 5014 1212 5073 fortitudinem
1232 5014 1443 5070 Christianomm
1459 5014 1508 5068 Dei
1527 5017 1641 5071 charitas

83 5084 155 5141 iniis.
173 5118 208 5128 -
231 5088 289 5144 fluo
309 5104 392 5159 usquc
407 5091 539 5149 llorstius.
554 5090 725 5146 blabillonius
739 5093 796 5147 hec
847 5088 949 5146 facit.»

83 5196 87 5212 .
114 5186 150 5197 -
177 5157 312 5216 ludiciuni
348 5176 426 5232 squae
452 5161 522 5217 adeo
555 5176 608 5216 nou
644 5162 797 5234 improbant
884 5160 961 5233 (ιιι)
975 5158 1012 5215 Ex
1026 5173 1121 5215 eorum
1133 5171 1246 5212 numero
1261 5155 1353 5211 nescio
1367 5170 1398 5208 an
1415 5154 1496 5210 tuerit
1511 5154 1643 5213 ilenricus

83 5242 124 5297 aa,
139 5236 170 5283 ut
183 5228 250 5284 illud
263 5231 393 5312 singular-i
404 5231 517 5302 epistola
538 5233 694 5304 probaverit
713 5232 797 5289 lfinc-
851 5231 922 5288 'fulli
935 5230 1084 5286 Leucomm
1094 5226 1246 5308 episcopus,
1258 5228 1300 5284 coi
1316 5227 1394 5307 lingo
1408 5226 1532 5311 Netcllus
1545 5228 1644 5300 episte-

83 5298 250 5357 ilfemorum
261 5307 373 5359 antistes
382 5308 415 5358 ait
428 5303 616 5376 hildegarium
625 5304 797 5361 lleldcuscm.
854 5303 908 5360 lain
923 5301 1052 5358 ineditam
1068 5299 1200 5363 scribens,
1215 5307 1252 5353 sit
1274 5298 1359 5354 latere
1373 5313 1401 5352 in
1414 5314 1474 5368 epus
1487 5308 1643 5373 episcopatu

83 5368 175 5429 ttionis
189 5373 271 5443 hujiis
281 5373 386 5430 forman
400 5373 486 5430 habea
500 5374 528 5430 iti
543 5375 639 5433 tomel
651 5374 799 5434 humecto-
857 5395 868 5426 ι
885 5372 1044 5447 pestilentes
1066 5369 1201 5437 homines,
1226 5369 1274 5442 qui
1297 5367 1455 5442 eonjugium
1468 5371 1646 5433 detestantur,

83 5442 247 5511 nostrorum,
260 5444 307 5501 ubi
321 5445 356 5500 ab
369 5443 531 5520 Eugenioll
552 5445 673 5504 instituta
691 5445 799 5504 dicitur.
853 5446 1021 5519 baptismum
1035 5440 1233 5510 abominantur,
1249 5440 1421 5498 Sacramenta
1433 5440 1563 5500 Ecclesia
1576 5442 1648 5500 deri·

83 5513 118 5588 b)
125 5514 211 5573 Nullo
225 5516 309 5574 modo
322 5516 375 5573 sibi
389 5516 544 5576 contrarius
556 5528 598 5577 est
610 5518 761 5579 mmsidus
774 5516 802 5575 iii
854 5517 931 5572 deut.
947 5534 962 5570 s
