3734 5948
181 184 235 242 fid

656 183 683 240 S.
704 180 871 241 hsshhxhhf
889 180 1026 240 hhhhfts
1044 174 1358 239 math-vrttthsts
1790 170 1836 233 ‘tit

180 309 257 365 lutio.
288 308 495 364 Probamcntum
521 306 683 372 dilectionis,
712 307 756 378 pia
798 321 890 377 mors;
920 307 985 377 quia
1000 321 1024 399 Α
1038 304 1180 362 confrrmet
1195 323 1202 369 ;
1217 301 1279 373 quia
1293 276 1424 357 exhibitio
1452 298 1543 369 operis
1557 296 1686 370 probatio
1704 304 1750 352 est
1772 282 1835 355 uti

182 399 312 468 majorem
332 396 486 453 chartiateru
508 410 590 452 nemo
615 395 705 464 habet,
721 412 801 467 quam
815 403 845 452 ut
859 395 976 450 enimam
1039 394 1144 449 ctioais.
1679 401 1683 407 ’

179 503 253 542 suam
277 493 358 555 ponat
376 485 437 557 quis
459 499 510 556 pro
529 483 625 541 amicis
651 486 708 541 suis
731 484 823 555 (locu.
849 500 895 553 xv,
923 483 976 555 ts).

180 576 380 631 Sacramentum
408 571 604 645 redemptionis
629 573 761 645 triplicem
784 573 903 630 ostendit
927 587 977 643 po-

180 664 290 718 tentiam
313 662 428 717 Deitatis
454 678 461 713 ε
484 661 589 718 scilicet
606 660 641 717 de
666 661 749 720 nihilo
773 659 876 731 aliquid
902 659 976 721 fecit,

180 751 357 806 inveteratum
372 750 520 816 innovavit,
536 751 686 822 temporale
701 749 882 822 perpetuavit.

465 864 579 921 stulto
605 865 694 921 CXX.

406 964 446 1018 De
461 963 570 1035 triplici
583 962 752 1032 mirristerpo.

216 1049 392 1108 idinistcrium
423 1050 609 1105 ministrorum
647 1048 746 1106 Christi
775 1047 871 1119 triplex
899 1055 941 1103 est
970 1066 977 1101 :

180 1138 327 1208 servitutis,
345 1137 494 1207 charitatis,
519 1138 669 1212 dignitatis.
694 1137 869 1194 llinistrrium
893 1138 979 1192 servi·

179 1229 253 1298 tutis,
269 1229 391 1299 corporis
412 1229 555 1301 castigatio
581 1245 587 1281 :
614 1228 763 1294 charitatis,
779 1228 877 1284 mentis
897 1230 978 1286 dcvo·

180 1318 233 1382 tio;
249 1315 397 1389 dignitatis,
414 1316 537 1388 corporis
549 1316 646 1373 Christi
667 1315 842 1373 consecratio.
859 1316 976 1373 Primum

179 1406 210 1459 fit
224 1406 251 1461 in
276 1404 433 1472 afflictione,
449 1405 597 1460 secundum
613 1403 640 1458 iu
660 1404 804 1475 hilaritate,
822 1404 927 1459 tertium
951 1404 977 1458 in

180 1493 338 1549 humilitate.
361 1493 479 1548 Primum
502 1502 543 1549 est
563 1491 722 1549 sacrificium
748 1491 862 1557 timoris,
878 1508 977 1548 secun·

178 1581 244 1637 dum
258 1582 368 1649 amoris,
385 1581 490 1636 tertium
505 1579 602 1636 laudis.

460 1695 580 1751 SERth
598 1693 696 1750 CXXI.

313 1795 351 1849 he
370 1794 499 1851 doctriua
519 1796 628 1851 timoris
642 1797 670 1851 et
684 1795 843 1854 cbomtctis.

213 1900 242 1953 ln
258 1898 351 1955 schola
373 1898 472 1955 Christi
494 1915 600 1965 sumus,
614 1899 645 1953 in
658 1915 710 1971 qua
732 1899 833 1971 duplici
853 1899 976 1956 doctrina

176 1984 332 2056 erudimur3
349 1985 413 2057 qnia
426 1984 501 2042 aliud
522 2001 573 2057 per
598 1986 717 2057 scipsum
746 1986 791 2042 ifle
804 2003 877 2044 unus
888 1993 914 2042 et
929 2002 975 2042 ve-

1308 477 1425 535 SERth
1449 476 1561 531 cxxii.

1124 572 1164 627 fic
1177 568 1285 642 duplici
1299 569 1368 625 vitio
1378 564 1578 639 pejuro-cutibus
1598 563 1744 621 timcnda-
1821 566 1835 589 ·’

1073 661 1109 714 f'u
1124 663 1222 715 cutem
1238 674 1304 713 cum
1308 656 1497 729 jejunaveris,
1510 669 1585 726 uape
1600 656 1692 725 caput
1709 654 1834 723 tumst

1032 749 1135 818 sociem
1151 751 1230 802 trram
1247 747 1310 803 lava
1331 743 1443 816 lldottlr.
1460 758 1497 813 vr,
1519 742 1573 813 rt).
1590 740 1649 798 bloc
1661 748 1759 797 antem
1774 740 1834 797 dixit

1032 836 1164 891 Dominus
1180 841 1290 905 propter
1305 833 1406 905 duplex
1420 831 1524 899 vitium,
1544 845 1624 885 vanae
1641 828 1745 903 gloriae
1766 828 1833 887 scili·

1033 934 1075 982 cet
1089 932 1116 981 et
1127 921 1309 993 impatientiae,
1323 920 1396 994 quod
1414 919 1649 990 soletjejuuantes
1660 918 1832 975 subvertes

1032 1015 1083 1067 Per
1102 1013 1154 1069 hoc
1177 1011 1248 1083 quod
1263 1011 1340 1080 jubet
1363 1009 1456 1065 faciem
1484 1008 1583 1076 ferare,
1603 1006 1737 1078 praecipit
1762 1004 1835 1063 nobis

1033 1100 1207 1156 intentionem
1235 1113 1332 1169 puram
1347 1111 1473 1165 serrare,
1491 1095 1556 1167 quia
1570 1094 1641 1151 sicut
1665 1093 1757 1151 decor
1776 1108 1833 1151 care

1034 1188 1115 1259 poris,
1129 1189 1157 1243 in
1176 1188 1255 1251 facie,
1278 1186 1315 1241 ita
1336 1185 1419 1241 decor
1441 1184 1524 1239 totius
1550 1181 1722 1254 operationis
1744 1182 1834 1239 sutus

1032 1276 1156 1333 consistit
1171 1278 1198 1332 in
1213 1274 1371 1332 intentione.
1400 1274 1452 1330 Per
1467 1271 1620 1330 unctionem
1639 1271 1761 1344 eapitis,
1786 1286 1836 1345 qn

1033 1367 1105 1439 quod
1124 1381 1248 1437 asperum
1263 1371 1320 1421 crat
1343 1363 1459 1429 lenitur,
1489 1360 1612 1433 praecipit
1632 1361 1721 1418 nobis
1744 1360 1835 1419 lenib-

1033 1465 1087 1510 tem
1100 1455 1199 1511 mentis
1220 1454 1246 1509 in
1259 1452 1370 1524 jejunio
1394 1458 1500 1508 tenore.
1515 1451 1585 1506 Pura
1598 1451 1651 1508 erit
1665 1450 1833 1517 intentimi

1031 1546 1057 1598 iu
1073 1543 1147 1600 omni
1161 1543 1266 1599 actione
1284 1538 1398 1599 ¹288
1411 1548 1503 1597 nostra
1513 1548 1560 1595 aut
1574 1541 1712 1597 honorem
1721 1539 1782 1606 nsi,
1791 1548 1832 1597 ant

992 1596 1015 1673 Β
1030 1631 1173 1688 utilitatem
1186 1631 1313 1702 proximi,
1328 1641 1373 1686 aut
1387 1629 1487 1685 bonam
1500 1628 1699 1685 conscientiam
1715 1637 1831 1685 nostru

1031 1735 1196 1791 queramus.

1294 1806 1411 1864 SERbe
1439 1805 1564 1861 cxxhr.

1307 1898 1345 1951 lto
1360 1897 1419 1952 aito
1429 1895 1558 1966 spiritus.

1066 1988 1176 2060 Spiritu
1184 1986 1340 2051 ambulate,
1351 1990 1379 2040 et
1387 1983 1528 2042 desiderio
1535 1982 1632 2040 onmis
1640 1984 1827 2057 uesper-peu

178 2089 224 2128 rus
242 2073 369 2145 magister
388 2073 478 2142 docet,
493 2072 565 2128 aliud
586 2088 634 2144 per
652 2072 803 2130 ministros.
820 2073 870 2130 Per
891 2073 973 2130 mini·
1031 2077 1172 2145 prematur
1184 2076 1273 2143 vdit).
1284 2074 1351 2130 Sunt
1364 2070 1824 2145 quicarnesmhulant,quiornnn

174 2169 256 2231 siros,
283 2161 425 2232 timorem3
450 2176 500 2232 per
526 2161 656 2231 seipsum,
682 2159 864 2219 dilectionem.
895 2160 973 2216 Unde
1027 2164 1236 2221 sollicitudinem
1263 2165 1290 2217 in
1309 2162 1362 2218 hoc
1382 2168 1505 2233 ponunt,
1527 2158 1668 2232 quomodo
1691 2158 1828 2218 moieu'n

176 2249 319 2306 deficiente
334 2251 397 2306 rino
415 2250 538 2321 precipit
562 2249 703 2308 ministros
728 2251 840 2321 implere
864 2250 973 2321 hydrias
1026 2254 1116 2309 carnis
1130 2253 1241 2309 evitent.
1258 2251 1291 2306 ili
1311 2262 1384 2317 sunt,
1400 2249 1448 2323 qui
1475 2249 1540 2307 licet
1561 2248 1677 2307 virtutes
1701 2248 1822 2323 probent,

178 2353 250 2410 aqua
263 2336 354 2409 (locu.
370 2352 401 2407 n,
416 2338 445 2409 7)
461 2355 468 2391 ε
484 2345 513 2393 et
530 2337 618 2395 adhuc
631 2339 751 2410 quotidie
777 2338 972 2411 refrigescente
1026 2350 1114 2397 tamen
1129 2341 1193 2397 dum
1210 2339 1347 2395 molestias
1364 2338 1454 2395 caruis
1467 2337 1578 2393 omnino
1594 2336 1702 2395 evitare
1723 2336 1821 2405 votui

177 2426 320 2493 charitate,
344 2425 458 2481 ministri
485 2425 584 2481 Christi
612 2425 728 2498 implent
754 2427 864 2498 hydrias
891 2443 970 2500 aqua,
1025 2428 1251 2501 concupiscentiis
1265 2428 1324 2496 ejus
1352 2427 1444 2499 pravis
1463 2435 1585 2497 nequent
1598 2425 1740 2483 resistcre.
1752 2424 1822 2481 'fufi-

175 2513 205 2569 id
220 2523 261 2569 est
276 2520 380 2569 mentes
394 2513 534 2568 hominum
549 2513 656 2570 timore.
671 2515 705 2569 Et
719 2514 789 2570 bene
803 2530 852 2584 per
874 2531 970 2587 aquarn
1026 2519 1076 2574 bus
1090 2517 1155 2575 dicit
1169 2518 1313 2589 Apostolus
1330 2532 1337 2573 :
1355 2516 1465 2590 Spiritu
1477 2514 1646 2573 ambulate:
1665 2514 1695 2572 td
1712 2520 1755 2571 est
1766 2512 1821 2571 sai·

176 2601 259 2657 timor
272 2599 444 2672 intelligitur3
460 2600 521 2672 quia
544 2600 613 2655 sieut
630 2616 699 2673 aqna
722 2603 826 2672 ignem,
841 2601 878 2657 ita
894 2602 971 2660 timor
1025 2605 1190 2663 licitudinem
1210 2612 1337 2670 vestram,
1353 2602 1491 2675 quomodo
1506 2600 1646 2659 molestias
1660 2601 1753 2659 carnis
1761 2600 1818 2659 eri·

174 2688 323 2761 exstinguit
346 2686 502 2754 libidinem3
523 2696 550 2744 et
572 2690 641 2746 sicut
663 2705 732 2760 aqua
756 2691 850 2746 sordes
870 2706 970 2762 corpo-
1026 2695 1097 2760 tetis,
1127 2694 1264 2764 deponite.
1293 2693 1323 2746 lu
1347 2693 1398 2747 hac
1428 2690 1481 2747 vita
1509 2690 1620 2761 spiritus
1637 2690 1694 2747 dno
1720 2690 1820 2763 gratias

174 2794 245 2846 rum,
260 2778 299 2834 ita
318 2777 399 2833 timor
411 2779 505 2834 sordes
519 2787 618 2850 purgat
633 2778 796 2839 animorum.
809 2781 971 2855 lmploamus
1024 2791 1099 2849 sunt,
1114 2782 1250 2852 superior,
1266 2781 1294 2837 et
1307 2777 1431 2836 inferior.
1447 2779 1477 2833 in
1492 2777 1615 2835 inferiori
1628 2780 1719 2852 gradu
1742 2779 1820 2837 homa

172 2881 239 2939 ergo
255 2882 326 2938 aqua
346 2865 396 2921 ista
411 2865 533 2937 hydrias,
549 2866 575 2920 id
589 2877 630 2923 est
642 2876 748 2925 mentes
770 2879 893 2938 nostras;
909 2871 971 2943 quia
986 2870 1008 2949 c
1024 2871 1051 2926 in
1066 2887 1115 2929 suo
1141 2870 1240 2943 spiritu
1254 2867 1389 2937 ambulat,
1417 2868 1445 2921 in
1459 2866 1593 2937 superiori
1606 2867 1697 2940 gradu
1709 2866 1738 2923 iu
1764 2867 1820 2938 spi·

172 2956 219 3028 qui
243 2956 329 3021 timet,
352 2954 419 3010 nihil
438 2956 570 3030 negligit;
595 2965 622 3012 et
640 2956 708 3012 bene
733 2959 827 3028 plenus
851 2970 901 3024 ost,
927 2960 971 3014 uhi
1025 2961 1075 3015 ritu
1092 2958 1152 3016 Dei.
1169 2960 1197 3013 fu
1213 2957 1333 3013 inferiori
1347 2955 1435 3027 gradu
1451 2955 1568 3011 ambulat
1590 2955 1687 3027 homo,
1711 2954 1820 3027 qnando

172 3043 342 3118 negligentia
354 3044 451 3101 cadere
465 3059 518 3101 non
531 3051 633 3115 potest.
649 3045 702 3101 Sed
725 3046 790 3117 quia
814 3063 883 3120 aqua
904 3064 970 3120 gra·

174 3139 228 3203 vat,
245 3132 328 3189 idest
342 3133 422 3189 timor
436 3148 544 3204 poenam
560 3133 660 3203 hahet;
676 3135 860 3193 accedendum
876 3144 918 3193 est
937 3139 970 3192 ad

172 3235 236 3275 eum
251 3220 346 3293 quide
365 3236 437 3292 aque
457 3219 548 3276 vinum
574 3219 647 3290 facit,
670 3221 697 3277 id
722 3233 763 3279 est
778 3223 900 3281 timorem
915 3242 970 3295 poe

173 3307 263 3366 nalem
285 3309 312 3362 in
335 3323 455 3364 amorem
480 3311 613 3366 convertit
638 3325 644 3363 :
665 3318 695 3365 ut
718 3312 811 3368 audire
833 3315 969 3385 possimus

174 3396 249 3468 quod
264 3396 324 3466 ipse
338 3395 372 3451 de
387 3396 534 3451 dilectione
556 3398 642 3454 docot.
659 3398 733 3454 Dicit
746 3399 816 3454 enirn
836 3420 842 3454 :
860 3404 913 3459 floc
927 3407 969 3459 est

172 3483 965 3560 proeceptummcurrr,utdilipotisirruiccmflcou.xv,12):

174 3573 252 3647 quasi
275 3574 400 3630 diceret:
424 3573 508 3630 llnfta
528 3589 576 3645 per
597 3574 734 3632 ministros
757 3577 894 3648 praecipio,
920 3580 965 3635 sed

173 3666 223 3722 hoc
242 3663 392 3734 specialiter
409 3678 460 3736 per
474 3663 608 3735 meipsum
631 3665 802 3721 commendo.
821 3666 855 3721 Et
874 3667 936 3722 afihi
959 3687 965 3722 :

1026 3064 1149 3106 reversus
1162 3046 1195 3101 ad
1210 3061 1268 3113 cor,
1279 3046 1352 3101 circa
1369 3042 1529 3100 affectiones
1547 3057 1613 3101 suas
1625 3041 1770 3113 sollidtns,
1792 3042 1821 3099 ia

1025 3153 1055 3195 se
1069 3135 1242 3209 reprehendit
1257 3134 1330 3203 quod
1345 3133 1433 3189 virtuti
1450 3130 1626 3189 contriarinm
1647 3146 1712 3189 csse
1723 3144 1822 3205 mgna·

1024 3226 1082 3281 scit.
1100 3226 1130 3280 fn
1153 3225 1205 3279 hoc
1218 3221 1305 3297 gradu
1327 3220 1490 3278 sacrificium
1503 3219 1561 3276 Deo
1575 3218 1751 3277 contribulati
1764 3217 1820 3291 spi·

1025 3314 1094 3370 ritus
1109 3320 1137 3368 et
1156 3311 1250 3369 cordis
1264 3309 1408 3366 humilitati
1423 3324 1471 3380 per
1485 3305 1819 3379 compunctionsmoffert.

1022 3403 1061 3456 Dc
1087 3404 1139 3457 hoc
1164 3399 1250 3472 gradu
1281 3398 1315 3453 ad
1344 3398 1515 3468 superiorem
1545 3394 1699 3467 mens,
1722 3393 1821 3468 incipit

1023 3489 1141 3561 cogitare
1162 3487 1291 3545 beneficia
1312 3486 1383 3542 ilci:
1408 3492 1436 3541 et
1450 3501 1599 3544 conversus
1624 3483 1658 3541 sd
1671 3484 1819 3557 vatim

1022 3578 1154 3643 actiones,
1167 3576 1249 3632 offert
1263 3577 1321 3631 Deo
1337 3591 1386 3647 per
1399 3574 1571 3632 devotionern
1584 3570 1750 3631 sacrificium
1762 3573 1819 3629 lau-

1022 3668 1075 3722 dis.
1092 3668 1122 3723 lu
1132 3675 1253 3736 utroquo
1263 3664 1350 3737 gradu
1360 3662 1433 3720 videt
1441 3663 1577 3721 Christum
1588 3661 1636 3721 :in
1648 3661 1751 3734 primo,
1760 3676 1816 3718 cru

172 3756 205 3809 lu
221 3753 270 3811 hoc
283 3757 449 3823 copuosceut
460 3768 556 3811 omues
567 3754 632 3826 puio
642 3756 698 3811 rrrei
711 3755 778 3812 estis
793 3756 967 3827 ‹lhotpulisi
1020 3756 1149 3824 cifixum;
1165 3756 1192 3809 in
1206 3753 1335 3821 seeundo,
1346 3752 1431 3825 gloria
1446 3752 1590 3809 ethonore
1599 3758 1769 3808 commum.
1788 3750 1816 3805 hx

171 3842 350 3897 dilectionem
365 3840 520 3899 habueritis
534 3842 703 3901 adinvicem
718 3842 810 3915 (loon.
831 3858 893 3913 xnr,
908 3846 963 3913 st).
1020 3845 1107 3915 primo
1118 3852 1176 3898 erat
1192 3842 1282 3906 isaias,
1293 3838 1400 3911 quaudo
1414 3840 1497 3896 dixit:
1513 3842 1550 3897 Et
1561 3838 1691 3897 uidimus
1699 3840 1815 3905 curm

172 3929 207 3984 Ut
221 3942 286 3998 ergo
300 3928 422 3983 ueritatis
436 3944 487 3984 nos
498 3930 645 4000 discipulos
668 3947 728 3988 esse
753 3932 910 4005 probemus,
924 3932 964 3987 di·
1018 3949 1076 3989 uorr
1091 3938 1152 3989 erat
1166 3933 1193 3988 ei
1208 3930 1312 4002 species
1327 3945 1419 4001 ireque
1433 3929 1516 3985 deum
1530 3928 1598 3997 (fro.
1610 3942 1671 3996 anx,
1681 3928 1722 4001 2).
1732 3928 1817 3984 fnu-

169 4016 289 4089 figamus
304 4015 429 4075 invicem.
445 4017 478 4072 Et
490 4015 517 4071 in
535 4017 586 4074 hac
605 4019 748 4076 dilectione
774 4021 868 4090 triplici
892 4021 962 4076 solli·
1016 4022 1104 4077 cundo
1120 4031 1188 4088 erat,
1204 4018 1314 4090 quando
1328 4018 1409 4074 dixit:
1434 4017 1494 4075 Vidi
1507 4018 1663 4075 Dominum
1676 4016 1818 4074 oedentn

170 4105 288 4163 citudiue
302 4104 464 4177 vigilemus3
487 4104 550 4178 quia
569 4107 640 4162 Deus
659 4109 774 4163 charitas
787 4119 827 4165 est
840 4110 868 4178 [f
878 4110 960 4167 locu.
980 4141 1003 4217 ὓ
1018 4125 1103 4183 super
1112 4109 1217 4167 solium
1232 4105 1455 4177 excelsumflsc.
1471 4121 1508 4173 vr,
1524 4103 1561 4175 f).
1577 4104 1613 4161 Et
1626 4104 1817 4178 notaquodin
1857 4124 1861 4187 l

168 4210 209 4262 ιν,
226 4199 263 4265 8).
279 4195 313 4250 Et
326 4209 435 4250 omnem
458 4192 667 4251 sollicitudinem
691 4203 812 4254 nostram
834 4196 872 4251 iili
885 4198 964 4253 deho-
1018 4199 1105 4270 primo
1120 4197 1197 4265 dixit,
1222 4196 1365 4262 Vidimus,·
1381 4194 1407 4249 in
1421 4193 1549 4255 secundo.
1569 4194 1638 4259 l'tdi,
1662 4193 1729 4267 quia
1751 4192 1816 4251 illud
1859 4190 1861 4253 ἶ

166 4300 228 4341 mus
244 4302 250 4341 :
266 4282 294 4338 id
317 4290 369 4352 est,
389 4293 417 4338 ut
440 4289 575 4350 nascatur,
599 4293 628 4339 ut
650 4290 761 4351 crescat,
778 4288 806 4342 ut
828 4296 961 4342 serretur.
1019 4286 1165 4342 multorum
1185 4293 1234 4351 est,
1261 4283 1286 4338 ei
1306 4286 1500 4355 peccatorum
1520 4280 1591 4337 istud
1614 4290 1833 4352 passaranum·

166 4371 289 4429 Nascitur
300 4370 324 4426 si
340 4370 473 4427 cibaveris
488 4370 635 4439 inimicum,
652 4372 675 4429 si
689 4380 784 4445 potum
798 4374 904 4430 dederis
919 4376 960 4431 ei:
1018 4375 1105 4430 solius
1120 4374 1268 4445 prophete.
1289 4371 1367 4427 Unde
1379 4370 1545 4443 Apostolus:
1562 4371 1606 4426 fic
1615 4374 1705 4443 porte
1715 4386 1817 4444 eogere·

164 4461 229 4533 quia
252 4460 303 4515 hoc
332 4458 436 4517 faciens
463 4460 596 4516 carbones
626 4460 696 4534 ignis
723 4476 855 4532 congeres
882 4479 963 4534 super
1016 4463 1122 4518 scimus
1141 4459 1288 4529 Christum,
1304 4467 1331 4515 et
1360 4460 1432 4516 hunc
1464 4456 1640 4515 crucifixum:
1674 4472 1714 4517 ca·
1736 4464 1818 4535 porte
1859 4478 1861 4483 ·

163 4557 244 4622 caput
260 4550 319 4618 eius
333 4550 422 4619 (horu
438 4563 487 4617 ιιι,
499 4548 557 4619 20).
568 4549 704 4605 Carbones
717 4549 790 4622 iguis
804 4565 885 4620 opera
898 4560 962 4608 sunt
1015 4548 1219 4623 prophetamus
1236 4549 1262 4617 (l
1278 4549 1338 4605 Cor.
1358 4561 1421 4612 xrn,
1437 4549 1463 4613 9,
1480 4546 1544 4617 12);
1559 4544 1623 4615 quia
1633 4545 1764 4603 nondum
1776 4545 1816 4605 si·

163 4638 321 4696 charitatis:
349 4652 410 4709 quae
432 4645 617 4708 congeruntur
638 4655 721 4709 super
739 4639 890 4712 diabolum,
914 4638 959 4712 qui
1014 4637 1111 4692 demus
1124 4635 1204 4690 sicuti
1218 4645 1268 4690 est.
1285 4636 1395 4693 Scimus
1409 4636 1486 4692 euim
1501 4633 1635 4704 quonium
1649 4649 1817 4709 mmanu-

162 4738 203 4784 est
218 4735 297 4796 caput
310 4725 432 4780 omnium
447 4724 600 4797 iniquorum
613 4746 621 4795 3
638 4737 668 4784 ut
688 4727 775 4785 ablato
789 4744 821 4784 eo
837 4741 961 4786 nascatur
1016 4726 1116 4791 ruerit,
1129 4724 1239 4781 siarilcs
1249 4726 1276 4781 ei
1287 4726 1404 4795 crimus,
1416 4721 1831 4795 quiuutdcbimuscumsr'csfi'
1859 4736 1861 4807 4

161 4813 394 4882 eiscaputDeus,
410 4814 455 4884 qui
478 4814 594 4871 charitas
617 4828 667 4872 est.
683 4817 797 4885 Crescit,
819 4818 841 4872 si
861 4834 956 4873 neees—
1013 4813 1264 4881 celtiberum,
1285 4810 1814 4884 2).tliditf‘ropheta,sedocufoprs-
1859 4814 1861 4821 '

161 4901 267 4956 nitatem
301 4902 411 4972 patienti
444 4902 618 4970 subveneris,
650 4903 672 4957 si
702 4903 800 4959 volenti
837 4913 958 4962 mutuare
1012 4903 1131 4973 plretico,
1144 4902 1288 4958 hominum
1301 4901 1440 4956 sedentem
1455 4914 1539 4971 supor
1548 4899 1649 4955 solium
1658 4900 1813 4979 excelsum,
1834 4892 1861 4973 4

161 4989 329 5059 praestiteris,
349 4992 371 5045 si
386 4991 472 5048 arnico
487 4991 606 5047 animum
626 4998 700 5047 tuum
724 4993 870 5063 aperueris.
891 4993 955 5049 Ser·
1011 4989 1108 5057 idest,
1131 5006 1214 5060 super
1241 4989 1394 5062 angelicam
1409 4998 1575 5057 creaturam,
1605 4998 1634 5045 st
1662 4989 1811 5049 elevatum.
1835 4979 1861 4993 ”

163 5084 251 5144 vatur,
271 5077 294 5131 si
318 5078 452 5149 loquendo
475 5080 517 5135 vel
536 5079 687 5137 exhibendo
709 5080 788 5137 etiam
812 5098 874 5154 quau
900 5099 954 5139 nou
1010 5079 1037 5133 id
1057 5088 1108 5146 est,
1130 5095 1214 5151 supra
1246 5079 1390 5135 humanam
1416 5078 1504 5150 :quia
1528 5078 1586 5148 ipse
1613 5077 1812 5138 suscitabitde
1858 5100 1861 5181 p

159 5163 284 5221 videntur
306 5168 468 5237 necessaria,
489 5171 639 5227 amicorum
658 5172 788 5226 voluntati
812 5171 952 5229 satisfece-
1008 5169 1120 5237 prtlvcre
1142 5184 1272 5244 egenum,
1287 5177 1314 5224 et
1337 5169 1370 5223 de
1393 5176 1510 5224 stercore
1536 5166 1624 5238 eriget
1649 5182 1809 5241 pauperem,
1859 5190 1861 5195 ·

159 5250 208 5311 ris.
235 5252 361 5313 Servatur
379 5257 460 5312 etiam
482 5270 509 5314 et
531 5269 648 5332 augetur
672 5259 745 5317 bono
770 5261 854 5327 vultu,
879 5261 951 5318 dulei
1008 5265 1037 5311 ut
1058 5256 1152 5313 audeat
1167 5272 1228 5312 eum
1244 5255 1423 5329 principibus,
1439 5264 1467 5311 et
1479 5253 1576 5311 solium
1592 5254 1696 5327 glorias
1709 5264 1809 5315 ιιιιω-
1859 5260 1861 5305 ἱ

158 5353 294 5412 sermone,
317 5341 394 5397 hilari
417 5347 596 5413 operatione:
623 5357 653 5403 ut
675 5349 842 5415 charitatem,
868 5365 949 5419 quam
1004 5348 1039 5401 Et
1052 5346 1139 5417 pleno
1161 5351 1223 5404 erat
1238 5347 1330 5402 amaia
1345 5345 1809 5417 terramajeuauejus(1raarr,

156 5428 247 5487 vultus
270 5440 297 5488 et
325 5446 414 5489 sernro
437 5430 565 5503 indicant,
591 5436 634 5506 pia
661 5446 688 5491 et
716 5437 804 5492 hilaris
829 5437 950 5508 operatio
1006 5434 1046 5505 3).
1059 5434 1156 5490 Omnis
1173 5442 1255 5502 terra,
1272 5434 1324 5489 hoc
1339 5442 1391 5502 ost,
1408 5433 1499 5490 omniu
1515 5432 1671 5491 electorum
1685 5450 1809 5509 eorpon,
