3734 5948
182 195 235 248 299

547 186 550 191 “
647 186 675 243 S.
690 184 868 244 suadeant
882 184 1024 242 lausus
1037 184 1377 243 ctuuAE-vsuutttvsts

1781 192 1834 247 300

180 316 214 370 ad
231 332 274 371 me
289 315 364 371 venit
378 312 490 369 amicus.
508 311 589 367 Venit
599 311 633 366 de
644 311 756 384 regione
766 310 922 382 longinqua,
933 310 979 365 ubi
996 326 1019 404 Δ
1037 319 1093 365 tres
1119 326 1211 381 panes,
1241 311 1374 381 veritatis,
1397 311 1550 377 Clraritatis,
1585 313 1759 369 fortitudinis.
1787 315 1836 371 llis

182 421 294 474 pascere
323 418 430 475 porcos,
459 408 487 454 et
510 398 631 471 ipsorum
655 400 765 470 siliquas
793 398 979 455 insatiabiliter

181 495 286 549 esurire
315 492 430 547 solebat.
447 491 530 545 Venit
562 489 632 545 lame
668 488 806 552 laborans,
840 487 980 543 conlectus

181 582 280 647 inedia,
306 587 462 636 attenuatus
488 579 603 649 jejunio.
632 578 709 633 ltenit
741 592 853 632 necesse
876 575 980 631 babens

180 671 303 725 invenire
329 669 458 737 amicum,
482 668 542 732 sed,
567 667 619 720 lieu
638 665 699 719 mel
723 680 869 736 pauperem
898 665 981 736 clegit

184 757 328 829 hospitem,
354 765 382 812 et
396 772 508 813 vacuum
529 754 680 826 ingreditur
703 752 893 808 babitaculum.
910 751 981 822 Quid

185 846 282 903 laciam
308 846 371 902 lruic
397 847 483 900 amieo
499 844 597 900 misero
620 848 647 898 el
674 842 839 901 miserabili?
864 841 981 897 Omnino

185 935 257 991 enim
272 950 326 990 non
346 935 432 989 liabeo
455 932 527 1005 quod
542 946 640 1002 ponam
669 940 733 987 ante
759 929 843 986 illum.
872 931 980 995 Fateor,

186 1025 288 1080 amicus
299 1031 350 1088 est,
370 1022 419 1077 scd
435 1036 487 1094 ego
506 1021 656 1078 mendicus.
672 1020 742 1089 Quid
758 1021 852 1076 venisti
876 1019 909 1075 ad
930 1035 983 1084 me,

185 1112 281 1175 amice,
302 1112 328 1165 in
347 1110 510 1166 necessitate
531 1110 630 1165 tanta?
646 1111 702 1180 Ego
718 1124 777 1164 sum
793 1109 943 1177 mendicus,
955 1113 983 1163 ct

186 1205 298 1256 nonest
326 1200 352 1255 in
380 1198 639 1269 domomeapanis.
656 1197 771 1259 Festina,
802 1197 899 1270 iuquit,
925 1197 982 1250 dis·

186 1305 276 1357 curre,
305 1288 405 1344 suscita
438 1287 554 1342 amicum
578 1286 740 1342 tuumillum
764 1301 902 1357 inagnum,
928 1301 982 1356 quo

187 1381 319 1450 majorem
334 1376 506 1432 dilectionem
526 1392 607 1432 nemo
631 1376 723 1443 habet,
747 1376 794 1430 scd
816 1391 905 1447 neque
920 1375 984 1429 snb-

186 1468 313 1524 stantiam
328 1465 495 1536 ampliorem.
511 1462 619 1531 Quaere,
635 1464 809 1536 pete,pulsa;
821 1463 986 1536 quiaemrris

188 1557 236 1627 qui
247 1555 350 1629 querit
365 1556 483 1621 inuenit,
494 1557 521 1610 ei
540 1555 588 1625 qui
604 1554 675 1624 petit
692 1552 806 1622 scalpit,
817 1555 845 1608 et
858 1550 987 1622 pulsanti

1036 399 1121 454 tribus
1136 415 1218 473 egere
1233 416 1277 454 mc
1293 399 1388 467 fateor,
1400 402 1526 457 veniente
1535 402 1569 455 ad
1580 419 1624 457 me
1635 403 1721 457 amico
1731 403 1768 457 de
1779 405 1831 470 via,

1034 489 1161 543 veniente
1182 496 1283 556 autem,
1307 496 1337 544 ut
1355 488 1431 553 dixit,
1458 506 1518 545 curn
1534 506 1618 546 uxore
1639 498 1667 546 et
1686 493 1835 564 mancipio.

1034 577 1132 633 Delicit
1155 577 1255 649 quippe
1280 577 1347 632 maio
1371 594 1431 634 mea
1444 579 1514 650 (ipse
1538 588 1580 634 cst
1595 581 1668 635 enim
1695 581 1747 650 vir)
1780 599 1838 653 prae

1035 664 1186 733 ignorantia
1202 664 1336 733 veritatis3
1353 665 1465 740 languet
1479 675 1507 724 et
1520 668 1644 725 voluntas
1667 687 1725 741 prae
1746 670 1838 726 inedia

1035 751 1203 818 allectionis3
1227 753 1378 812 infirmatur
1397 771 1461 812 caro
1475 773 1532 828 prae
1547 758 1637 829 inopia
1660 758 1837 817 fortitudinis.

1035 842 1102 895 Nam
1126 854 1154 898 et
1174 842 1242 898 ratio
1256 845 1349 901 minus
1362 844 1486 918 iutelligit
1500 864 1561 918 qua·
1578 847 1685 918 agenda
1709 857 1784 917 suut,
1810 857 1837 904 et

1035 931 1159 987 voluntas
1183 931 1272 986 minus
1287 933 1373 1008 diligit
1395 934 1541 997 intellecta,
1567 943 1595 990 et
1619 937 1653 990 ad
1671 938 1730 992 haec
1756 937 1839 994 etiam

1036 1034 1133 1088 corpus
1147 1018 1219 1090 quod
1233 1021 1425 1092 corrumpitur,
1439 1031 1571 1095 aggravat
1584 1025 1712 1093 animam,
1729 1032 1760 1080 ut
1779 1042 1835 1082 non

1038 1123 1207 1179 quaecunque
1222 1110 1355 1176 volumus,
1376 1111 1420 1165 illa
1430 1111 1569 1168 iaciamus.
1582 1113 1661 1168 Aruit
1671 1128 1719 1169 cor
1729 1129 1832 1181 meum,

1038 1196 1118 1250 etiam
1132 1203 1160 1251 et
1174 1213 1274 1269 corpus
1288 1215 1390 1268 meum,
1406 1201 1468 1271 quia
1491 1201 1591 1256 oblitus
1605 1218 1666 1257 sum
1692 1202 1839 1260 comedere

1038 1299 1137 1354 panem
1152 1301 1252 1342 meum.
1268 1287 1364 1359 Neque
1386 1289 1458 1343 enim
1480 1298 1590 1360 paterer
1603 1290 1675 1347 hune
1689 1290 1837 1356 deiectum,

1039 1374 1062 1427 si
1074 1374 1175 1445 jugiter
1190 1377 1337 1431 exercitata
1350 1385 1424 1432 esset
1439 1377 1506 1434 ratio
1521 1379 1548 1433 in
1571 1379 1744 1451 inquisitione
1767 1381 1840 1436 veri·

1040 1462 1112 1526 tatis,
1129 1464 1253 1519 voluutas
1267 1464 1294 1519 in
1309 1464 1446 1522 desiderio
1459 1467 1607 1534 charitatis,
1627 1484 1690 1524 caro
1718 1468 1747 1524 iu
1770 1484 1842 1540 ope·

1041 1551 1144 1605 ratione
1167 1552 1284 1607 virtutis.
1301 1554 1449 1610 Commoda
1473 1571 1539 1630 ergo
1561 1556 1637 1624 milri,
1662 1558 1759 1622 amice,
1783 1566 1840 1615 tres

189 1646 346 1718 aperieiur.
356 1643 456 1707 Clamo,
472 1650 499 1696 ct
509 1642 566 1696 dic:
579 1644 684 1712 danice,
695 1641 838 1697 coramode
848 1640 920 1696 milri
931 1645 986 1697 ires
1003 1644 1025 1720 Β
1041 1654 1137 1709 panes,
1152 1646 1182 1693 ut
1196 1640 1354 1713 intelligam,
1371 1651 1401 1697 ut
1415 1643 1536 1719 diligam,
1552 1653 1582 1699 ut
1601 1646 1696 1702 laciam
1711 1647 1837 1702 volunta·

210 1750 289 1791 unes.

190 1751 253 1876 ῃ2.
268 1821 320 1891 Qui
343 1829 405 1876 suut
431 1820 473 1874 isti
497 1835 591 1890 panes,
607 1818 727 1873 iratres‘l
752 1820 856 1873 Utinam
881 1833 986 1873 merea·

190 1928 250 1966 mur
264 1910 388 1981 accipere
407 1908 472 1963 eosl
492 1910 571 1963 Forte
591 1908 662 1963 enim
682 1915 710 1962 et
729 1910 802 1978 ipsos
824 1922 904 1962 nemo
927 1907 986 1970 seit,

191 1999 243 2054 nisi
258 1999 303 2070 qui
319 1998 423 2068 accipit.
445 1996 533 2052 Credo
549 2002 639 2050 tamen
665 1996 796 2065 petendos
825 1995 903 2050 nobis
926 2010 988 2050 esse

1043 1736 1096 1783 tem
1112 1736 1193 1783 tuam.
1212 1730 1256 1785 Sic
1272 1731 1343 1786 cuim
1357 1732 1463 1800 vivitur,
1480 1742 1509 1787 et
1522 1734 1550 1788 in
1566 1733 1663 1790 talibus
1681 1735 1736 1792 vita
1760 1737 1840 1807 spiri-

1043 1824 1084 1872 tus
1099 1818 1162 1882 mei,
1180 1819 1290 1875 dicento
1301 1820 1451 1893 Scriptura.
1471 1825 1608 1891 Qrmuium
1619 1826 1677 1880 uile
1693 1827 1723 1880 iu
1739 1827 1841 1881 voiun-

1043 1910 1101 1962 iuie
1117 1909 1176 1976 qius
1190 1908 1277 1978 (Psoi.
1297 1924 1377 1971 xxix,
1395 1912 1434 1977 b).

789 2274 827 2339 IN
849 2272 1083 2339 ASCENSIONE
1108 2274 1249 2338 uoutdt.

513 2437 629 2494 senato
648 2436 668 2492 l.

268 2528 304 2585 De
319 2529 474 2598 eueaqelicu
487 2528 612 2583 leciieue.
624 2527 718 2593 lallare.
736 2540 794 2588 aver,
813 2525 918 2592 14-20.)

231 2620 256 2670 l.
273 2611 503 2672 decumbentibus
514 2615 643 2671 undecim
654 2614 800 2685 discipulis
811 2613 946 2684 apperuit
958 2610 991 2665 ii-

196 2708 230 2763 lis
239 2709 318 2762 iesus
328 2705 426 2775 (liare.
437 2720 497 2774 xvv,
509 2704 700 2777 ll).dpparuit
713 2719 777 2758 vcre
788 2701 949 2772 benegnitas
963 2708 991 2755 et

193 2794 346 2850 humanitas
361 2792 517 2849 Salvatoris.
528 2791 609 2848 911
640 2793 750 2848 llultam
773 2791 845 2846 enim
865 2788 990 2845 fiduciam

193 2890 313 2954 praestat,
327 2883 401 2953 quod
411 2881 537 2938 libentius
549 2880 619 2938 adsit
634 2881 747 2938 orationi
765 2879 989 2945 incumbentibus,

194 2969 989 3045 quandouecrecumbentibusquidemdedignaturadesse.

194 3061 336 3134 Apparuit,
357 3061 478 3134 inquam,
495 3059 649 3132 benignitas
664 3061 733 3129 ejus,
750 3058 796 3131 qui
810 3057 938 3129 cognovit
961 3054 991 3110 lr-

193 3157 335 3222 gmeutum
350 3159 483 3220 nostrum,
498 3166 551 3206 nec
565 3149 730 3224 dedignatur
745 3147 923 3204 necessitates
938 3161 991 3200 no·

193 3248 273 3300 stras,
291 3238 339 3295 sed
364 3238 519 3304 miseretur,
545 3239 568 3293 si
594 3248 685 3293 tamen
709 3253 800 3292 curam
823 3234 914 3291 caruis
938 3248 992 3288 non

194 3327 220 3381 in
236 3324 371 3382 desiderio
386 3324 509 3393 iacimus,
527 3325 576 3381 scd
592 3325 617 3381 in
633 3326 805 3382 necessitate.
821 3323 900 3392 Quod
928 3337 993 3377 cou-

194 3414 319 3470 siderans
332 3413 404 3468 idem
414 3413 577 3484 Apostolus:
595 3417 658 3474 Sive
668 3417 883 3480 eanreducamus,
895 3410 991 3483 iuquit,

193 3506 250 3559 siue
269 3503 395 3565 bibimus,
412 3503 468 3559 siue
486 3503 595 3574 aliquid
609 3504 689 3559 eliud
703 3506 836 3573 sarcina-us,
849 3504 945 3557 omniu
960 3503 991 3555 iu

193 3595 313 3666 pieriam
333 3591 445 3648 Domini
457 3593 600 3662 scaminus
612 3594 640 3662 (l
656 3594 717 3650 Cor.
731 3606 761 3660 x,
771 3595 828 3659 31).
848 3592 940 3645 Potest
954 3596 993 3643 ta·

194 3698 257 3738 men
284 3679 356 3752 quod
385 3681 609 3736 recumbentibus
626 3680 760 3752 apparuit,
786 3679 820 3735 ad
843 3680 869 3733 id
885 3693 994 3751 quoque

196 3771 302 3835 referri,
323 3768 397 3840 quod
412 3769 475 3824 alibi
501 3767 726 3825 calumniantibus
748 3767 847 3823 ludaeis
865 3752 1033 3829 adversusss

1005 2447 1027 2526 c
1045 2433 1233 2489 miraculum?
1251 2435 1345 2507 Neque
1365 2436 1438 2491 enim
1465 2447 1653 2514 resurgentem
1668 2440 1743 2496 illum
1766 2443 1844 2512 quis-

1045 2539 1125 2595 quam
1141 2523 1249 2593 legitur,
1266 2533 1310 2579 aut
1329 2526 1454 2581 creditur
1476 2527 1575 2584 vidisse
1596 2529 1759 2585 mortalium.
1790 2530 1846 2586 lle·

1044 2616 1096 2662 stat
1129 2623 1195 2680 erqo
1221 2609 1256 2663 de
1281 2610 1385 2682 angelis
1408 2611 1605 2682 accipiendum,
1633 2614 1730 2686 quibus
1749 2615 1844 2687 utique

1046 2699 1257 2753 resurrectionis
1282 2700 1465 2755 testimonium
1494 2703 1709 2773 perhibentibus,
1732 2713 1844 2775 aposto-

1045 2785 1131 2842 lorum
1146 2789 1356 2860 pusillanimitas
1370 2792 1513 2848 hesitavit.

1081 2881 1107 2931 2.
1124 2878 1181 2932 iam
1209 2895 1273 2936 vero
1296 2890 1326 2936 ut
1351 2882 1430 2937 faciat
1443 2881 1517 2955 quod
1530 2883 1740 2955 scriptumest:
1762 2886 1847 2941 Boui-

1049 2968 1136 3020 luieru
1151 2972 1179 3023 et
1191 2969 1372 3041 disciplinam
1388 2976 1416 3027 et
1439 2973 1591 3027 scientium
1604 2971 1670 3030 doce
1687 2988 1734 3028 rue
1756 2975 1844 3042 (l'sal.

1045 3069 1144 3120 cxvut,
1177 3061 1238 3125 66);
1267 3059 1429 3114 visitationis
1461 3059 1585 3133 gratiam,
1625 3061 1847 3132 exprobrationis

1045 3160 1204 3211 censuram,
1222 3148 1423 3218 praedicationis
1436 3165 1546 3220 quoque
1561 3148 1683 3206 doctrina
1702 3158 1846 3222 sequatur,

1047 3242 1074 3289 et
1089 3234 1161 3290 dicat
1174 3253 1180 3293 :
1200 3238 1251 3307 Qui
1262 3237 1423 3304 crediderit,
1434 3244 1461 3294 ei
1472 3241 1635 3314 baptisatus
1649 3241 1743 3311 suerii
1752 3240 1848 3296 salvus

1049 3325 1113 3379 erii.
1127 3323 1180 3378 Sed
1195 3323 1259 3394 quid
1273 3324 1307 3379 ad
1319 3327 1376 3380 liae
1385 3325 1641 3396 dicemus,lratresi
1655 3328 1752 3400 lilagna
1766 3328 1847 3383 nimis

1047 3410 1153 3466 videtur
1180 3411 1354 3468 saecularibus
1381 3414 1536 3471 hominibus
1550 3416 1578 3470 iu
1600 3418 1650 3473 lroc
1673 3415 1757 3472 verbo
1783 3417 1846 3472 data

1049 3499 1154 3565 liducia,
1180 3517 1331 3576 vereorque
1354 3520 1388 3560 ue
1403 3504 1469 3560 dare
1484 3520 1544 3560 eam
1568 3506 1698 3577 incipiant
1712 3506 1740 3561 in
1764 3521 1844 3560 ocea-

1047 3585 1153 3643 sionem
1177 3591 1275 3658 carnis,
1292 3592 1464 3648 blandientes
1477 3594 1529 3649 sibi
1542 3595 1603 3667 plus
1617 3611 1697 3666 qnam
1720 3602 1846 3666 oporteat

1047 3677 1109 3732 sine
1124 3679 1254 3749 operibus
1279 3680 1312 3736 de
1329 3682 1465 3753 baptismo
1490 3689 1517 3738 et
1537 3684 1705 3740 credulitate.
1728 3684 1845 3740 Verum·

1051 3773 1133 3823 tatem
1155 3767 1360 3825 consideremus
1381 3772 1454 3842 quod
1477 3772 1615 3843 sequitur:
1642 3774 1728 3847 Siqua
1748 3778 1846 3830 autern

195 3859 340 3930 discipulos
355 3877 412 3916 non
424 3861 602 3929 ieiunantes:
620 3860 677 3914 d'ou
688 3863 815 3931 pessunt,
831 3856 929 3929 inquii,
940 3857 995 3927 filii
1050 3871 1093 3914 cos
1108 3862 1156 3932 qui
1170 3859 1351 3926 credideriut,
1363 3862 1420 3917 brec
1437 3866 1600 3934 sequentur.
1617 3863 1673 3919 Nee
1687 3861 1776 3920 minor
1789 3863 1845 3920 lor·

192 3946 943 4021 sponsilupera,quaradiucumeisesispousus(llutllr.
953 3960 992 4013 rs,
1048 3956 1119 4003 tasso
1134 3948 1270 4007 videlritur
1284 3948 1347 4020 ipsis
1362 3966 1470 4022 quoque
1491 3951 1625 4023 religiosis
1638 3967 1671 4008 ex
1685 3953 1738 4008 lroc
1760 3954 1844 4012 verbo

195 4037 252 4104 ts).
264 4036 406 4107 Sequitur:
429 4038 464 4090 Ei
482 4035 662 4106 exprobrauit
682 4035 912 4092 increduiitatem
929 4034 995 4092 iilo·
1047 4039 1196 4109 provenire
1208 4039 1374 4112 desperatio,
1392 4057 1473 4114 quam
1491 4058 1526 4098 ox
1549 4043 1633 4098 verbo
1655 4041 1748 4114 priore
1769 4058 1846 4100 ranae

194 4140 260 4181 rum
274 4129 302 4181 ei
317 4124 458 4182 durilienr
477 4123 577 4192 cerdis,
597 4126 662 4197 quia
678 4125 721 4180 bis
731 4128 781 4197 qui
790 4126 918 4182 vitiarunt
929 4139 994 4179 eunt
1052 4127 1111 4197 spei
1131 4128 1195 4183 data
1209 4129 1383 4184 sacularibus
1396 4130 1503 4186 occasio
1524 4130 1670 4188 videretur.
1690 4128 1759 4197 Quis
1772 4130 1845 4185 enim

194 4216 395 4279 resurrexisse,
407 4230 462 4270 non
471 4212 662 4270 erediderunt.
673 4211 758 4267 liudis
767 4213 901 4268 Christum
911 4212 994 4268 disci·
1053 4230 1095 4281 ea,
1111 4232 1173 4286 quat
1188 4216 1215 4270 iu
1231 4218 1358 4288 praesenti
1376 4217 1437 4273 loco
1453 4218 1552 4288 scripta
1566 4228 1637 4290 sunt,
1648 4219 1726 4292 signa
1739 4217 1845 4275 videtur

195 4303 478 4375 pulosincrcpautem,
488 4303 541 4358 imo
552 4301 635 4374 (quod
647 4302 834 4372 durinssenat)
849 4301 931 4357 etiam
946 4317 993 4358 er·

196 4393 381 4464 probrantem,
404 4409 454 4448 nec
481 4393 708 4464 quandocunque,
735 4391 783 4445 sed
799 4407 832 4446 ea
847 4392 922 4463 liora,
939 4408 991 4464 qua

197 4483 237 4539 eis
246 4483 414 4554 corporalem
429 4481 602 4554 praesentiam
618 4482 806 4537 subtracturus
821 4482 890 4552 qil),
906 4480 992 4536 videri

196 4581 303 4643 poterat
327 4573 412 4644 magis
435 4572 470 4627 ab
493 4572 678 4645 increpatione
702 4586 815 4641 parcere
853 4571 988 4626 debuisse.

193 4660 255 4715 Noli
279 4677 345 4734 ergo
365 4659 501 4732 indignari
525 4662 560 4714 de
576 4668 685 4723 detero,
711 4659 734 4712 si
758 4665 784 4712 te
811 4674 921 4730 quoque
944 4659 992 4714 ali·

195 4750 303 4820 quando
318 4749 417 4806 Clrristi
432 4749 547 4804 vicarius
561 4748 753 4820 increpaverit.
783 4748 811 4802 ld
832 4748 904 4804 enirn
919 4749 992 4804 erdri-

194 4840 251 4907 bet,
268 4841 339 4911 quod
355 4855 519 4895 ascensurus
534 4838 568 4893 ab
583 4838 622 4893 eis
637 4838 663 4892 iu
681 4838 789 4903 culum,
801 4839 856 4893 suis
870 4839 992 4894 Christus

194 4928 293 5000 legitur
308 4929 462 4984 exhibuisse
477 4925 625 4999 discipulis.
643 4926 698 4984 Sed
712 4927 777 4998 quid
801 4934 852 4992 cst,
882 4926 988 4992 l'ratres,

194 5017 267 5089 quod
282 5017 364 5072 dicit:
380 5019 426 5073 llis
439 5018 488 5090 qui
503 5016 633 5074 uiderent
647 5032 713 5072 eum
725 5017 923 5082 resurrexisse,
933 5033 990 5073 nou

196 5114 376 5172 crediderunt
388 5114 464 5169 illut
478 5114 524 5186 qui
539 5113 624 5177 erre.
636 5112 750 5169 duonrm
762 5113 833 5169 beati
848 5113 918 5170 oculi
932 5115 991 5185 glo-

195 5204 296 5261 riosum
317 5203 524 5260 resurrectionis
541 5203 691 5260 Dominieae
712 5211 870 5260 meruerunt
898 5202 990 5260 videre

233 5385 291 5457 (ll)
303 5385 375 5467 ldem
390 5384 472 5440 sentit
482 5384 635 5467 ⁸Gregorius
649 5386 762 5467 llagnus
781 5385 935 5442 humiliabi
962 5385 990 5441 iu

197 5457 366 5530 Evangelia:
382 5461 489 5511 tametsi
504 5457 655 5531 increpatio
668 5458 771 5527 aliquot
783 5457 880 5513 diebus
892 5470 989 5513 ascen·

1048 4303 1148 4358 babere
1172 4305 1346 4375 credulitatis,
1362 4307 1422 4361 sinc
1445 4323 1498 4378 qua
1513 4323 1593 4363 nemo
1617 4307 1716 4378 poterit
1736 4306 1843 4373 salvari,

1048 4393 1176 4463 quoniam
1182 4397 1230 4467 qui
1234 4413 1292 4454 nou
1298 4397 1457 4464 crediderit,
1464 4398 1710 4465 courdemuubitur5
1721 4406 1762 4453 et:
1772 4399 1842 4454 Siue

1047 4481 1103 4550 fide
1115 4485 1286 4556 irrepossiblle
1296 4491 1337 4542 esi
1347 4487 1460 4557 placere
1471 4485 1545 4543 Deo?
1558 4486 1648 4555 (liebr.
1660 4502 1700 4553 xr,
1712 4486 1753 4556 b.)
1766 4485 1842 4554 Quis,

1046 4572 1166 4642 inquam,
1196 4573 1328 4629 daemonia
1352 4574 1437 4644 ejicit,
1470 4574 1570 4647 linguis
1600 4576 1677 4631 novis
1712 4574 1841 4646 loquitur,

1047 4670 1189 4734 serpentes
1210 4663 1303 4719 tollit?
1323 4665 1392 4730 Quid
1407 4665 1495 4737 ergo?
1518 4665 1547 4721 Si
1568 4679 1648 4720 nemo
1673 4665 1731 4720 lraec
1750 4666 1841 4732 babet,

1046 4760 1093 4806 aut
1106 4752 1236 4823 perpauci
1261 4753 1360 4808 nostris
1383 4753 1509 4809 videntur
1530 4754 1630 4808 babere
1660 4753 1840 4823 lemporibus;

1046 4851 1091 4895 aut
1106 4857 1186 4896 nenio
1201 4841 1357 4908 salvabitur,
1381 4853 1427 4897 aut
1442 4843 1469 4896 ld
1488 4842 1537 4898 soli
1552 4841 1598 4913 qui
1614 4841 1655 4895 lais
1681 4842 1843 4896 muneribus

1045 4929 1206 5000 gloriantur,
1222 4945 1282 5001 quae
1297 4946 1351 4984 non
1367 4938 1421 4985 tam
1435 4930 1532 4985 merita
1555 4936 1618 4984 suut
1639 4945 1720 5001 quam
1742 4928 1843 4985 indicia

1046 5018 1221 5074 meritorum:
1238 5018 1307 5074 adeo
1322 5026 1352 5073 ut
1371 5018 1447 5073 multi
1470 5018 1610 5074 dicentes:
1627 5018 1725 5075 Nonne
1742 5021 1775 5073 iu
1789 5035 1841 5074 ue-

1045 5112 1124 5166 rniue
1134 5114 1182 5166 ianr
1192 5109 1480 5181 deeruouicejecirnus,
1493 5112 1521 5165 ei
1530 5108 1683 5164 irruentiue
1693 5111 1742 5164 iuo
1752 5110 1844 5165 viriu-

1046 5203 1088 5255 ies
1098 5203 1204 5257 ruallus
1212 5198 1353 5271 feriretur?
1362 5197 1579 5253 audircbabeaut
1588 5196 1734 5268 injudicio:
1746 5198 1843 5254 li'escie

1044 5384 1148 5440 sionem
1167 5382 1307 5456 praecessit
1330 5396 1362 5438 ex
1384 5380 1462 5438 Lucre
1472 5398 1533 5453 cap.
1545 5395 1624 5438 xxiv.
1633 5381 1751 5439 Consule
1761 5379 1844 5436 inter-

1041 5464 1145 5528 pretcs.
