3734 5948
627 258 1024 331 saauouuunsurrm.
1476 220 1478 224 ’
1596 268 1652 329 ora

83 387 152 459 ujus,
168 401 219 444 uec
230 386 362 458 corporis.
377 387 408 441 ld
423 386 470 441 tibi
485 386 513 441 in
534 387 686 446 nodssimis
709 408 799 448 resar-
814 410 837 490 Ι
852 403 895 453 est
922 395 967 451 ills
987 394 1135 460 retrahere,
1151 396 1197 450 sed
1222 392 1307 464 magis
1321 391 1423 448 addere
1437 394 1583 465 ampliora.
1600 395 1650 452 Vel

86 491 174 549 ‚cam
198 483 225 530 te
245 475 310 530 mihi
329 475 477 531 exhibuero
500 477 657 551 gloriosam,
673 495 727 536 noo
748 482 798 538 ha-
854 484 977 542 sic:Nou
990 480 1153 556 segreleras,
1173 482 1259 539 amica
1274 496 1344 552 mea,
1360 480 1469 539 minime
1484 491 1510 538 ta
1525 485 1649 558 accipere

83 581 116 623 tm
130 564 262 621 maculam
277 572 323 619 aut
337 580 440 636 rugam,
458 575 503 620 ant
518 565 617 637 aliquid
633 568 799 638 hujusmodi.
854 574 936 629 modo
948 572 1021 645 quod
1041 570 1171 643 postulas,
1186 586 1248 642 quae
1262 576 1335 625 tanta
1349 585 1365 624 a
1379 584 1422 625 ms
1433 571 1489 641 jam
1503 571 1650 643 accepisti:

83 652 227 725 arcisquia
245 653 364 726 qnandiu
379 652 446 708 viris
462 653 489 708 io
503 655 555 710 hoo
577 669 702 727 corpore,
718 674 800 730 perc·
855 673 882 719 et
892 662 994 732 majora
1007 660 1103 718 horum
1117 659 1243 730 accipies,
1260 658 1283 717 si
1306 657 1333 714 in
1351 658 1495 732 preceptis
1514 660 1582 717 mela
1596 675 1662 716 am·-

83 741 123 797 ria
136 757 153 797 a
167 741 294 797 lumine?
313 741 455 811 Quomodo
468 758 530 816 quas
545 743 659 801 necdum
676 755 730 803 tota
744 750 803 820 pul·
853 748 998 815 bulaaeris,
1011 754 1039 804 et
1052 747 1083 803 iu'
1099 762 1189 804 amore
1203 762 1264 805 meo
1283 747 1511 819 perseveraveris.
1526 751 1590 806 llaec
1603 763 1653 823 pro

84 844 125 900 sa,
139 830 264 887 idoneam
281 841 307 886 te
321 831 460 887 existimas
474 833 672 890 universitatem
690 834 803 898 lm
856 839 951 895 litterae
963 836 1167 909 consequentia.

83 917 210 977 citudinis
224 919 343 976 intuerit
356 919 498 989 Quomodo
511 920 628 994 denique
637 925 739 995 quaeris
758 945 801 985 me
891 931 917 981 a.
932 925 1075 995 Nuucjom
1087 924 1236 993 rideamus,
1249 923 1339 996 qualia
1349 925 1402 981 sint
1416 940 1478 996 qum
1493 940 1522 980 se
1537 925 1654 984 donasse

83 1008 241 1068 saclaritate
253 1009 356 1075 sidera,
367 1025 427 1082 quae
441 1010 531 1067 adhuc
545 1010 655 1085 ignoras
668 1015 719 1071 tel
732 1017 801 1073 Nam
855 1023 1056 1071 commemorat.
1073 1014 1106 1069 Et
1119 1013 1239 1085 primum
1257 1013 1369 1087 quidem
1388 1024 1439 1079 est,
1453 1014 1527 1086 quod
1541 1030 1601 1071 eam
1616 1032 1656 1071 as

98 1098 205 1172 planius
232 1113 336 1166 nosses,
361 1097 445 1155 scires
463 1100 565 1171 utique,
590 1116 704 1174 corpore
730 1106 803 1178 quod
855 1101 981 1161 similavit
994 1101 1125 1173 equitatui
1150 1117 1202 1158 suo
1225 1102 1252 1157 in
1276 1101 1402 1158 curribus
1415 1102 1574 1170 Pharaonis,
1589 1104 1658 1160 libe-

83 1188 191 1259 mpttnr
210 1198 383 1260 aggravatam
409 1187 561 1245 nullatenus
581 1205 662 1260 possa
681 1194 802 1252 attollere
856 1191 941 1250 raudo
962 1190 1055 1263 utique
1078 1206 1094 1244 a
1114 1190 1181 1263 jugo
1202 1191 1317 1261 peccati,
1333 1190 1503 1248 mortificatis
1521 1192 1657 1249 universis

83 1291 114 1346 ra,
127 1285 154 1333 et
168 1275 250 1348 figere
263 1276 290 1332 in
304 1277 380 1334 illum
394 1275 526 1351 fulgorem
549 1277 576 1334 in
595 1295 677 1352 quem
692 1283 803 1356 prospi-
856 1279 982 1354 operibus
994 1278 1097 1347 carnis;
1114 1278 1345 1350 quemadmodum
1360 1279 1405 1335 ille
1420 1281 1538 1352 populus
1556 1280 1656 1339 libera·

93 1366 181 1440 augeli
212 1364 416 1439 concupiscunt.
452 1366 519 1436 Eril,
549 1382 611 1423 cum
639 1385 801 1446 apparuero,
858 1375 901 1427 tas
922 1376 998 1425 esta
1021 1366 1151 1422 servitute
1171 1366 1291 1439 AEgypti‚
1306 1367 1442 1423 subversis
1460 1377 1487 1424 et
1510 1368 1658 1425 submersis

99 1461 155 1512 tota
169 1454 281 1526 pulchra
294 1455 359 1522 eris,
370 1454 440 1513 sicut
453 1471 506 1528 ego
517 1457 697 1525 pulchersum
711 1466 802 1519 totus:
856 1457 958 1516 cuncta
979 1455 1103 1514 curribus
1117 1454 1263 1510 Pharaonis
1280 1454 1380 1525 (Ecod.
1396 1471 1459 1522 xrv,
1474 1459 1533 1528 ιιι).
1549 1457 1579 1512 ld
1594 1457 1657 1530 qui-

83 1542 194 1599 millims
209 1543 287 1611 mihi,
302 1543 410 1600 ridebis
425 1561 467 1600 me
482 1545 561 1603 sicuti
576 1562 647 1603 sum.
663 1547 739 1606 Tunc
752 1566 802 1608 au·
858 1548 919 1605 dem
933 1544 1070 1604 miseratio
1088 1542 1212 1609 maxima,
1229 1543 1257 1598 in
1271 1560 1324 1615 qua
1340 1559 1393 1618 ego
1413 1560 1523 1616 quoquo
1545 1546 1570 1600 si
1595 1546 1656 1618 glo-

84 1649 91 1687 :
111 1634 176 1690 Polo
190 1631 311 1706 pulchra
326 1649 365 1703 es,
380 1636 473 1690 amico
487 1651 559 1703 meo,
576 1640 604 1691 el
617 1639 734 1695 mocula
747 1655 804 1697 nora
859 1636 922 1692 riari
945 1633 1068 1698 volucro,
1092 1647 1147 1689 nou
1170 1647 1217 1688 ore
1240 1631 1370 1703 iusipiens
1386 1650 1392 1690 :
1410 1633 1557 1689 Veritatem
1585 1633 1657 1690 enim

83 1725 134 1778 ιιι
150 1722 244 1791 (dccl.
261 1737 299 1787 ιι,
310 1723 350 1790 7).
361 1722 441 1778 Nunc
454 1738 527 1789 rero,
544 1725 596 1780 etsi
610 1741 643 1780 ex
660 1737 736 1794 parte
749 1730 805 1798 jam
822 1686 955 1783 Bdicum.
977 1722 1075 1780 Fateor
1097 1730 1124 1777 et
1146 1720 1252 1776 latebor
1268 1742 1274 1778 :
1297 1721 1358 1778 Nisi
1371 1722 1440 1794 gaiu
1452 1722 1590 1779 Dominus
1602 1722 1657 1778 cd-

85 1808 117 1876 is,
132 1827 165 1867 ex
181 1816 256 1880 parte
279 1819 367 1866 amau
389 1809 537 1876 dissimilis,
553 1823 679 1889 contenta
692 1826 750 1873 esto
771 1831 805 1871 er
852 1816 993 1889 jonitma,
1005 1812 1198 1883 paulominus
1213 1809 1366 1866 habitasset
1380 1812 1411 1867 in
1424 1811 1539 1881 inferno
1558 1812 1658 1867 anima

83 1912 271 1971 rengnoscare.
289 1896 325 1955 'le
339 1899 426 1970 ipsam
440 1901 561 1971 attende,
580 1909 607 1959 et
621 1902 717 1958 altiora
731 1914 758 1961 to
772 1922 806 1962 ue
857 1918 921 1959 meo
940 1901 1026 1971 (Prot.
1046 1913 1127 1966 actu,
1138 1897 1193 1969 tl).
1213 1899 1273 1953 Nou
1296 1912 1356 1952 sum
1375 1897 1506 1969 ingratus,
1522 1914 1575 1954 non
1598 1915 1658 1954 sum

83 1984 157 2054 ieris,
179 1996 205 2042 et
224 1987 337 2044 tortiora
359 1994 385 2044 te
410 2003 444 2044 ue
465 1996 583 2046 scrutata
605 1990 691 2047 lueris
705 1993 802 2064 (dccli.
858 1993 976 2062 oblitus3
992 1987 1192 2046 misericordias
1215 1985 1321 2042 Domini
1348 1985 1375 2040 in
1394 1995 1523 2042 aeternnm
1542 1987 1658 2044 canobo

84 2072 120 2147 l).
135 2074 264 2148 Alioquin
278 2078 304 2133 si
317 2078 430 2150 ignoras
446 2081 482 2147 tc,
493 2079 640 2150 opulcbrc
657 2080 805 2138 intermo-
857 2082 944 2155 (Psol.
954 2093 1096 2149 arrasum,
1107 2077 1146 2147 ll.
1161 2076 1261 2131 Verum
1276 2076 1405 2132 hacteuus
1418 2075 1484 2130 mihi
1500 2089 1563 2130 cum
1574 2089 1660 2147 spou-

83 2165 198 2234 r(Ccril.
209 2180 228 2232 r,
239 2166 267 2234 'll
278 2183 285 2230 ;
297 2180 359 2221 nam
374 2173 401 2222 et
414 2181 465 2240 ago
480 2174 507 2221 te
521 2165 584 2224 dico
595 2169 744 2241 pulchram,
754 2169 804 2228 sed
857 2186 897 2225 sa.
913 2170 953 2226 lte
976 2168 1092 2241 reliquo,
1108 2165 1153 2221 illa
1175 2163 1306 2239 singulari
1331 2162 1499 2235 dignatione,
1514 2171 1655 2237 postquam

95 2253 229 2324 mulieres,
253 2254 307 2310 hoc
320 2262 361 2309 est
375 2270 407 2311 aa
423 2262 515 2326 parte;
531 2272 592 2311 oum
606 2263 695 2313 autem
719 2273 802 2316 vene·
856 2258 967 2316 liberata
980 2265 1032 2326 est,
1048 2253 1187 2311 asciscitur
1203 2253 1232 2308 in
1245 2251 1371 2321 amicam,
1388 2250 1514 2308 decorem
1535 2251 1655 2309 induitur

83 2341 136 2399 uod
161 2340 309 2413 perlectum
331 2351 381 2407 est,
400 2348 463 2398 tunc
483 2344 657 2401 evacuabitur
676 2346 748 2418 quod
770 2363 802 2402 ea
856 2354 1000 2417 tanquam,
1010 2342 1117 2401 Domini
1138 2355 1249 2412 sponsa,
1271 2340 1379 2395 iuterim
1409 2348 1497 2395 tamen
1521 2340 1549 2395 iu
1575 2339 1653 2412 genis

83 2451 85 2480 ι
100 2439 142 2486 ιιι
155 2431 181 2495 (l
196 2432 256 2487 Cor.
272 2445 336 2499 xru,
355 2433 399 2502 to)
416 2433 462 2487 :si
475 2447 542 2506 ergo
562 2436 676 2505 ignoras
693 2439 740 2503 lc‚·
755 2435 802 2492 sed
855 2434 983 2491 duntaxat
1005 2439 1031 2487 et
1041 2430 1068 2487 in
1091 2428 1172 2486 collo.
1188 2427 1229 2483 dd
1249 2429 1307 2483 haec
1321 2426 1360 2481 illi
1378 2426 1573 2498 promittuntur
1592 2446 1654 2485 mo-

83 2526 243 2591 scquuolur‚
271 2519 428 2589 dictasunt,
452 2531 479 2578 ιι
506 2536 560 2577 non
575 2530 683 2592 oportet
706 2523 802 2580 iterum
856 2522 958 2578 renulae
977 2535 1027 2594 pro
1040 2525 1145 2588 ornato,
1160 2517 1281 2588 ipsaque
1296 2531 1385 2571 aureae
1400 2531 1450 2586 pro
1466 2516 1656 2588 pratio,sedct

86 2606 264 2663 Promiseram
288 2623 331 2663 me
347 2607 382 2664 de
399 2608 503 2679 duplici
526 2608 678 2681 ignorantia
701 2611 804 2668 utiliter
856 2611 989 2671 distinctae
1015 2614 1129 2683 argento
1154 2621 1203 2676 pro
1230 2604 1336 2661 decore.
1362 2603 1410 2659 Cui
1431 2618 1486 2661 non
1508 2603 1657 2663 admodum

83 2702 208 2752 tutorum
229 2713 235 2753 1
253 2697 276 2753 si
302 2696 449 2769 quominus
473 2698 598 2768 implesse
617 2699 719 2767 uideor,
743 2701 804 2756 dale
857 2701 961 2771 placeat
977 2698 1045 2755 orlo
1069 2697 1128 2769 ipse
1143 2694 1341 2750 donationum?
1357 2693 1490 2758 Primum,
1503 2693 1658 2752 misericor·

83 2799 111 2839 m
128 2783 238 2841 volenti.
263 2784 331 2839 Nam
355 2783 424 2841 velle
445 2785 549 2855 adjacet
571 2785 647 2856 mihi,
673 2786 803 2857 perlicere
857 2789 926 2844 diter
945 2787 1093 2849 liberatum
1109 2784 1238 2848 secundo,
1264 2781 1406 2854 dignanter
1424 2783 1586 2854 adamatum
1603 2790 1657 2840 tar·

83 2887 166 2930 uuor
181 2872 300 2943 invenio,
315 2871 367 2928 uisi
381 2880 513 2946 quantum
525 2889 573 2929 sua
588 2873 752 2946 benignitate
767 2875 801 2930 ad
856 2878 903 2947 tio,
918 2875 1037 2950 benigue
1053 2870 1158 2930 ΗΜ
1173 2870 1288 2927 abluitur
1300 2879 1327 2925 et
1342 2877 1489 2943 purgatum
1506 2878 1654 2942 postremo,

83 2975 126 3017 sm
150 2960 354 3017 aedificationem
381 2960 473 3035 largiri
502 2961 659 3034 dignabitur
687 2978 804 3034 sponsus
819 2963 842 3042 c
856 2964 953 3039 optimi
966 2963 1117 3022 ornamenti
1130 2959 1228 3031 accipit
1243 2957 1462 3031 promissionem.

83 3047 222 3105 uitelesus
236 3050 361 3107 Christus
375 3050 506 3106 Dominus
520 3059 623 3118 noster,
637 3053 685 3124 qui
698 3058 739 3108 est
752 3068 801 3108 su·
891 3058 917 3110 3.
938 3052 999 3109 Nou
1022 3048 1130 3120 ambigo
1154 3046 1285 3117 quosdam
1301 3046 1358 3116 jam
1378 3052 1496 3103 vestrum
1512 3045 1539 3100 io
1555 3056 1654 3104 semet·

83 3137 159 3194 mnia
174 3140 247 3194 Deus
261 3140 418 3195 benedictus
433 3138 460 3193 iu
476 3140 584 3195 saeculo.
600 3141 697 3196 Amen.
855 3141 921 3212 ipsis
935 3152 1132 3213 recognoscere
1151 3149 1211 3209 quas
1235 3135 1370 3201 dicuntur,
1388 3135 1552 3207 proprioque
1571 3151 1654 3207 sapa·

268 3244 385 3302 spano
403 3245 537 3301 χχχιχ,
857 3231 971 3286 rimanto
994 3225 1176 3284 commonitas
1196 3224 1231 3280 ad
1255 3223 1457 3298 intelligentiam
1490 3224 1652 3296 praevolare.

83 3332 186 3409 mim
201 3351 356 3409 pharaonis
377 3352 406 3406 id
419 3351 581 3408 magon
607 3355 635 3408 et
650 3351 803 3424 deprimi·
856 3318 912 3374 Sed
925 3331 990 3375 sanc
1007 3330 1113 3371 memor
1133 3313 1256 3371 versiculi
1270 3312 1537 3372 illiuszbcclnrolr'o
1552 3330 1654 3372 sermo·

83 3436 123 3481 ‚gg
137 3424 291 3487 mercum,
314 3395 366 3492 qui
387 3426 456 3477 ,ung
474 3395 600 3485 matraid,
629 3424 802 3486 zmegma
856 3423 926 3465 nam
938 3402 1455 3473 laoramillomiccl,aliolellectam
1464 3401 1514 3458 dat
1525 3404 1654 3475 porculis

83 3495 173 3550 aritio.
857 3495 944 3567 (Psoi.
968 3508 1067 3560 ιιιιιι,
1092 3489 1173 3564 130);
1203 3506 1252 3562 pro
1272 3488 1428 3560 huiusmodi
1447 3489 1561 3562 dignum
1584 3490 1654 3547 duco

83 3581 223 3657 lqaitolui
232 3583 333 3638 menia
343 3582 473 3638 curribus
482 3583 640 3638 Pharaonis
649 3582 807 3639 assimilavi
856 3585 953 3642 eadem
965 3581 1069 3638 modica
1081 3579 1163 3636 latius
1177 3578 1356 3647 explananda.
1375 3575 1513 3647 benignus
1527 3584 1569 3633 est
1583 3579 1655 3634 enim

83 3670 331 3737 mioomealdncl.
344 3683 362 3732 r,
380 3669 415 3736 ιι).
427 3668 496 3722 bute
511 3670 599 3725 omniu
615 3671 642 3724 in
659 3669 701 3724 his
716 3668 807 3724 verbis
855 3673 972 3746 Spiritus
990 3668 1138 3742 sapientia
1157 3667 1235 3738 (Sap.
1259 3681 1279 3730 r,
1295 3667 1334 3736 6),
1350 3669 1377 3720 ιι
1402 3663 1488 3734 placat
1509 3664 1548 3720 illi
1562 3667 1656 3723 doctor

83 3764 123 3815 ιιι
136 3755 286 3828 accipimus
299 3756 430 3813 Ecclesiae
446 3767 538 3829 typum
557 3756 586 3810 in
600 3755 720 3829 patribus
736 3770 806 3828 prae·
855 3760 989 3832 benignus
1001 3765 1029 3814 et
1043 3756 1172 3830 diligens,
1195 3754 1241 3826 qui
1264 3753 1301 3808 ita
1322 3751 1412 3824 cupiat
1424 3751 1579 3809 satisfacere
1596 3760 1655 3808 stu-

83 3859 135 3912 asa,
162 3851 190 3900 et
216 3850 316 3900 nostras
338 3850 506 3899 sacramanta
526 3843 620 3900 salutis
643 3851 808 3916 praeostensa
857 3848 953 3913 diosis,
976 3855 1006 3903 ut
1028 3853 1134 3901 morem
1152 3857 1249 3914 gerere
1273 3840 1437 3896 tardioribus
1458 3854 1512 3897 noa
1536 3851 1653 3900 recuset.

94 3933 125 3991 ln
140 3933 216 3991 exitu
231 3933 313 3989 lsrael
327 3932 361 3987 de
376 3933 504 4006 AEgyplo,
520 3932 685 4004 geminoque
699 3931 745 3989 illo
758 3930 807 3988 ad·
856 3935 995 4008 Denique:
1015 3934 1069 4003 Qui
1083 3930 1228 3989 elucwoci
1243 3945 1297 3997 oie.
1313 3930 1404 3986 citam
1418 3934 1554 3989 ωιιιιιαιιι
1570 3931 1655 3989 labe-

83 4024 136 4085 allia
155 4024 237 4082 maris
257 4022 398 4095 obsequio,
413 4029 440 4080 et
465 4024 606 4079 transitum
627 4020 731 4079 scilicet
755 4036 808 4094 po·
857 4019 1462 4096 bant‚aitlpsaSapieutia(laeliano,all:
1477 4034 1532 4092 quo
1545 4019 1654 4093 quidem
1678 4064 1685 4071 ,

84 4112 182 4186 dantis,
198 4121 225 4171 et
242 4112 374 4171 ultionem
395 4111 580 4178 domatibus,
595 4109 721 4182 baptismi
736 4125 801 4183 gra·
857 4111 968 4185 praemic
990 4126 1043 4187 ago
1066 4108 1183 4167 fraudari
1207 4107 1349 4164 noluerim.
1376 4106 1535 4179 Quanquam
1555 4107 1583 4164 in
1612 4107 1656 4163 his

83 4200 194 4258 tidenter
216 4201 386 4274 exprimitur,
401 4200 528 4258 salvantis
552 4199 683 4270 homiues,
699 4207 726 4254 et
748 4198 801 4255 cri·
856 4200 937 4260 etiam
952 4215 1014 4273 quaa
1037 4199 1117 4268 plana
1138 4196 1272 4265 videntur,
1297 4195 1461 4267 quaudoque
1485 4195 1547 4251 talia
1561 4195 1656 4267 latcnt,

96 4289 306 4364 submergentis.
333 4290 443 4358 Omnes,
468 4289 565 4364 iuquit,
580 4289 630 4346 sul>
652 4288 725 4345 nube
751 4289 800 4358 su·
856 4306 917 4364 quas
935 4288 1002 4362 ipsis
1015 4303 1135 4362 quoque,
1151 4287 1197 4358 qui
1211 4284 1366 4354 capaciores
1390 4283 1515 4339 sidentur
1537 4290 1565 4340 et
1583 4299 1656 4354 pra-

83 4382 103 4445 t,
116 4383 251 4436 clcmnes
267 4381 300 4434 io
315 4380 401 4450 llopsc
415 4378 550 4453 baptisati
563 4383 630 4435 scal
648 4380 680 4435 io
690 4377 765 4436 nabe
775 4383 803 4434 cl
857 4379 978 4436 volantes
989 4377 1112 4451 ingenio,
1137 4391 1192 4430 rou
1205 4373 1256 4429 erit
1281 4371 1375 4428 inutile
1394 4371 1417 4425 si
1432 4369 1587 4444 diligentius
1609 4372 1658 4430 da·

83 4468 130 4526 orl
139 4466 168 4538 (1
178 4468 240 4526 Cor.
252 4482 281 4539 ι,
295 4471 321 4538 ι,
336 4467 375 4540 ι).
387 4466 441 4524 Sed
454 4473 561 4539 oportet
574 4465 802 4540 consequentiam,
857 4465 1001 4525 clarentur.

91 4555 220 4623 solemus,
240 4556 349 4628 signare
363 4556 517 4623 verborum,
533 4562 560 4612 et
573 4556 713 4627 sequentia
727 4554 804 4626 prio·
893 4557 921 4611 t.
936 4556 990 4612 Sed
1012 4553 1072 4610 ride
1095 4552 1151 4620 jam
1178 4548 1381 4605 similitudinem
1407 4549 1441 4604 de
1470 4551 1608 4607 Pharaone
1632 4560 1660 4607 et

83 4663 91 4701 ι
106 4645 251 4715 copulare;
267 4656 297 4700 et
318 4644 355 4700 ita
378 4645 488 4700 demum
500 4644 602 4701 elicere
622 4659 706 4700 suase
724 4641 804 4715 quid·
859 4644 993 4700 exercitas
1005 4642 1077 4712 ejus,
1091 4648 1119 4695 et
1141 4636 1251 4694 Domini
1274 4636 1408 4708 equitatu.
1422 4637 1483 4694 Non
1497 4639 1568 4694 inter
1582 4639 1661 4711 ipsos

83 4775 93 4801 ,
109 4734 132 4790 ai
147 4749 300 4806 possumus,
316 4733 389 4806 quod
402 4733 487 4804 prosit
500 4733 620 4789 moribus
633 4730 804 4787 instruendis.
860 4731 996 4791 exercitus
1019 4729 1168 4786 similitudo
1191 4727 1252 4781 data
1277 4733 1328 4798 ast,
1354 4726 1404 4782 sed
1429 4726 1466 4784 dc
1486 4726 1564 4799 ipsis.
1588 4725 1656 4798 Quas

82 4822 168 4896 itaque
182 4838 290 4895 spouaae
303 4822 480 4895 praesumptio
502 4822 569 4877 dura
590 4828 618 4878 ct
641 4827 749 4877 austera
763 4818 807 4876 in·
861 4823 933 4879 enim
949 4819 1065 4878 societas
1083 4817 1135 4873 luci
1155 4816 1188 4870 ad
1208 4814 1353 4872 tenebras?
1367 4820 1415 4871 aul
1432 4818 1570 4888 qnoe'para
1583 4815 1662 4874 lidali

83 4912 167 4970 auore
182 4927 307 4983 repressa
319 4921 378 4983 est3
394 4927 427 4967 ue
441 4909 543 4967 tristior
557 4919 717 4979 remaneret,
733 4908 806 4965 bona
861 4927 922 4970 cum
941 4907 1065 4967 infideli?
1080 4906 1131 4962 Sed
1146 4905 1216 4960 inter
1228 4910 1347 4961 sanctam
1366 4902 1589 4977 spiritualemque
1603 4903 1661 4958 ani-

83 4999 291 5074 liqua,quaeJ'am
301 5007 451 5072 acceperat,
462 4997 496 5055 ad
507 4998 663 5055 memoriam
673 4998 809 5054 reducuu·
864 5015 945 5065 mam,
964 5007 992 5054 ct
1005 4996 1153 5069 equitatum
1167 4991 1276 5049 bomini
1290 4990 1369 5064 plane
1387 4991 1615 5063 comparabam,
1636 4998 1664 5048 et

83 5098 108 5144 st
120 5089 210 5161 aliqua
224 5106 284 5163 quae
297 5088 418 5145 nondum
433 5099 581 5161 acceperat,
599 5085 807 5158 promittuntur3
864 5089 935 5143 iuter
952 5087 1120 5142 Pharaonem
1138 5091 1166 5138 et
1188 5079 1336 5149 diabolum,
1352 5081 1547 5151 amborumque
1560 5081 1666 5136 exerci-

83 5186 108 5232 ιι
126 5176 240 5249 pulchra
253 5178 342 5234 denuc
353 5177 521 5249 perhibetur,
532 5185 560 5234 et
572 5175 724 5248 appellatur
743 5174 809 5231 ami·
864 5185 918 5233 tus.
938 5174 995 5233 Nec
1013 5169 1153 5227 miraberis
1177 5179 1257 5224 uuam
1281 5168 1398 5224 animam
1418 5168 1552 5239 equitatus
1574 5169 1665 5225 multi·

83 5264 156 5336 Quod
172 5265 228 5335 tibi,
245 5266 340 5340 inquit,
352 5267 418 5324 dure
433 5266 539 5324 loculus
553 5281 625 5336 sum,
639 5263 727 5320 amica
739 5278 811 5334 msa,
865 5261 951 5320 tudini
977 5259 1132 5325 similatam,
1156 5258 1179 5313 si
1199 5257 1324 5312 advertas
1350 5264 1457 5328 quantoe
1478 5256 1506 5312 iu
1531 5256 1592 5329 ipsa
1612 5274 1666 5313 nna

83 5355 131 5413 tin
146 5372 189 5412 me
209 5355 258 5411 tibi
271 5355 390 5429 suspicio
409 5356 443 5412 sit
456 5354 511 5413 odii
529 5355 574 5411 acl
593 5354 725 5412 rancoris.
744 5352 812 5408 Nam
864 5368 926 5426 quae
945 5360 1033 5406 tamen
1048 5355 1140 5403 sancta
1153 5345 1242 5400 anima
1257 5343 1301 5409 sit,
1319 5345 1446 5401 virtutum
1460 5343 1533 5402 acies
1547 5346 1667 5402 habean-

83 5462 96 5502 ι
111 5445 211 5504 amoris
225 5445 276 5500 mei
291 5444 318 5499 iu
336 5453 361 5500 te
374 5445 506 5502 euidentia
525 5453 586 5501 suot
600 5443 658 5517 ipsa
680 5457 736 5499 men
754 5458 815 5497 rou·
869 5449 930 5508 tur;
947 5444 1048 5511 quauta
1076 5435 1103 5491 iu
1131 5431 1320 5491 allectionibus
1348 5432 1491 5497 ordinatio,
1518 5441 1617 5506 quanta
1640 5436 1667 5491 in

83 5578 96 5606 .,
112 5535 210 5610 quibus
226 5544 249 5593 ιι
269 5536 399 5593 honorari
414 5543 441 5592 ιι
462 5533 565 5593 amavi.
580 5535 639 5591 Nec
652 5531 719 5590 mihi
733 5530 816 5589 animi
870 5528 993 5588 moribus
1008 5524 1161 5599 disciplina,
1176 5530 1278 5597 quanta
1295 5523 1505 5581 lucrationibus
1522 5530 1668 5597 moratura,
