3734 5948
67 205 120 260 109
599 207 635 262 IN
653 207 749 265 asti.
767 209 826 279 Qut
841 205 992 268 adalrat
1013 211 1130 271 sanilo
1143 215 1214 274 titt.
1677 227 1731 282 nid

33 294 38 309 ’
66 342 117 404 ego
132 326 196 382 talis
215 341 324 384 merear
336 341 399 383 esse
424 327 571 400 columba,
600 348 660 404 quae
689 332 717 388 in
740 331 912 426 foraminafl
1230 339 1346 399 SERNO
1362 341 1431 400 Vill.

64 425 151 490 petrae
165 415 282 482 bebitet,
297 421 326 470 et
338 414 366 471 in
381 414 512 475 foramine
525 417 619 476 lateris
643 420 740 479 dextri.
770 421 870 483 conss.
926 428 1166 494 oecnsccctcco,
1178 429 1396 488 «Verumtamen
1405 434 1494 491 oculis
1507 435 1732 493 taisccnsidcra·

64 508 131 563 dara
145 513 240 561 maren
254 504 307 561 hoa
319 505 421 562 vulnus
446 523 509 563 euar
523 509 632 579 penitas
660 525 714 566 non
742 511 870 570 sensisse.
996 498 1048 568 Ni,
1064 503 1094 556 ⁶3
1102 500 1316 560 'immitium
1328 509 1509 575 limanium
1523 505 1656 564 imbibi

63 597 160 669 Neque
175 595 251 652 enim
263 594 329 651 illud
347 595 472 666 excipere
502 597 597 665 volun,
625 598 676 653 nisi
706 599 762 668 jam
788 612 872 669 sopo-
961 591 987 642 1.
1007 587 1120 645 Brevius
1134 589 1243 661 qnidem
1267 591 1345 647 vobin
1369 592 1524 664 aliquando,
1552 593 1730 666 dileniissinn,

64 693 140 742 ritus
155 683 184 741 in
198 690 305 740 mette:
321 689 489 740 transitaret
520 695 557 753 te,
586 687 713 757 quamdiu
739 686 817 754 vivis,
846 685 874 740 in
926 676 1113 748 loquerentur,
1128 679 1150 733 si
1164 679 1320 736 crebriusid
1333 681 1429 738 liceret
1445 702 1451 737 :
1468 684 1542 755 quod
1556 691 1583 740 et
1600 699 1648 740 vos
1672 701 1733 742 cre·

64 776 147 845 liujus
161 773 374 846 oempeilattiis
383 774 494 846 vigilare
509 776 648 844 custodi„
664 775 714 833 ,ed
742 784 770 833 et
799 790 873 831 moi.
927 765 1015 821 dimus
1042 781 1237 838 nonnunquam
1266 769 1408 826 advertere
1435 772 1567 843 potuisse.
1595 774 1732 830 Caeterum

67 871 139 918 tuam
154 862 265 920 censeri
280 878 341 919 eam
356 863 475 918 animam
503 875 642 934 oportere,
672 881 733 936 quae
761 864 873 937 quidem
926 855 1043 925 quoties,
1067 855 1127 927 ipsa
1153 855 1207 912 diei
1235 868 1442 929 praeoccupante
1469 860 1581 929 malitia,
1608 861 1731 935 pluribus

63 951 220 1024 perniciosa
238 950 448 1008 insensibilitate
463 951 613 1009 dissimulet
626 952 655 1009 iii
683 953 796 1010 (lettera
821 954 873 1011 iiiii
927 943 995 1000 sorte
1018 944 1115 1001 dicbus
1142 945 1362 1003 molestissimum
1391 948 1566 1007 sustinuimus
1597 967 1614 1006 a
1639 959 1732 1008 vestra

62 1042 160 1099 vulnus
173 1040 270 1112 indigi.
287 1040 384 1097 Nerito
402 1041 512 1114 quidem
526 1042 553 1096 in
567 1042 678 1100 sinistro
705 1043 791 1100 latere
818 1059 872 1115 po·-
926 1031 1113 1090 exhortatione
1141 1042 1169 1090 et
1193 1035 1380 1093 consolatione
1404 1036 1551 1106 silentium,
1593 1040 1732 1098 neminem

29 1158 32 1191 t
63 1133 142 1189 sitnm
157 1147 221 1189 esse
237 1131 337 1186 dicitnr
351 1147 399 1188 car
414 1130 541 1202 hominis,
558 1132 631 1206 quod
650 1131 788 1190 affectatio
812 1134 872 1203 ejas
925 1129 1046 1178 vestrum
1057 1137 1120 1178 “³⁰1
1134 1132 1262 1194 ⁰b⁰i²0i⁰
1277 1123 1372 1180 mimi
1387 1125 1420 1194 δί,
1437 1131 1545 1199 tempus
1558 1126 1645 1197 ilissum
1660 1127 1733 1184 redi·

61 1237 147 1293 prona
160 1220 199 1277 sit
211 1236 322 1292 semper
336 1227 364 1277 et
377 1219 504 1293 proclivis
524 1221 552 1276 in
580 1228 691 1278 tertam,
722 1222 781 1278 ilat
820 1237 871 1278 san
924 1226 1000 1266 mere
1038 1209 1211 1284 cupientibus
1249 1212 1339 1276 nobis,
1368 1228 1458 1271 sermo
1487 1215 1572 1272 rarior
1594 1214 1732 1273 interdum

28 1380 31 1385 1
61 1310 205 1382 monbec
234 1310 288 1366 ιω
308 1308 497 1366 miserabiliter
539 1310 625 1369 845
669 1311 868 1383 ingemiscens:
924 1298 1084 1369 protractior
1096 1297 1230 1358 videatur.
1246 1299 1302 1357 Hoc
1317 1314 1383 1356 sane
1396 1302 1476 1357 nobis
1490 1309 1581 1358 actum
1604 1303 1639 1358 sit
1665 1304 1731 1361 bre·

25 1458 30 1477 ,
62 1399 194 1467 illim,
209 1397 307 1472 inquit,
320 1401 482 1472 patimini,
496 1400 594 1457 litim
603 1416 677 1466 mm,
693 1401 806 1471 ηιμ,
824 1417 870 1458 ,Μ
924 1388 949 1442 vi
963 1387 1107 1458 prooemio,
1121 1393 1152 1443 ut
1180 1388 1301 1443 hesterni
1329 1390 1432 1461 pariter
1463 1390 1639 1465 hodiernique
1670 1409 1731 1450 ser·

62 1490 219 1548 mlum
232 1489 348 1548 mlum
362 1493 445 1547 tuum
457 1490 542 1560 (pfflt,
559 1505 658 1556 cmi„
670 1490 726 1560 25).
756 1489 811 1546 Sed
834 1506 869 1546 ῃ,
923 1476 1019 1542 monis,
1035 1474 1106 1532 illius
1119 1476 1230 1550 qnidam
1256 1477 1490 1548 prolixitas,hnlus
1518 1495 1584 1537 varo
1608 1481 1731 1538 brevitas

62 1577 103 1633 lis
118 1577 233 1650 quidsi„
248 1576 276 1634 in
295 1577 348 1634 ιω,
360 1577 483 1650 pondi„
498 1593 549 1635 ,10⁸
562 1579 726 1635 wuillelmi,
744 1579 868 1636 humanm
923 1572 1050 1622 excusata
1064 1566 1135 1639 apud
1150 1581 1199 1622 vos
1209 1567 1351 1625 habeatur.
1367 1567 1475 1625 Vereor
1496 1569 1633 1642 siquidem
1642 1569 1732 1627 minus

61 1666 252 1740 “gravedine
269 1667 360 1724 cot-dig
374 1666 482 1724 uolebat
497 1682 639 1725 remanere
653 1667 700 1741 qui
715 1667 753 1724 sic
767 1669 865 1724 admo.
883 1655 1029 1733 Bgl'niiim
1043 1655 1101 1711 fnl'e
1125 1656 1261 1712 nonnullis
1289 1657 1333 1713 vel
1362 1656 1444 1714 fnisse
1459 1658 1543 1726 illam,
1572 1659 1617 1715 Vel
1650 1657 1732 1716 innam

61 1771 128 1810 nens
141 1754 324 1828 loquebator:
341 1759 474 1814 levemus
485 1757 569 1816 corda
583 1764 680 1814 nostra
695 1774 761 1814 cum
776 1760 867 1821 mani.
922 1745 994 1814 tore;
1010 1753 1056 1802 lul
1070 1745 1157 1820 magis
1171 1755 1314 1818 ullamque
1327 1764 1409 1819 (1⁰⁸¹ss
1437 1749 1662 1816 ammittit),
1689 1749 1732 1805 in·

61 1844 110 1902 bus
125 1845 163 1901 ad
173 1845 379 1914 Deumlllrren.
389 1859 430 1912 ιιι,
448 1845 502 1917 ιι).
518 1846 600 1902 Plane
616 1845 643 1900 id
670 1846 812 1911 suadebat,
837 1852 868 1902 ui
921 1834 1394 1910 illst·circumdabimvmiflissjm
1406 1856 1413 1894 ²
1425 1855 1482 1894 '²0⁷⁸
1494 1840 1732 1896 Memfim

61 1932 201 1989 aunsstro
215 1933 301 1990 latere
316 1933 489 2009 erigerentur
504 1934 537 1990 ad
562 1935 698 1991 dextrum.
726 1935 868 1991 Saecularis
920 1931 1073 1994 nocturno.
1083 1945 1100 1984 a
1110 1929 1336 2000 taliiiavvlaniss
1350 1929 1382 1984 in
1396 1929 1450 1994 dit.
1467 1947 1485 1984 a
1499 1931 1732 2000 nepaNoperarn·

61 2022 161 2090 militia,
179 2023 289 2090 iratres,
305 2023 334 2078 in
358 2022 468 2079 sinistro
495 2030 600 2079 tantum
625 2023 710 2080 latere
742 2023 867 2096 clypeum
922 2017 1731 2083 aolnnteintenebrr‘rnbtncnrsnetaoencnicneridtcnc.

60 2117 171 2182 portat:
199 2127 256 2168 non
270 2111 416 2179 imitemur,
433 2112 455 2168 si
472 2111 543 2169 inter
561 2127 609 2169 eos
626 2113 750 2169 nolumus
778 2114 867 2186 depu-
925 2111 1060 2166 Cadenta
1077 2107 1166 2167 latera
1177 2111 1227 2165 tuo
1239 2108 1328 2172 mille,
1340 2112 1366 2165 et
1376 2109 1469 2164 decem
1478 2107 1603 2163 millias
1619 2106 1731 2164 deutris

61 2203 120 2266 tari,
137 2216 210 2275 quos
225 2202 288 2259 buia
300 2203 401 2260 seculo
415 2202 531 2259 militare
545 2209 662 2269 constat,
680 2217 734 2259 non
749 2202 866 2260 Christo.
924 2200 1184 2262 lenocinantem
1195 2215 1250 2256 non
1262 2197 1509 2270 appropinquabit.
1525 2196 1647 2252 Diximus
1665 2196 1730 2254 hinc

60 2291 153 2361 limae,
183 2290 283 2363 inquit,
310 2293 439 2351 militans
468 2294 531 2358 Deo,
554 2293 684 2366 implicat
701 2309 731 2351 se
753 2293 868 2367 repotiis
921 2287 1138 2358 praecedentibus
1153 2285 1325 2343 sermonibus
1338 2287 1410 2358 qnod
1426 2286 1537 2357 dignata
1560 2290 1603 2341 est
1624 2284 1732 2342 Veritas

59 2379 247 2438 soecanrt‘bus
261 2381 302 2449 (ll
312 2382 382 2438 Tim.
398 2396 427 2446 u,
446 2381 489 2452 il:
505 2380 557 2437 hoc
571 2389 623 2449 est,
652 2388 758 2438 sentam
777 2380 867 2452 appli-
922 2376 981 2448 ipsa
995 2375 1099 2452 largiri,
1112 2375 1345 2448 quemadmodum
1357 2374 1461 2432 scilicet
1475 2373 1584 2430 fidelem
1612 2366 1729 2430 animala

59 2476 164 2526 estnon
182 2475 237 2524 tem
252 2469 365 2535 dextrae,
381 2485 462 2542 qnam
477 2468 603 2525 sinistrae.
922 2465 1029 2521 interim
1049 2464 1159 2537 quidem
1173 2480 1188 2519 a
1203 2463 1408 2530 tentationibas,
1433 2463 1606 2536 postmodam
1633 2479 1730 2520 veroa

91 2561 136 2613 lb.
152 2557 294 2623 Attamen,
308 2556 418 2626 fratres,
433 2566 577 2631 utrumqne
590 2558 668 2615 nobis
681 2556 752 2614 latus
771 2562 868 2633 tegen-
922 2555 1124 2612 difficultatibus
1139 2562 1256 2612 tueatur.
1272 2556 1339 2628 Quae
1359 2561 1450 2612 tamen
1476 2562 1591 2627 utraque
1618 2553 1731 2612 bravius

57 2645 119 2702 dnm
143 2645 224 2704 estsi
247 2646 417 2703 meministis.
443 2648 534 2717 Scatc,
562 2647 660 2720 inquit,
683 2647 870 2707 circumdabit
923 2644 1033 2718 quidem
1046 2646 1074 2701 in
1089 2645 1142 2703 alio
1155 2645 1259 2718 psalma
1274 2645 1346 2702 idem
1362 2646 1413 2701 iste
1434 2644 1565 2718 propbeta
1593 2658 1731 2701 commen·

60 2737 207 2794 secentas
218 2737 340 2809 ejasset
358 2735 504 2809 Apostolus
517 2737 587 2809 ipse,
602 2740 757 2801 Peranna,
770 2735 867 2809 inquit,
922 2733 1001 2803 dans,
1018 2737 1049 2792 ln
1064 2741 1099 2801 te,
1110 2733 1207 2806 inquit,
1223 2733 1538 2807 eripiaratentatione,
1569 2732 1653 2790 etin
1677 2732 1730 2790 Dm

54 2825 316 2897 lutitioeadeetn's
328 2832 387 2883 eta
403 2827 530 2883 nnistris
544 2828 584 2897 (ll
592 2828 654 2884 dor.
672 2841 711 2895 vr,
727 2827 766 2898 7).
782 2826 869 2883 Caete·
922 2841 984 2882 meo
995 2822 1189 2896 transprediar
1199 2838 1317 2879 murum
1328 2823 1414 2888 (Psal.
1424 2835 1495 2882 xvn,
1508 2818 1554 2891 30)
1565 2838 1572 2874 :
1585 2818 1658 2891 quod
1668 2818 1729 2891 ipsa

57 2929 112 2971 ram
125 2915 217 2988 ipsam
231 2914 294 2971 andi
306 2914 448 2984 justitiam.
477 2913 559 2973 Forte
587 2915 660 2971 enim
683 2930 738 2972 non
771 2916 868 2972 eadem
922 2913 1049 2970 nimirum
1063 2912 1143 2984 duce,
1159 2927 1210 2968 nec
1223 2911 1267 2967 bic
1286 2909 1415 2985 gradiens
1437 2907 1643 2975 offendiculum,
1675 2923 1728 2964 nec

57 3002 164 3079 utrique
177 3003 259 3060 lateri
272 3002 359 3060 forma
372 3004 567 3077 prescribitur.
582 3005 688 3076 Nempe
712 3004 774 3062 hinc
801 3006 867 3077 qui·
922 3003 1068 3077 egrediens
1081 3002 1145 3058 hinc
1157 2999 1324 3058 obstaculum
1338 3004 1489 3072 pateretur.
1506 2997 1535 3051 ln
1559 2996 1645 3053 altero
1660 3010 1726 3069 arga

17 3112 19 3123 ¹
57 3092 113 3149 dem
126 3094 287 3159 mandabar,
303 3092 744 3166 Nonuosmetipsasdslendentes,
761 3095 868 3152 abaris·
921 3093 1016 3150 crebra
1031 3091 1145 3163 ereptio,
1161 3089 1189 3144 in
1204 3087 1385 3161 alteropIena
1405 3088 1461 3158 jam
1481 3091 1509 3140 et
1536 3099 1631 3140 secnra
1657 3084 1742 3158 libe-p

56 3185 129 3249 simi,
145 3182 273 3242 seddate
287 3183 541 3253 lacumiroelllam.
552 3198 604 3247 xiv,
622 3184 686 3251 til:
702 3191 740 3250 et,
758 3185 789 3240 ln
810 3200 863 3256 pa·
920 3183 988 3239 ratio
1001 3180 1171 3252 designatur.
1187 3178 1256 3233 Nam
1271 3177 1299 3233 in
1314 3178 1366 3234 hoc
1380 3191 1446 3231 sane
1461 3174 1540 3233 tertio
1550 3173 1623 3247 qaod
1638 3160 1729 3237 m

63 3275 264 3330 moerere
275 3271 449 3344 possidebitis
462 3272 574 3329 animas
587 3278 693 3330 uestras
707 3270 785 3344 (Luc.
800 3288 863 3349 xxa,
917 3272 1050 3344 adjungit,
1064 3269 1265 3327 Verumtamen
1274 3268 1362 3324 oculis
1373 3268 1432 3323 iuis
1439 3258 1728 3333 concumbentium

62 3364 113 3432 ιι).
129 3361 201 3419 inde
215 3375 282 3419 vero
292 3360 456 3433 praecipitur,
465 3361 558 3418 Nolite
569 3361 661 3419 locum
672 3361 739 3419 dare
753 3362 862 3421 diabolo
916 3358 1052 3417 felicitatis
1065 3373 1120 3414 non
1135 3356 1249 3413 modicae
1271 3354 1480 3429 promissionem
1512 3352 1630 3409 arbitror
1655 3349 1727 3408 eon}

58 3452 166 3524 (Epiros.
182 3465 222 3517 av,
239 3449 296 3521 ni).
316 3450 432 3519 Etitem,
450 3451 582 3507 Nesistite
594 3451 714 3518 diciano,
729 3456 758 3510 et
771 3453 862 3524 sapiet
915 3448 1005 3506 tincri.
1022 3448 1138 3509 Cadent,
1153 3445 1248 3517 inquit,
1264 3445 1383 3501 alaiere
1397 3447 1447 3499 tao
1458 3441 1547 3508 mille,
1580 3443 1608 3497 rt
1632 3438 1726 3499 wem

56 3538 281 3611 embisllacobi
295 3552 334 3604 ιι,
350 3541 391 3607 7).
408 3537 479 3593 Audi
506 3538 595 3596 adhuc
623 3539 760 3611 quormdo
785 3545 861 3612 tegas
914 3528 1724 3608 mrttnnaectrntcrsladteactrmnonappropinquabit·

54 3625 122 3684 latus
135 3635 296 3700 utrumqne.
311 3626 492 3685 Providentes
504 3626 585 3693 bana,
602 3627 639 3683 ait
650 3627 723 3684 idem
751 3636 861 3698 aposto·
919 3624 1282 3687 l'erumtamenocalistuis
1299 3618 1544 3679 consideratisne
1561 3632 1619 3684 oro,
1631 3617 1725 3673 Domi·

53 3713 102 3783 las,
115 3731 178 3773 non
190 3719 309 3774 tantam
324 3733 420 3775 corana
435 3720 499 3785 Deo,
510 3717 559 3776 scd
573 3720 764 3775 etiamcoram
773 3719 862 3775 bonai·
914 3732 959 3783 ne,
976 3716 1013 3772 ita
1027 3714 1083 3771 frat.
1100 3713 1205 3771 cadant
1220 3711 1270 3778 illi,
1290 3717 1318 3767 et
1333 3724 1387 3765 non
1400 3709 1495 3764 cadam
1511 3721 1578 3779 agot
1607 3711 1724 3777 paveant

55 3806 136 3863 ritas
155 3805 246 3874 (Rern.
261 3821 312 3875 xa,
328 3809 384 3879 tt).
399 3807 516 3864 necea
529 3807 603 3864 enirn
616 3806 863 3872 reluctabatur
915 3793 1199 3876 intercarpentis
1226 3814 1294 3873 ⁰8⁰3
1318 3797 1518 3855 confundantur
1544 3793 1593 3864 iili,
1626 3803 1653 3852 et
1667 3809 1723 3853 non

55 3892 266 3962 benefacientes,
296 3911 350 3953 non
387 3896 469 3953 modo
505 3897 647 3954 tabescere
683 3894 862 3968 malignorum
915 3892 1066 3951 confundar
1075 3907 1138 3968 ego.

53 3983 209 4043 damonum
222 3983 363 4056 invidiam,
378 4000 471 4042 veram
496 3987 578 4042 etiam
606 3986 796 4043 obmutescere
823 3985 863 4041 ia·
951 3986 978 4037 ι.
992 3979 1152 4038 Evidentius
1166 3975 1299 4049 siqnidem
1313 3973 1409 4049 paucis
1427 3973 1553 4032 hocloco
1577 3973 1668 4032 verbis
1695 3977 1723 4032 et

55 4071 360 4146 ciatisimpradentiam
374 4074 512 4131 hominum
535 4075 715 4148 ignorantiam
731 4075 759 4144 ll
782 4077 860 4132 Patr.
915 4071 1012 4127 animae
1026 4068 1092 4124 mihi
1120 4064 1309 4123 immortalitas
1337 4064 1554 4130 commendatur,
1585 4070 1613 4119 et
1639 4063 1723 4136 ipsius

53 4177 84 4232 ιι,
100 4166 159 4229 inl.
175 4161 315 4236 Numquid
330 4171 421 4221 tamen
439 4164 468 4221 in
483 4172 613 4222 ananum
632 4165 684 4222 erit
699 4163 778 4220 nobis
804 4164 862 4221 hec
915 4174 1024 4233 quoque
1062 4155 1130 4213 fides
1162 4153 1292 4211 astruitur
1324 4167 1464 4225 corporee
1502 4151 1720 4210 resurrectionis.

52 4252 188 4322 protectio
217 4253 388 4309 nummaria?
410 4262 456 4310 ant
478 4269 588 4326 semper
616 4252 710 4326 lanas,
725 4251 811 4325 certe]
826 4253 860 4307 ab
915 4249 1020 4320 Nempe
1035 4245 1177 4303 ruentibus
1191 4244 1245 4300 illis
1259 4243 1433 4300 luturnssum
1457 4241 1575 4318 ipseqni
1602 4241 1721 4312 videam,

52 4348 170 4413 auoque
184 4339 271 4398 latere
284 4342 381 4400 hostile
394 4357 493 4415 agmen
507 4342 642 4399 instabit?
665 4343 725 4399 Erit
752 4340 861 4414 qnando
916 4346 943 4395 et
960 4351 995 4392 ne
1009 4335 1054 4392 isti
1069 4348 1189 4408 qnoque,
1204 4332 1304 4406 quibas
1319 4347 1413 4389 aarum
1423 4331 1599 4388 notissimam
1617 4330 1724 4387 intuear

52 4428 275 4485 nonmodnnon
288 4429 437 4496 instabunt,
466 4429 514 4486 aed
530 4446 582 4486 nec
601 4430 711 4486 stabunt
739 4429 860 4501 quidem.
916 4425 1132 4487 retributionem,
1146 4421 1218 4480 oculi
1237 4421 1365 4479 delaturi.
1396 4422 1492 4494 Neque
1519 4421 1591 4478 enirn
1621 4420 1724 4495 simpli·

54 4518 159 4578 Cadent
173 4519 292 4594 alatere
306 4525 355 4578 tuo
364 4521 455 4586 mille,
475 4521 599 4579 etdecent
612 4521 707 4578 millia
721 4536 739 4575 a
753 4520 863 4578 destris
915 4516 984 4573 citer
996 4513 1092 4581 acuns,
1111 4511 1160 4567 sed
1179 4512 1279 4578 oculis,
1296 4511 1344 4577 ait,
1361 4512 1419 4568 tais
1434 4510 1640 4569 camidcrabir:
1662 4509 1723 4567 istis

51 4610 118 4665 turs.
134 4607 275 4679 Siquidem
289 4624 340 4666 nec
355 4611 472 4666 bumana
487 4609 588 4665 malitia
601 4610 656 4681 jam
673 4618 737 4666 tunc
751 4609 862 4664 habebit
915 4605 1009 4678 ntique
1024 4603 1070 4677 qui
1083 4617 1155 4659 nnnc
1169 4600 1300 4676 languent
1319 4615 1376 4673 prae
1406 4598 1510 4672 inopia,
1540 4607 1569 4655 et
1582 4598 1723 4667 deficiant,

51 4695 117 4768 quid
136 4694 238 4764 iaciat3
253 4710 306 4753 uec
320 4697 472 4754 daemonum
492 4697 576 4752 miliia
602 4699 664 4769 plus
692 4697 861 4762 verebimur,
915 4696 980 4752 dnm
994 4694 1128 4766 sperasin
1146 4691 1235 4748 Deum
1261 4697 1347 4746 tunm.
1365 4689 1398 4745 Et
1426 4704 1500 4755 vere,
1534 4686 1632 4744 iratres
1660 4687 1725 4744 deii-

51 4801 133 4857 qnam
149 4784 264 4842 totidem
277 4786 410 4842 vermium
424 4787 544 4859 agmina,
558 4786 861 4846 valmnscarnm.liand
916 4782 1071 4841 ciuntocnli
1086 4783 1149 4840 dnm
1164 4795 1314 4854 speramns.
1341 4777 1416 4848 Quod
1445 4778 1522 4836 anim
1550 4776 1627 4836 uidet
1651 4779 1723 4852 quis,

50 4874 129 4933 aliter
156 4875 278 4947 denique
290 4875 457 4933 intuebimur
477 4893 536 4943 eos,
565 4893 647 4949 qnam
683 4877 731 4933 lilii
768 4878 861 4943 lsrael,
916 4874 983 4948 quid
996 4871 1115 4948 sperat?
1134 4873 1211 4945 Spes,
1227 4867 1526 4943 inquit,puoeoideiar,
1540 4869 1723 4941 nonestspea

49 4963 214 5020 transmisso
227 4963 283 5034 jam
298 4965 365 5020 mari
386 4966 488 5032 iiubro,
515 4966 636 5039 undique
664 4967 705 5022 sni
721 4966 863 5039 AEqyptios
917 4963 1008 5034 (Ram.
1024 4977 1086 5026 van,
1102 4963 1158 5026 bi).
1173 4959 1241 5032 Ipsis
1255 4973 1322 5031 ergo
1349 4958 1405 5027 iarn
1436 4962 1501 5012 tunc
1535 4954 1724 5014 considerabis

50 5059 189 5118 nonnos,
204 5052 254 5108 sed
269 5061 297 5110 et
311 5061 386 5110 rotas
417 5070 545 5112 curruum
573 5055 612 5111 ire
639 5054 668 5111 in
697 5055 862 5127 profundum
918 5052 1014 5118 oculis,
1029 5066 1100 5124 qnos
1125 5051 1207 5106 modo
1234 5046 1344 5121 quidem
1372 5061 1423 5102 nce
1449 5045 1542 5103 levare
1569 5045 1655 5103 audes
1684 5046 1718 5102 ad

49 5141 224 5198 cernebant:
241 5149 306 5199 utet
319 5157 370 5200 nos
388 5144 501 5214 scincet,
525 5143 608 5218 longe
621 5152 712 5199 tamen
740 5144 863 5214 securius
917 5141 1036 5209 coelum3
1052 5139 1118 5212 ipsis
1129 5139 1223 5210 plane,
1239 5135 1286 5210 qui
1300 5134 1381 5191 toties
1394 5135 1504 5190 interim
1519 5135 1604 5191 linunt
1632 5136 1724 5208 lacry-

54 5227 295 5299 etdeiectabilius,
324 5239 464 5294 mutemus
491 5232 615 5301 ὓοιιιιιιο,
644 5231 718 5305 quod
745 5230 863 5305 gloriose
919 5230 981 5298 mis,
1009 5245 1042 5285 ac
1066 5227 1171 5284 crebris
1197 5223 1450 5297 compunctionibus
1470 5230 1632 5281 atteruntur.
1661 5225 1721 5282 Neo

50 5315 247 5375 honorificatus
256 5318 301 5387 sit,
316 5335 416 5393 equum
426 5329 454 5378 et
468 5335 644 5381 ascensorem
654 5320 716 5392 elus
730 5318 865 5392 dejiciens
920 5318 993 5376 enim
1006 5331 1092 5374 navos
1106 5315 1154 5370 tibi
1169 5313 1360 5371 instaurandos
1373 5322 1464 5387 putes,
1480 5313 1531 5372 sed
1553 5321 1612 5370 tues
1626 5312 1721 5387 ntique

51 5403 225 5482 iaabysaam
239 5407 342 5479 (nard.
352 5425 413 5481 ιιι,
424 5410 486 5482 ιι).
921 5402 1211 5476 restaurandos.de
1230 5404 1372 5463 emenda
1399 5405 1477 5464 oculo
1506 5402 1632 5470 dnerim,
1665 5403 1718 5462 etsi

920 5492 1110 5565 minutissima,
1126 5491 1340 5554 eminentissima
1349 5501 1451 5562 tamem
1475 5491 1718 5553 excellentissima·
