3734 5948
54 122 102 179 621

54 243 111 308 sola
126 242 199 317 banc
211 237 345 305 mucidam
357 237 431 307 lavet
443 237 543 313 qratia,
559 245 587 296 ct
606 237 666 297 sola
684 253 745 297 man
758 236 857 295 raserit
871 257 894 338 Α

55 326 117 405 olim
136 339 217 406 petra
240 326 466 388 circumcisionis:
491 328 524 397 si,
539 336 570 385 ut
592 328 702 385 omniuo
716 327 789 399 pium
814 332 856 382 est

56 421 181 493 nodare,
197 419 338 494 proprium
352 417 437 476 llaria
447 418 574 474 delictum
590 433 645 475 non
659 416 762 487 babuit,
778 416 856 473 nibil·

56 511 163 570 ominus
185 509 220 565 ab
242 506 466 565 innocentissimo
485 507 568 564 corde
592 507 671 564 etiam
695 505 856 580 poenitentia

56 598 137 677 longe
153 599 213 655 init.
228 596 269 654 Sit
289 613 356 670 ergo
375 597 493 653 Lazarus
511 596 582 669 apud
595 613 651 663 eos,
672 611 788 669 quorum
804 612 855 652 ne-

56 705 133 748 cesse
157 696 200 744 est
214 688 249 742 ab
271 685 401 757 operibus
424 685 536 740 mortuis
559 685 741 741 conscientias
759 700 854 740 emun-

57 774 130 852 dari:
149 771 262 829 secedat
276 771 346 827 inter
364 771 522 827 vulneratos
535 769 702 827 dormientes
720 770 748 825 in
762 770 856 842 scpul-

57 864 117 929 aris‚
141 871 173 918 nt
195 862 224 918 in
245 861 362 917 thalamo
384 859 510 933 virginali
522 859 697 917 inveniantur
711 861 814 917 Martha
830 866 858 916 et

56 953 138 1009 llaria
152 959 269 1007 tantum.
285 950 346 1023 lpsa
360 955 403 1005 est
416 949 488 1006 enim
506 947 627 1005 tutet)
645 965 706 1021 quae
719 949 857 1005 Elisabeth

56 1040 178 1115 gravidae
192 1047 220 1096 et
242 1039 394 1116 grandaeva
410 1037 486 1112 qnasi
506 1038 645 1106 mensibus
664 1037 750 1094 tribus
764 1037 858 1093 humili

57 1129 207 1188 deservivit
222 1127 313 1186 officio
330 1128 409 1197 (tuo.
425 1144 446 1196 r,
463 1129 523 1200 56);
540 1128 600 1200 ipsa
614 1145 675 1200 quae
689 1129 782 1196 verba,
798 1143 859 1200 quaa

57 1220 90 1277 de
104 1218 175 1276 Filio
189 1216 358 1285 dicebantur,
375 1218 553 1274 conservabat
573 1215 716 1274 conterens
734 1217 762 1273 in
776 1215 859 1273 corde

57 1325 105 1367 suo
126 1309 209 1381 (Luc.
223 1321 252 1375 rt,
268 1309 323 1379 lb).

440 113 477 169 ΙΝ
495 110 747 185 &nebulonis
764 110 797 169 fl.
815 108 941 173 ΝΛΜ
960 107 1114 177 inauditi
1132 108 1254 171 §wo
1272 108 1318 168 lll.

1654 115 1709 170 m

912 235 1014 308 23-66).
1031 233 1110 306 Quod
1135 234 1272 295 silutaam
1283 236 1355 294 bano
1375 234 1483 312 copim
1495 233 1616 305 donum,
1632 233 1710 294 iacile

911 324 962 381 erit
984 341 1065 382 nosse
1090 325 1317 398 quemadmodum
1340 325 1368 380 in
1393 341 1425 382 ea
1439 324 1584 381 Dominum
1606 326 1712 382 llartba

911 414 996 489 magis
1006 414 1123 486 excipiat
1133 430 1213 488 qnam
1224 414 1316 470 blaria.
1333 413 1411 485 Quod
1421 413 1494 469 enim
1503 413 1541 470 ait
1550 414 1709 486 Apostolus:

913 505 1073 575 Glorifieate
1083 510 1112 562 et
1124 508 1234 578 portata
1243 507 1333 562 Deam
1342 506 1373 560 in
1384 520 1499 578 corpore
1513 509 1602 562 uestro
1613 504 1639 577 (1
1648 505 1709 561 Cor.

910 609 950 661 vr,
966 594 1021 667 ιθ),
1047 595 1158 649 ltanhae
1173 593 1280 663 dieitur,
1306 610 1360 650 non
1383 593 1483 654 llariae.
1507 594 1569 650 llaec
1584 592 1711 649 nimirum

911 684 1031 752 corporis
1046 683 1128 738 utitur
1152 682 1342 751 instrumento,
1364 699 1425 738 cum
1444 683 1481 737 illi
1497 684 1586 754 potius
1608 683 1643 739 sit
1657 683 1711 737 im·

911 771 1078 841 pedimento.
1094 771 1216 844 Denique
1227 788 1338 845 corpus,
1354 772 1451 844 inquit,
1469 775 1540 847 quod
1554 774 1712 845 corrumpi-

913 865 969 935 tur,
977 867 1110 935 appronat
1120 863 1256 928 animum,
1268 867 1296 919 et
1306 862 1440 935 deprimit
1449 867 1563 920 terrena
1574 864 1714 920 inhabita·

913 951 1714 1024 tiosensumnaultacoqitcntent(Sap.rx,15).Nunquidct

913 1041 1097 1112 operantem?
1112 1040 1214 1095 llartha
1237 1038 1319 1112 igitur
1333 1040 1360 1094 in
1383 1039 1493 1095 donnum
1518 1057 1594 1097 sunm
1615 1041 1714 1113 excipit

915 1128 1081 1187 Salvaturem
1100 1131 1126 1184 in
1142 1129 1240 1186 terris:
1255 1127 1339 1184 llaria
1353 1128 1443 1199 potius
1464 1129 1566 1200 cogitat
1580 1129 1713 1201 quemad·

914 1220 1022 1277 modurn
1038 1220 1200 1292 suscipiatur
1214 1220 1248 1275 ab
1264 1234 1297 1276 eo
1316 1218 1344 1273 in
1368 1217 1449 1274 domo
1464 1234 1519 1274 non
1538 1220 1713 1293 manufacta,

915 1320 1016 1369 aeterna
1031 1309 1057 1365 in
1073 1309 1156 1366 ooelis.
1178 1310 1259 1366 Forte
1274 1315 1368 1365 tamon
1381 1317 1407 1364 et
1420 1308 1480 1381 ipsa
1494 1309 1637 1367 Dominum
1651 1328 1715 1367 sus·

91 1403 120 1456 a.
135 1395 286 1454 Neminem
300 1411 366 1471 ergo
381 1404 498 1464 moveat,
515 1395 588 1470 qnod
598 1394 749 1468 suspiciens
763 1395 860 1451 mulier
915 1399 1019 1471 cepisse
1033 1398 1150 1468 videtur,
1176 1398 1226 1456 sed
1244 1397 1272 1454 in
1287 1397 1401 1471 spiritu:
1425 1398 1557 1455 Dominus
1570 1399 1642 1456 enim
1657 1400 1715 1472 spi·

57 1487 216 1554 Dominum,
233 1500 287 1542 non
301 1484 393 1553 llario,
415 1486 463 1541 sed
481 1485 586 1539 ltlartha
604 1491 731 1542 vocatur:
752 1485 861 1557 quando
914 1487 982 1543 ritus
992 1495 1042 1542 est.

57 1578 84 1634 in
100 1578 223 1635 baanna
237 1582 265 1632 et
279 1590 384 1630 summa
398 1573 520 1630 blariact
542 1574 654 1630 hlartbae
669 1574 818 1646 negotium,
834 1581 861 1632 et
877 1572 900 1651 Β
950 1580 977 1634 a.
995 1578 1073 1643 Huic,
1089 1575 1186 1648 inquit,
1203 1576 1275 1631 haud
1291 1575 1402 1630 dubium
1416 1574 1482 1647 quin
1496 1575 1620 1645 hiarthae,
1637 1593 1717 1635 soror

57 1665 151 1725 llariae
167 1681 223 1722 non
241 1664 357 1721 otiosum
372 1664 457 1720 otium
473 1663 618 1721 invenitur.
641 1664 737 1721 Omnis
751 1664 860 1736 quidem
915 1670 987 1732 erat,
1004 1666 1117 1722 nornine
1131 1665 1240 1721 Maria.-
1257 1683 1318 1738 quae
1336 1666 1425 1723 etiam
1438 1665 1534 1723 sederas
1548 1683 1626 1724 secus
1639 1665 1719 1741 peres

58 1755 147 1829 gloria
173 1754 236 1811 htiae
260 1752 334 1826 regis
354 1752 495 1808 abintus:
521 1751 696 1809 nihilominus
719 1760 810 1810 tamen
834 1754 863 1809 in
915 1758 991 1823 iasa,
1007 1755 1138 1812 audiebat
1162 1756 1381 1813 verbumillius.
1408 1755 1491 1812 Vides
1506 1757 1578 1828 quod
1603 1765 1719 1829 utraque

59 1844 176 1900 fimbriis
195 1842 285 1900 aureis
299 1841 498 1898 circumamicta
515 1849 557 1898 est
580 1841 722 1900 varietate.
747 1843 807 1900 Nou
821 1848 863 1899 est
917 1842 1035 1915 suscepit
1048 1844 1180 1910 Verbum,
1196 1844 1254 1900 luec
1264 1844 1292 1899 in
1305 1859 1399 1911 carna,
1414 1843 1460 1899 illa
1475 1844 1503 1898 in
1514 1860 1591 1900 voce.
1608 1847 1718 1902 Martia

60 1935 94 1990 de
109 1947 226 2001 numero
239 1931 373 1988 fatuarum
394 1931 544 2002 virginum:
565 1931 685 2002 prudeus
707 1938 749 1988 est
770 1931 862 2004 virqo;
918 1937 1014 1990 nutent
1028 1932 1174 2004 satnqebut
1190 1934 1267 1988 circa
1282 1932 1414 2005 frequens
1428 1933 1632 1991 ministerium.
1653 1936 1719 2002 Quae

59 2023 217 2095 lampadem
231 2022 324 2086 babet,
340 2019 390 2076 sed
405 2020 431 2074 in
446 2036 511 2076 vase
525 2021 614 2077 oleum
626 2031 725 2092 portat.
738 2024 780 2076 An
795 2021 864 2079 forte
918 2025 1009 2089 stetit,
1021 2022 1115 2077 etait:
1132 2022 1257 2086 Doctrina,
1275 2037 1333 2078 non
1343 2024 1384 2076 est
1400 2021 1452 2077 tibi
1461 2037 1537 2077 curia
1551 2021 1623 2094 qaod
1642 2036 1721 2079 soror

61 2112 162 2169 excidit
185 2111 263 2168 robis
290 2109 444 2184 evangelica
459 2109 503 2164 illa
526 2109 663 2181 parabola,
695 2127 755 2183 quae
780 2110 864 2167 latuas
918 2127 980 2168 anea
997 2111 1110 2181 reliquit
1124 2123 1169 2164 rna
1179 2108 1268 2166 saturn
1278 2110 1472 2167 rriirir'strure?
1486 2110 1577 2180 Putas,
1588 2109 1616 2164 in
1627 2110 1719 2177 domo,

60 2202 184 2274 uirgines
208 2199 358 2271 prohibitas
381 2205 474 2254 narrat
497 2199 530 2254 ab
552 2199 665 2254 introitu
689 2199 864 2271 nuptiarum?
919 2199 1014 2270 inqua
1042 2196 1166 2252 Christus
1189 2196 1345 2268 suscipitur,
1360 2213 1413 2255 vox
1437 2197 1659 2254 murmurationis
1673 2213 1721 2253 an-

62 2292 179 2353 (llatth.
195 2304 266 2357 xxv,
296 2291 389 2358 l-lb.)
418 2287 482 2343 Erat
509 2288 619 2360 quidem
647 2288 743 2344 domus
772 2305 864 2345 earum
919 2285 1117 2343 dicturiFelix
1143 2287 1249 2354 domus,
1266 2295 1293 2342 et
1317 2289 1396 2343 beata
1411 2304 1521 2360 semper
1544 2287 1721 2360 congregatio

63 2378 176 2445 munda,
201 2377 321 2450 virgines
343 2376 414 2432 enim
430 2385 521 2433 erant:
548 2386 606 2432 erat
621 2386 725 2446 ornata,
749 2379 813 2450 quia
827 2380 865 2435 si·
921 2383 971 2443 ost,
996 2374 1043 2431 ubi
1057 2375 1091 2430 de
1111 2375 1192 2430 llaria
1207 2377 1311 2432 blartha
1334 2378 1519 2449 conqueritur.
1547 2377 1616 2432 Nam
1631 2376 1722 2431 blariae

62 2467 118 2524 mul
133 2482 241 2534 omnes,
257 2464 284 2520 id
300 2473 341 2523 est
356 2464 435 2521 fatuae
450 2482 510 2522 cum
522 2466 711 2537 prudentibus,
727 2466 867 2540 lampades
922 2465 1052 2520 blartbam
1068 2465 1187 2520 aemulari
1211 2481 1324 2537 prorsus
1338 2466 1492 2540 indignum,
1519 2481 1630 2537 prorsus
1643 2464 1723 2521 illici·

62 2566 251 2624 ornaverunt;
276 2555 325 2611 sed
350 2561 408 2610 orat
436 2569 545 2622 vacans,
577 2555 639 2628 quia
663 2556 690 2611 in
718 2556 789 2613 vasis
813 2558 868 2613 suis
924 2561 978 2609 tum
994 2562 1044 2610 est.
1061 2553 1249 2625 Alioquinubi
1269 2555 1459 2628 legisllariam
1474 2563 1643 2611 causantem.
1655 2554 1724 2622 Quia

63 2647 155 2715 oleum
178 2660 234 2700 non
256 2653 429 2714 acceperunt.
454 2644 522 2700 llino
542 2653 594 2709 est,
619 2645 691 2718 quod
705 2661 756 2703 nec
779 2646 869 2703 abeis
922 2659 1000 2701 soror
1015 2659 1076 2699 mea
1098 2642 1207 2715 reliquit
1225 2659 1270 2702 ma
1294 2644 1379 2700 solam
1404 2645 1522 2701 vacaret
1545 2644 1630 2710 Absit,
1654 2642 1725 2698 absit

63 2733 167 2807 suscipi
181 2734 208 2789 in
232 2733 329 2790 domos
350 2749 423 2802 suas,
448 2749 499 2789 neo
517 2734 659 2791 admittere
683 2750 730 2791 eas
744 2735 870 2808 dignatur
925 2740 953 2786 ut
967 2731 1012 2804 qui
1035 2731 1095 2787 Deo
1109 2739 1196 2801 vacat,
1221 2733 1255 2789 ad
1271 2735 1463 2791 tumultuosam
1495 2732 1602 2790 ΙθθΙ
1622 2732 1727 2806 aspirat

64 2840 182 2898 sponsus
205 2823 323 2880 ooelestis
347 2822 381 2878 ad
404 2822 523 2895 nuptias.
554 2825 614 2881 Non
641 2825 680 2880 sic
703 2823 802 2881 mulier
827 2824 871 2880 illa
925 2821 1037 2876 fratrum
1062 2820 1206 2877 officialum
1224 2822 1325 2879 vitanti
1355 2825 1460 2879 blartha
1481 2838 1591 2894 semper
1618 2819 1726 2877 insulti-

64 2913 155 2981 tortis,
179 2929 240 2987 quae
262 2911 397 2984 serpentis
419 2919 500 2982 caput
518 2912 658 2969 contrivit.
684 2915 774 2971 llabes
798 2914 871 2972 enim
887 2873 909 2952 c
926 2900 1065 2966 oicns'sibi
1088 2915 1115 2966 et
1133 2909 1222 2967 minus
1236 2911 1335 2967 idonea
1352 2911 1487 2980 videatur,
1511 2910 1624 2982 aliisque
1639 2910 1726 2980 magis

66 3012 128 3077 post
142 3000 226 3058 multa
240 3002 268 3056 in
283 2999 407 3056 laudibus
420 3001 490 3071 ejus,
518 3001 583 3073 quia
602 3019 659 3059 nou
673 3006 872 3076 exstinquetur
926 2997 954 3053 in
969 2998 1059 3071 operis
1073 2999 1146 3071 qnod
1160 2998 1330 3055 administrat
1348 3006 1424 3070 optat
1438 2997 1552 3069 imponi.
1572 2997 1727 3070 Respondit

65 3093 97 3150 in
110 3095 195 3151 nacte
212 3092 328 3149 lucerna
344 3091 404 3162 ejus
419 3088 510 3162 (Pron.
526 3105 608 3157 xxxv,
621 3094 677 3164 ta).
689 3092 719 3148 ln
729 3093 873 3166 sugillatio-
927 3094 1025 3145 autem
1035 3089 1062 3144 ei
1071 3089 1169 3144 ierus:
1183 3088 1302 3154 Martha,
1315 3088 1436 3154 Martha,
1446 3088 1571 3144 sollicita
1581 3090 1727 3158 es,cttur-

66 3198 133 3239 nem
161 3181 213 3238 boc
241 3179 340 3236 dicitur
368 3178 511 3248 fatuarum,
540 3197 602 3252 quae
629 3181 757 3239 veniente
785 3184 873 3240 media
927 3176 1524 3250 barisarqapiurinra.Vidcpraeroqativam
1533 3176 1728 3247 Mamae,quem

65 3278 151 3328 nocte
168 3284 281 3342 sponso,
302 3276 506 3340 conqueruntur
529 3284 601 3337 sero,
624 3278 652 3327 et
671 3271 776 3328 dicunt:
801 3274 873 3342 Quia
907 3339 909 3343 Ι
927 3266 953 3321 iu
964 3265 1038 3323 omni
1046 3281 1128 3322 causa
1138 3265 1413 3322 habeatadvocatnm.
1423 3263 1584 3337 Indignatur
1592 3263 1728 3337 siquidem

68 3359 873 3437 tampadesnostroeexstinquuutur.Processitigiturqlo-
928 3355 1077 3411 Pharisaeus
1090 3355 1166 3428 (lue.
1192 3371 1240 3424 vu,
1258 3358 1314 3426 39),
1340 3354 1516 3427 conqueritur
1533 3371 1621 3424 soror,
1647 3354 1728 3410 etiam

66 3451 143 3506 riosa
156 3447 251 3520 Virgo,
266 3448 344 3517 cuins
361 3448 465 3516 lampas
479 3446 669 3505 ardentissima
683 3450 749 3522 ipsis
764 3468 873 3525 quoquo
928 3445 1051 3518 discipuli
1065 3454 1235 3502 murmurant
1248 3446 1357 3515 (Mutila.
1370 3461 1449 3512 xxxn,
1468 3447 1514 3513 8):
1531 3445 1631 3516 ubique
1646 3444 1730 3499 llaria

67 3535 179 3611 angelis
197 3537 265 3593 lucis
289 3535 419 3592 miraculo
444 3534 504 3603 tuit,
528 3544 557 3593 ut
581 3538 717 3596 dicerent:
744 3542 812 3610 Qua
830 3546 874 3600 ert
929 3541 1120 3608 tricessimo
1144 3550 1177 3590 ea
1197 3533 1318 3606 loquitur
1332 3534 1455 3590 christus
1480 3533 1727 3610 (sup-optimam,

67 3631 140 3697 ista,
156 3625 485 3701 qaoeproqrediiursicut
496 3643 601 3684 aurora
611 3644 791 3702 consarqens,
810 3633 875 3703 put-
928 3623 1024 3697 inquit,
1040 3628 1150 3697 partem
1161 3624 1245 3696 eleqit
1255 3624 1308 3680 sibi
1320 3624 1417 3687 Maria,
1428 3638 1493 3694 quea
1511 3622 1731 3691 nuncuparetur

69 3717 142 3780 ebra
164 3720 198 3772 ut
216 3716 297 3786 tuna,
314 3716 403 3773 eiecta
420 3719 453 3771 ut
468 3716 534 3773 sot?
555 3716 644 3788 (Cast.
661 3733 700 3785 vr,
717 3721 757 3789 9.)
772 3719 875 3777 Clarius
929 3714 962 3768 ab
976 3731 1008 3771 ea
1019 3713 1046 3768 in
1061 3719 1203 3769 aeteruum.
1215 3713 1367 3767 llocunum
1381 3710 1447 3765 illud
1458 3708 1530 3783 quod
1545 3709 1730 3767 necessarium

70 3804 148 3860 enim
167 3803 274 3860 caetems
290 3802 425 3874 rutilabat,
442 3819 523 3877 quam
537 3804 690 3876 repleverat
705 3807 766 3864 oleo
780 3809 875 3882 qratiae
930 3811 985 3874 est3
1003 3803 1060 3857 hac
1078 3817 1141 3869 uua,
1167 3816 1247 3872 qnam
1266 3800 1401 3870 Propheta
1424 3807 1478 3854 tam
1493 3797 1585 3857 seculo
1609 3799 1733 3872 require·

69 3909 129 3967 prae
153 3891 330 3966 participibus
356 3893 412 3951 suis
435 3892 557 3950 Christus
584 3894 672 3967 lasus,
701 3895 783 3954 Filius
803 3899 873 3970 ejus,
929 3893 991 3947 bat:
1011 3893 1110 3958 Unam,
1130 3888 1479 3962 inquit,petiialionaino,
1496 3889 1569 3946 itane
1587 3891 1732 3962 requiram
1797 3940 1801 3950 ,

70 3983 210 4040 Dominus
224 3991 327 4041 noster.
930 3980 1019 4052 (Paul.
1035 3995 1116 4046 xxvr,
1133 3981 1170 4050 b).

385 4070 500 4129 santio
527 4072 573 4127 111.
968 4072 993 4124 3.
1020 4066 1090 4137 Quid
1104 4075 1195 4124 tamen
1214 4067 1266 4124 sibi
1288 4067 1353 4137 vult,
1374 4066 1483 4136 iratres,
1507 4068 1580 4140 qnod
1602 4066 1732 4138 optimam

118 4163 159 4220 De
174 4161 273 4231 haria,
284 4161 394 4220 ldurtha
408 4166 436 4220 et
451 4164 564 4221 lazaro.
581 4162 659 4235 (Lac.
674 4177 704 4231 x,
721 4161 834 4233 36-66.)
933 4166 1038 4230 partem
1062 4156 1144 4212 llaria
1158 4155 1256 4213 dicitur
1270 4156 1412 4230 elegisse?
1440 4157 1490 4213 Ubi
1504 4157 1558 4227 jam
1580 4156 1641 4221 erit,
1659 4153 1733 4227 quod

117 4250 410 4308 t.lntrcuitiesusin
424 4251 880 4325 quoddamcastellum,etnanlier
934 4246 1064 4303 adversus
1092 4261 1151 4301 eam
1181 4244 1304 4317 prolerre
1331 4245 1460 4310 solemus,
1475 4245 1498 4300 si
1525 4242 1634 4317 qnando
1662 4243 1733 4300 torte

72 4339 216 4414 quiedam,
234 4340 343 4395 Martha
358 4342 484 4406 nomine,
499 4342 608 4414 accepit
623 4341 707 4398 iilum
722 4345 753 4399 in
767 4342 881 4399 domum
934 4334 1147 4392 administrantis
1169 4334 1282 4390 hlarthae
1307 4334 1497 4403 turbationem,
1523 4333 1734 4409 inaequalitatem

72 4445 170 4485 suam.
183 4425 252 4497 Quid
268 4435 319 4494 est,
342 4426 451 4494 iratres,
478 4429 550 4500 quod
575 4446 590 4485 e
614 4429 719 4484 duabus
742 4429 882 4484 sororibus
935 4425 1084 4495 dijudicare
1107 4422 1238 4478 voluerit:
1253 4424 1348 4480 Melior
1363 4428 1406 4478 est
1420 4425 1559 4495 imquitas
1578 4425 1634 4482 uiri
1647 4440 1734 4497 quant

74 4518 164 4572 altera
178 4522 283 4571 tantum
299 4517 445 4574 Dominum
459 4518 561 4591 legitur
574 4518 725 4590 excepisse,
738 4526 764 4575 et
775 4534 808 4574 ea
823 4518 881 4590 ipsa
936 4516 1113 4585 benefaciens
1134 4510 1262 4568 mulier?
1284 4512 1382 4581 (Ereti.
1404 4527 1473 4580 xuu,
1492 4513 1548 4585 li.)
1568 4511 1617 4566 Ubi
1641 4513 1693 4569 erit
1707 4517 1736 4569 et

75 4621 138 4678 quae
158 4603 268 4661 videtur
285 4604 418 4663 inferiori
433 4606 570 4678 Optimam
584 4609 658 4665 enim
677 4605 784 4681 partem
799 4606 882 4678 elemt
936 4603 1000 4658 illud
1016 4620 1022 4657 :
1040 4602 1141 4673 Siquis
1152 4600 1454 4668 mittiniinr'stranerit,
1466 4602 1735 4672 honorificabiteurn

78 4688 173 4758 blaria,
189 4695 260 4745 teste
275 4689 333 4762 ipso
349 4707 430 4763 quam
444 4693 551 4748 Martha
574 4693 703 4767 suscepit.
728 4693 783 4749 Sed
807 4692 883 4765 prior
937 4689 1371 4762 Putermeusitiouu.x11,it.)
1387 4691 1419 4745 lit
1433 4690 1497 4746 illud
1510 4708 1516 4744 z
1530 4691 1583 4759 Qui
1590 4690 1683 4762 rnajor
1693 4694 1736 4748 est

77 4785 143 4834 natu
168 4777 274 4833 hlartlra
292 4779 409 4848 videtur,
435 4788 463 4837 et
480 4782 574 4838 salutis
596 4782 701 4838 initium
724 4782 774 4838 sibi
798 4781 884 4856 magis

78 4867 161 4937 actio,
180 4882 260 4940 quam
277 4869 471 4940 contemplatio
486 4871 607 4927 noscitur
620 4871 769 4928 vindicare.
781 4872 884 4929 Laudat

10 4992 15 5031 Ι.
79 4953 205 5014 Christus
226 4956 349 5025 llariam,
374 4957 422 5015 sed
446 4976 460 5014 a
489 4962 593 5017 blartha
622 4959 774 5034 suscipitur.
804 4963 886 5017 Amat

10 5086 12 5099 .
79 5047 228 5105 Rachelem
251 5046 343 5115 taoob,
370 5048 419 5104 sed
443 5048 490 5106 bia
510 5048 671 5122 supponitur
690 5049 834 5124 ignoranti
858 5048 887 5107 Si

81 5139 115 5195 de
130 5136 229 5194 fraude
250 5137 382 5210 queritur,
406 5139 497 5196 audiet
521 5154 575 5195 non
599 5152 661 5195 esse
684 5138 887 5196 consuetudinis

82 5236 112 5285 nt
124 5226 250 5300 juniores
273 5227 348 5301 prius
363 5229 504 5286 tradantur
526 5229 560 5286 ad
579 5227 688 5303 nuptias
701 5230 780 5300 (Gen.
804 5238 885 5300 xxxx,

120 5335 179 5408 (67)
193 5334 244 5393 llio
257 5352 339 5393 unam
352 5336 475 5410 agnoscit
489 5336 598 5394 blariam
613 5338 766 5393 bernardus
793 5345 823 5393 ut
840 5355 888 5394 su·

14 5486 17 5499 ,
85 5421 133 5481 pra
141 5409 335 5467 sermouebin
345 5409 582 5483 Dominieabpost
591 5410 820 5481 Pentecosten,et
828 5424 887 5468 ser·

937 4786 1073 4847 vestrum‚
1088 4783 1146 4837 crit
1159 4779 1415 4838 ministarvester?
1426 4781 1535 4851 (llattlr.
1551 4796 1601 4847 xx,
1614 4778 1671 4850 26.)
1686 4781 1737 4836 Po·

939 4879 1050 4940 stremo,
1067 4887 1127 4944 qnae
1141 4870 1290 4929 consolatio
1309 4878 1350 4927 est
1369 4869 1512 4938 laboranti,
1537 4869 1614 4942 quasi
1629 4868 1657 4926 in
1676 4869 1737 4942 ejus

939 4961 1167 5035 suggillationem,
1184 4970 1289 5034 partem
1303 4960 1404 5017 sororis
1413 4960 1538 5016 attollere
1548 4959 1562 5014 i
1572 4959 1658 5019 Unum
1670 4974 1737 5035 ergo

940 5052 1057 5108 arbitror
1071 5067 1087 5107 e
1101 5051 1217 5120 duobus,
1233 5058 1263 5106 nt
1277 5056 1324 5106 aut
1346 5051 1381 5106 de
1396 5050 1529 5107 electione
1543 5049 1626 5107 llaria
1640 5048 1736 5105 laude·

942 5150 995 5210 tur,
1012 5141 1082 5213 quod
1099 5155 1162 5212 pars
1174 5141 1243 5213 ipsa,
1260 5138 1428 5212 quantumin
1444 5140 1583 5208 nobisest,
1600 5139 1636 5196 sit
1648 5135 1738 5195 omni·

942 5230 993 5286 bus
1007 5229 1147 5302 eligenda;
1162 5235 1291 5286 antoerte
1305 5236 1334 5285 nt
1349 5236 1475 5286 neutrum
1489 5229 1594 5288 dicatur
1606 5227 1736 5297 defuisse,

941 5352 1023 5396 mone
1037 5336 1098 5393 lde
1111 5334 1289 5393 Dedicatione
1299 5335 1430 5406 ecclesie,
1443 5353 1516 5394 num.
1527 5341 1553 5394 3.
1569 5333 1738 5393 Conierscr·

944 5407 1737 5478 monemlietibinCantica,ubiharderadubiusbaeret.
