3734 5948
167 212 217 272 511
629 210 657 270 S.
674 208 841 271 temtatur
855 205 993 267 tuentis
1007 205 1326 269 claua-vtatttrtsts

166 338 240 394 bunc
256 337 393 408 spiritum,
415 336 534 392 tratres:
555 343 610 393 tota
638 334 821 393 sollicitudine
849 347 962 403 operam
978 344 1002 424 fl
1017 330 1179 404 circumdet,
1203 334 1323 392 attende.
1346 335 1440 399 Scuto,
1455 333 1558 406 inquit,
1581 335 1807 397 circumdolritts
1846 324 1861 378 fl

168 424 272 491 demus,
293 432 324 482 ut
338 440 492 482 mereamor
504 424 603 482 hebere
621 426 694 481 hunc
715 422 850 496 spiritum,
866 421 920 477 imo
935 427 964 475 ut
1015 427 1123 478 ventos
1137 437 1209 494 epos.
1225 420 1267 477 td
1288 421 1352 493 quid
1368 421 1441 477 enim
1454 421 1469 477 t
1483 422 1544 480 lton
1554 421 1678 492 timebis,
1690 423 1806 497 inquito
1846 412 1861 452 ⁸

167 599 326 669 Quicunque
350 597 420 656 enim
450 600 575 672 spiritum
600 600 698 657 Christi
721 614 773 655 non
796 598 896 665 habet,
920 595 964 652 hic
1014 598 1272 670 perambulantem
1296 600 1615 664 rependerimus
1629 603 1658 659 et
1673 600 1806 661 ellesponto

168 701 222 744 non
238 694 279 742 est
292 687 352 758 elus
366 687 457 758 (Rom.
473 703 531 755 utu,
549 693 565 745 9
581 730 589 743 .
609 689 664 744 Nos
678 696 767 744 autem
783 702 837 742 non
853 683 962 757 accepi·
1016 687 1171 744 meridiano
1185 686 1271 760 (Ptol.
1282 705 1328 760 xo,
1343 691 1370 757 b,
1390 688 1430 760 6).
1446 687 1566 749 Videsne
1592 705 1674 761 qnam
1704 705 1807 749 owse

168 791 230 831 mus
240 770 366 847 spiritum
381 776 462 847 bujus
477 775 579 842 mundi,
594 777 643 832 sed
657 775 779 848 spiritum
795 774 842 847 qui
855 791 887 831 er
907 776 963 830 Deo
1015 774 1060 842 sit,
1082 784 1111 830 ut
1124 784 1200 832 scuto
1214 776 1361 833 circumdet
1376 785 1403 833 te
1420 778 1530 846 veritas,
1545 793 1627 851 quem
1641 778 1683 834 sic
1696 777 1808 836 bostium

167 1039 227 1111 ipsa
241 1039 332 1096 salutis
346 1048 373 1096 et
386 1040 458 1110 ritae,
474 1056 535 1113 quae
549 1041 701 1096 nullatenus
716 1058 796 1114 ogere
812 1056 962 1110 possemus,
1016 1042 1116 1098 destris
1142 1042 1308 1114 perambulat
1339 1041 1479 1115 negotium
1510 1043 1710 1099 tenebrosum:
1732 1052 1760 1100 et
1787 1056 1814 1101 ut

169 1126 221 1183 nisi
245 1127 357 1199 spiritus
374 1127 520 1185 Salvatoris
536 1130 643 1186 adesset
662 1130 708 1202 qui
729 1129 845 1189 viviticat
864 1130 965 1186 animas
1018 1130 1085 1186 nibil
1098 1131 1133 1187 sit
1148 1147 1273 1201 vacuum,
1288 1147 1303 1186 a
1316 1131 1451 1203 superiori
1467 1138 1544 1202 parte
1558 1131 1724 1188 daemoninm
1739 1132 1814 1189 meri·

169 1224 284 1272 nostras.
307 1215 467 1285 Quaeramus
485 1217 567 1290 igitur
591 1229 620 1274 ot
642 1219 714 1274 dona
734 1235 785 1274 sua
806 1217 966 1291 multiplicet
1018 1219 1128 1275 discum
1142 1219 1258 1294 insurgit
1271 1218 1366 1293 [alica
1382 1217 1524 1292 occurritl.
1539 1218 1597 1276 Nos
1621 1228 1712 1277 autem
1727 1219 1814 1278 miseri
1856 1285 1861 1295 1

167 1305 240 1361 Deus
255 1304 282 1361 iu
296 1305 386 1372 nobis,
404 1313 432 1361 et
458 1305 582 1376 spiritum
601 1321 679 1361 suurn
707 1315 815 1379 augeat,
841 1306 888 1377 qui
909 1308 965 1376 jam
1018 1316 1045 1364 et
1061 1307 1239 1378 miserabiles,
1255 1307 1353 1365 vicinis
1367 1315 1407 1364 tot
1418 1307 1599 1379 serpentibus,
1619 1315 1647 1365 et
1660 1305 1751 1384 igneis
1760 1308 1815 1365 telis
1857 1306 1861 1339 ·'

169 1392 302 1466 primitias
332 1394 416 1449 dedit.
438 1392 544 1451 Nullum
572 1394 644 1451 enim
672 1393 783 1451 omnino
815 1395 966 1463 presentis
1019 1397 1136 1469 undique
1150 1395 1313 1465 uolantibus,
1330 1395 1448 1469 undique
1462 1395 1665 1466 insurgentibus
1687 1394 1813 1467 inimicis,
1859 1402 1861 1408 ’

169 1485 230 1554 ejus
244 1483 345 1539 certios
359 1482 543 1538 testimouium
558 1492 609 1549 est,
628 1499 708 1556 quarn
724 1481 889 1540 desiderium
903 1501 967 1557 gra·
1020 1485 1193 1541 nihilomiuus
1225 1484 1378 1555 perniciosa
1410 1484 1551 1540 securitate
1591 1491 1619 1539 et
1648 1485 1815 1558 'negligentis

169 1573 213 1628 tiae
227 1571 376 1642 amplioris,
390 1571 516 1642 quoniam
533 1571 591 1643 ipse
605 1571 736 1642 dictemus
750 1571 839 1629 edunt
851 1568 968 1628 1065
1021 1572 1206 1643 dormitemus,
1229 1581 1369 1644 torpemus
1382 1572 1447 1639 otio,
1465 1572 1631 1629 vanitatibus
1645 1583 1674 1630 et
1694 1575 1815 1630 scurrili·

168 1656 223 1725 ine,
234 1659 327 1716 adduc
337 1662 478 1728 esoriedt;
493 1664 522 1716 et
533 1659 688 1733 quibibont
698 1678 752 1727 ose,
764 1661 856 1719 adbuc
866 1663 968 1719 sitient
983 1621 1005 1698 Β
1021 1661 1120 1716 tatibus
1135 1660 1319 1734 indulgemus,
1344 1672 1396 1715 tam
1418 1661 1485 1731 pigri
1500 1661 1533 1715 ad
1549 1659 1701 1732 spiritualia
1715 1662 1815 1718 exerci-

169 1747 268 1819 (Eccli.
284 1765 360 1815 xurv,
380 1751 435 1820 56).
1021 1749 1067 1817 tia,
1080 1765 1110 1804 ac
1124 1749 1146 1803 si
1167 1749 1224 1817 jam
1245 1765 1294 1819 pax
1319 1749 1353 1803 sit
1368 1758 1395 1804 et
1409 1747 1549 1815 securitas,
1565 1756 1592 1804 st
1606 1764 1660 1804 non
1675 1750 1711 1805 sit
1724 1749 1816 1805 militia

204 1839 232 1892 5.
247 1835 299 1893 Sed
315 1836 430 1892 tortasse
451 1837 596 1892 multorum
620 1838 700 1893 nobis
723 1838 894 1894 conscientie
909 1841 966 1910 jam

169 1925 354 1997 respondeat:
379 1925 573 1982 Desideramus
600 1927 709 1998 quidem
733 1927 804 1982 bunc
826 1926 965 1998 Spiritum,

168 2015 213 2086 qui
228 2013 267 2071 sic
281 2014 391 2084 adjuvet
420 2013 600 2070 infirmitatem
623 2024 760 2086 nostram3
777 2015 825 2071 sed
849 2017 968 2073 invenire

1021 1837 1076 1893 rita
1091 1838 1207 1893 bominis
1222 1853 1305 1908 super
1319 1844 1428 1892 terrum.
1443 1837 1498 1893 lloc
1509 1844 1560 1906 cst,
1577 1837 1636 1894 dioo
1651 1836 1740 1903 vobis,
1761 1839 1816 1894 clre-

1021 1925 1131 1995 rissimi,
1146 1927 1217 1998 quod
1236 1941 1281 1980 me
1296 1925 1481 1982 uehementius
1501 1933 1592 1994 terret,
1613 1927 1686 1997 quod
1710 1925 1816 1983 omnino

1021 2013 1127 2070 timoris
1155 2012 1339 2071 accerbissimi
1354 2013 1447 2086 gladio
1476 2013 1677 2071 transuerberat
1704 2013 1816 2070 snimtn

168 2119 225 2159 noo
241 2118 396 2174 possumus.
412 2104 444 2159 Et
459 2120 510 2177 ego
524 2104 586 2161 dico
602 2105 771 2178 :Propterea
790 2122 844 2161 non
857 2106 966 2161 inueni·

169 2192 213 2256 tis,
230 2191 360 2263 quianon
376 2192 743 2265 queritis3proptereanon
758 2193 890 2263 accipitis,
906 2198 968 2267 quta
1022 2191 1111 2246 minus
1141 2190 1279 2247 exercitati
1319 2191 1417 2260 [olias
1441 2189 1571 2264 excitati]‚
1611 2189 1703 2247 minus
1739 2206 1817 2263 quam
1856 2210 1859 2241 r

170 2294 224 2336 non
240 2280 341 2350 petitis.
358 2280 460 2349 renus,
474 2288 502 2337 et
523 2298 578 2337 non
592 2281 724 2354 accipitis,
745 2298 777 2339 eo
791 2285 863 2354 quod
879 2284 967 2357 negli-
1022 2280 1182 2335 accessesit
1200 2277 1309 2335 solliciti
1337 2280 1487 2336 videamur.
1520 2277 1660 2351 Siquidem
1695 2294 1782 2336 onom
1807 2295 1820 2336 e
1856 2264 1861 2357 ξ

170 2375 266 2437 genter
289 2368 384 2435 petatis
412 2367 480 2438 (75).
508 2368 580 2424 Nibit
608 2367 681 2424 enim
710 2367 782 2425 eliud
808 2376 965 2439 exspectat,
1021 2366 1446 2442 duobushaecipsanegligentia
1460 2375 1554 2423 nostra
1568 2367 1685 2440 probat)
1699 2378 1748 2425 sut
1765 2383 1819 2423 nm·

170 2453 237 2509 nihil
248 2453 320 2509 aliud
333 2455 430 2527 quaerit
449 2457 532 2520 Deus,
548 2455 599 2511 nisi
623 2466 653 2513 ut
666 2457 759 2513 sedule
775 2464 877 2514 etcum
893 2459 967 2513 desi·
1022 2457 1087 2513 nino
1103 2457 1215 2513 traditos
1233 2472 1284 2511 nos
1299 2455 1435 2524 hostibus,
1450 2462 1477 2513 et
1493 2456 1616 2522 nescire3
1632 2465 1680 2512 sut
1697 2465 1781 2522 certe,
1800 2457 1820 2512 si
1858 2444 1861 2467 ¹

171 2540 247 2597 derio
262 2541 423 2614 requiratur.
446 2544 569 2615 Denique
589 2545 697 2617 quaudo
719 2547 828 2620 negabit
852 2547 967 2615 pelenti·
1022 2544 1091 2601 iuter
1108 2545 1168 2601 haec
1181 2559 1385 2613 conservamur,
1397 2544 1422 2599 ei
1436 2545 1484 2617 qui
1507 2551 1597 2600 tuetur
1619 2559 1682 2611 nos,
1698 2543 1819 2619 ingratos

171 2630 231 2697 bus,
247 2627 294 2700 qui
312 2629 393 2684 etiarn
422 2645 476 2685 non
504 2638 626 2702 petentes
646 2641 782 2704 provocat,
797 2640 823 2688 et
845 2633 969 2692 bortatur
1022 2631 1273 2690 nimiumiuveoiri.
1293 2631 1415 2701 Quorum
1438 2641 1584 2704 utrumque
1612 2631 1680 2706 qnid
1709 2632 1819 2705 periculi

171 2729 201 2773 ut
226 2719 339 2788 petenti
360 2719 391 2776 st
408 2735 465 2786 vos,
487 2718 589 2791 inquit,
614 2737 680 2777 cum
699 2723 762 2778 sitis
782 2724 863 2789 malt,
879 2725 969 2782 nostis
1022 2721 1132 2791 habeat,
1148 2719 1213 2776 satis
1240 2719 1415 2776 menifestum
1438 2730 1489 2777 est.
1524 2722 1679 2793 Propterea,
1704 2719 1818 2777 obsecro

172 2808 243 2863 boon
265 2807 332 2863 dato
354 2807 421 2865 dore
434 2809 504 2877 filiis
526 2812 637 2878 vestris,
653 2814 758 2883 quanto
776 2828 867 2883 mogus
883 2814 970 2870 Pater
984 2785 1007 2864 ⁰
1022 2824 1081 2878 vos,
1098 2807 1275 2874 dilectissimi,
1300 2807 1359 2880 ipss
1375 2824 1424 2864 nos
1451 2808 1549 2864 excitet
1573 2806 1693 2864 hosdem
1719 2807 1821 2864 malitis

172 2896 306 2954 vesterde
320 2897 387 2954 ccelo
396 2896 475 2953 debit
488 2899 624 2971 spiritum
638 2900 908 2972 incompetentibus
919 2901 969 2957 se?
1023 2897 1147 2968 pervigil,
1158 2909 1183 2952 et
1196 2899 1318 2953 instantia
1334 2912 1426 2953 eorum
1440 2897 1570 2971 maligna,
1585 2912 1639 2970 qne
1653 2907 1710 2952 tam
1723 2896 1820 2966 seduli,

169 2987 247 3054 (tac.
271 3001 311 3051 ιι,
335 2987 393 3046 tet.
414 2987 498 3042 Petite
517 3002 592 3054 ergo,
616 2987 779 3055 charissimi,
804 2991 885 3060 petite
911 2991 968 3048 sure
1023 2995 1076 3041 ron
1099 2984 1207 3042 solliciti
1234 2995 1296 3042 sunt
1320 2987 1347 3041 in
1372 2992 1490 3041 nostram
1519 2985 1699 3057 perditione-n
1726 2984 1820 3061 [attus

171 3072 380 3139 intermissione,
401 3076 484 3147 petite
498 3075 556 3132 sine
584 3077 769 3147 hesitatione3
786 3085 814 3134 et
837 3079 864 3133 iu
879 3080 968 3134 omni·
1023 3073 1259 3148 persecutionem1,
1282 3090 1332 3130 nos
1346 3090 1455 3147 quoque
1470 3074 1602 3132 sollicitos
1615 3071 1698 3130 iaciat
1722 3082 1753 3131 st
1774 3074 1846 3149 cir·⁸

105 3182 112 3191 ·
170 3161 223 3217 bus
249 3163 376 3234 operibus
402 3163 499 3220 vestris
525 3164 675 3222 dulcissimi
703 3181 810 3239 semper
833 3167 915 3239 hujus
936 3183 969 3224 ac
1022 3169 1205 3235 cumspectos,
1222 3171 1251 3219 ut
1265 3163 1293 3217 in
1307 3162 1407 3218 timore
1422 3170 1449 3219 et
1477 3172 1593 3219 tremore
1608 3161 1821 3236 nostrumipso-

171 3251 323 3311 suauissimi
338 3252 456 3325 Spiritus
470 3255 639 3322 presentiam
653 3256 819 3312 etausilium
834 3256 966 3314 invocate.
1022 3251 1205 3307 rumsnlutem
1219 3265 1373 3321 operemur.
1556 3238 1561 3247 “

171 3337 206 3394 lit
223 3353 273 3394 uos
296 3338 380 3409 enim,
401 3339 512 3407 iratres,
537 3357 603 3396 oum
625 3343 704 3398 bento
727 3343 835 3400 Andres
856 3361 968 3402 necesse
1057 3341 1085 3396 t.
1101 3341 1171 3395 Ecce
1186 3338 1254 3395 enim
1276 3341 1302 3394 io
1318 3355 1398 3396 cruca
1420 3348 1462 3395 est
1475 3339 1549 3396 salus
1576 3349 1670 3396 nostra
1690 3354 1696 3395 :
1719 3346 1822 3397 tentum

171 3427 300 3482 babemus
337 3427 432 3482 tollere
460 3444 568 3485 crucem
595 3439 733 3498 nostram,
762 3432 817 3488 imo
841 3450 901 3487 eum
923 3449 967 3502 eo,
1024 3434 1054 3482 111
1069 3428 1094 3481 ei
1112 3424 1554 3485 lfflvitililerinhaerttmus·
1577 3428 1694 3486 Verbum
1716 3429 1820 3495 Μ,

171 3531 250 3585 quem
265 3521 293 3569 et
315 3515 373 3585 ipse
391 3523 500 3572 secutus
520 3525 571 3583 est,
589 3517 705 3574 Domino
728 3518 878 3576 Salvatore.
903 3522 968 3579 lade
1020 3517 1057 3573 ait
1069 3515 1226 3586 Apostolus,
1236 3516 1423 3588 pereuntibus
1438 3516 1550 3590 quidem
1564 3516 1759 3585 stultitto,·ltis
1773 3533 1820 3573 aa·

171 3602 245 3658 enim
270 3604 310 3660 sic
328 3603 482 3672 letabatur,
501 3604 564 3662 inde
585 3607 624 3662 sic
648 3607 809 3672 exsultabat,
827 3609 899 3679 quod
914 3626 968 3667 uon
1022 3608 1080 3661 tem
1094 3601 1233 3677 quiraloi,
1243 3603 1410 3673 fiunt,idest
1423 3604 1750 3677 submurmuratione
1761 3606 1821 3664 tor.

171 3694 258 3751 solum
274 3709 322 3765 pro
336 3709 380 3766 eo,
404 3694 546 3752 sedetiam
565 3710 625 3752 cnm
642 3711 675 3752 eo
696 3696 763 3752 mori
778 3696 924 3765 rideretur,
940 3705 967 3754 et
1020 3709 1040 3764 r,
1059 3692 1113 3765 lb).
1131 3693 1190 3763 lpse
1204 3701 1246 3749 est
1267 3699 1373 3750 scutum
1389 3707 1443 3765 quo
1469 3693 1682 3759 circumdamur,
1705 3701 1737 3748 ut
1764 3695 1822 3765 ejus

170 3783 346 3855 complantari
364 3784 534 3840 similitudini
550 3786 643 3842 mortis
664 3786 735 3855 ejus,
750 3795 780 3841 ut
802 3789 969 3859 compatiens
1019 3791 1132 3854 quotuor
1146 3794 1250 3838 cornua
1277 3781 1441 3852 quadrifaria
1456 3782 1574 3838 bostium
1600 3783 1655 3838 teta
1677 3780 1822 3855 repellant.

171 3871 251 3927 etiam
271 3879 459 3943 conregnaret.
484 3873 552 3929 Cum
565 3889 619 3948 quo
634 3886 662 3931 ut
677 3874 757 3931 simul
776 3875 968 3951 crucifigamur
1021 3869 1061 3927 Sit
1083 3885 1149 3942 ergo
1164 3869 1277 3926 interius
1290 3885 1376 3928 cornu
1390 3878 1483 3928 contra
1502 3871 1627 3927 timorem
1646 3878 1823 3940 nocturnam,

170 3969 198 4015 et
225 3975 284 4026 uos,
314 3960 426 4017 attentis
450 3961 563 4017 auribus
590 3962 681 4019 cordis
708 3963 849 4020 audiamus
875 3980 967 4023 vocem
984 3953 1008 4032 ss
1025 3959 1053 4015 id
1073 3969 1118 4014 est
1143 3959 1272 4014 adversus
1301 3958 1558 4031 pusillanimitatem,
1586 3972 1648 4031 quse
1674 3960 1709 4015 de
1733 3957 1824 4016 cunis

171 4048 306 4104 dicentis:
325 4049 378 4119 Qut
391 4049 453 4107 vett
467 4052 563 4106 ventre
584 4055 647 4123 post
665 4069 721 4118 me,
736 4055 851 4128 abneget
865 4059 970 4112 ,mu
1025 4046 1170 4103 aitlictione
1185 4046 1319 4116 procedit,
1331 4053 1360 4103 ut
1374 4047 1401 4102 id
1420 4049 1492 4119 quod
1509 4047 1560 4103 sub
1575 4046 1656 4104 nobis
1669 4055 1824 4120 est,eorpus

170 4139 275 4210 ipsam,
287 4141 315 4195 et
326 4139 411 4194 tollat
420 4153 533 4195 crucem
547 4155 641 4209 suom,
651 4143 823 4213 etsequotur
834 4159 880 4200 me
892 4142 969 4211 tlnc.
1025 4137 1158 4210 castigare
1168 4135 1281 4193 viriliter
1295 4135 1461 4202 studeamus,
1476 4152 1507 4192 ac
1534 4136 1671 4208 subjicere
1686 4137 1825 4194 servituti.

1021 2119 1125 2174 meam3
1151 2102 1223 2176 quod
1251 2101 1320 2157 iuter
1345 2109 1420 2158 unta
1444 2101 1564 2173 pericula
1587 2101 1679 2157 minus
1703 2101 1818 2159 timont

172 4240 213 4291 tx,
225 4227 281 4297 23).
300 4225 341 4282 Ac
356 4225 378 4280 si
389 4225 462 4282 diost
479 4244 484 4283 :
502 4226 553 4294 Qut
563 4243 606 4283 me
619 4226 767 4294 desiderat,
783 4245 813 4284 se
827 4231 969 4302 despiciat:

171 4314 548 4387 quivulttacerevoluntstem
558 4314 970 4388 menmdiscotlraogcresuam.

207 4405 234 4457 6.
248 4402 300 4458 Scd
314 4403 444 4459 continuo
459 4400 527 4457 belts
545 4403 700 4476 insurgunt,
723 4412 861 4460 armantur
880 4407 967 4477 proti-

1025 4225 1054 4282 Si
1069 4226 1129 4297 quis
1144 4240 1209 4280 uero
1222 4225 1302 4281 uobis
1315 4225 1342 4280 in
1358 4222 1454 4280 taciem
1462 4224 1608 4292 maledicit,
1623 4224 1721 4298 siquis
1734 4233 1826 4298 aperte

1026 4313 1096 4368 mala
1110 4313 1225 4369 sundere
1238 4324 1372 4369 conatur:
1403 4314 1430 4368 in
1445 4313 1489 4368 dic
1515 4311 1589 4369 volat
1614 4314 1725 4387 sagitta,
1755 4326 1783 4369 et
1809 4328 1826 4368 a

1024 4400 1141 4457 sinistris
1156 4413 1208 4466 est,
1219 4401 1328 4458 sinistro
1339 4400 1516 4457 nibilominus
1534 4415 1619 4457 cornu
1640 4399 1731 4458 crucis
1755 4401 1827 4457 croi·

171 4507 224 4547 nus
239 4492 380 4546 adversum
395 4506 443 4546 eos
459 4490 570 4548 inimici.
585 4492 619 4548 Et
633 4508 683 4548 nos
707 4508 844 4549 armemur
857 4506 967 4561 contra;
1021 4488 1132 4563 pisoda.
1142 4488 1221 4560 Quod
1236 4489 1259 4544 si
1274 4490 1412 4560 adulatur,
1423 4491 1445 4546 si
1460 4490 1537 4563 quasi
1553 4488 1720 4546 consulentis
1733 4488 1826 4545 naimo

170 4579 308 4635 imitemur
321 4595 396 4636 arma
412 4579 483 4652 regis
496 4580 592 4646 nostri,
619 4589 647 4636 ot
662 4580 791 4638 tollamus
804 4592 831 4638 et
844 4598 895 4640 nos
906 4599 968 4640 cru·
1020 4593 1156 4634 venenum
1180 4577 1306 4650 propinet
1325 4578 1448 4635 fraterne
1481 4577 1665 4644 detractionis,
1680 4585 1709 4634 et
1729 4576 1825 4635 odium

171 4684 229 4725 cem
248 4676 380 4733 nostram,
399 4668 426 4724 io
447 4685 499 4740 que
525 4668 559 4723 de
582 4669 700 4726 inimicis
732 4673 858 4729 omnibus
876 4672 971 4728 trium·
1021 4667 1285 4734 seminereconatur,
1301 4668 1454 4740 sideniqne
1476 4667 1598 4742 iniquum
1620 4666 1724 4738 aliquid
1763 4676 1826 4724 tsn-

170 4756 297 4829 phemus.
313 4756 384 4813 suoi
399 4755 470 4812 euim
486 4755 550 4829 quid
572 4758 713 4814 Psalmists
737 4760 898 4830 promiserit,
914 4761 970 4818 imo
1021 4773 1102 4831 qnam
1122 4758 1224 4827 justum
1246 4758 1410 4830 persuadere
1431 4765 1555 4828 tentata
1574 4757 1674 4814 dextris
1696 4763 1739 4814 est
1760 4756 1827 4829 mibi

170 4845 286 4916 Spiritus
300 4852 409 4900 sanctus
424 4858 470 4916 per
484 4859 516 4899 os
529 4845 588 4914 ejus
604 4862 610 4900 :
627 4847 721 4910 Scuto.
738 4849 834 4920 inquit,
850 4850 972 4905 circum-
1022 4847 1093 4915 iste3
1124 4846 1174 4902 sad
1200 4848 1286 4905 ludas
1309 4854 1361 4914 est,
1372 4847 1465 4904 osculo
1493 4863 1537 4904 mc
1561 4845 1659 4916 prodit,
1679 4854 1707 4902 et
1729 4838 1827 4903 dextro

172 4933 397 4992 delitescentes
411 4934 488 5005 ejus,
503 4932 574 4988 haud
602 4933 713 4988 dubium
735 4937 799 5006 quin
818 4936 969 5002 ditissimis
1023 4950 1107 4993 cornu
1138 4935 1226 4993 crucis
1250 4938 1390 5011 negotium
1425 4936 1616 5007 perambulans
1642 4933 1670 4991 io
1698 4935 1823 4992 tenebris

172 5020 206 5075 de
219 5035 251 5076 eo
266 5020 400 5091 siquidem
414 5020 585 5092 loquebatur,
601 5021 669 5079 sicot
688 5023 831 5081 manifeste
851 5024 972 5082 indicant
1023 5040 1134 5081 neccsse
1149 5034 1192 5080 est
1205 5024 1368 5098 propulsari.
1399 5024 1451 5080 Sed
1465 5039 1528 5082 ecee
1555 5023 1720 5082 demonium
1739 5024 1826 5080 meri-

172 5107 258 5179 ipsius
281 5107 376 5177 psalmi
391 5109 571 5178 praecedeotia
595 5109 689 5165 verbe.
716 5110 757 5165 ad
783 5112 860 5184 quid,
876 5111 972 5190 tratres
1024 5114 1145 5183 dranum,
1160 5115 1296 5186 superbiae
1310 5113 1411 5171 scilicet
1425 5113 1548 5186 spiritus,
1578 5113 1624 5186 qui
1637 5113 1768 5170 nimirum
1784 5114 1826 5168 iu·

172 5205 249 5253 scuto
271 5194 488 5266 circumdamur,
514 5198 565 5253 nisi
595 5198 658 5270 quia
685 5215 736 5256 nos
758 5200 878 5273 undique
902 5200 972 5256 belle
1026 5201 1171 5273 splendore
1196 5202 1294 5272 majori
1311 5201 1438 5258 uirtutum
1467 5201 1558 5259 scrius
1573 5204 1716 5274 insurgere
1745 5200 1825 5259 solet.

172 5284 364 5343 circumdant?
384 5285 505 5357 Denique
532 5286 596 5359 quid
622 5304 711 5344 csusae
733 5289 768 5344 sit
793 5299 823 5346 ut
846 5297 872 5345 te
896 5299 972 5345 scuto
1025 5292 1089 5347 llaec
1102 5298 1193 5346 autem
1216 5306 1298 5362 quam
1319 5289 1470 5361 perniciosa
1489 5290 1534 5360 sit,
1551 5290 1651 5361 soepios
1667 5290 1750 5348 vobis
1763 5291 1826 5346 inti-

208 5394 268 5465 l'ld)
288 5390 512 5464 iugratitudinem
531 5392 558 5447 iu
573 5409 656 5450 enuss
677 5411 738 5450 esse
761 5397 826 5453 dicit
849 5412 975 5454 sermone
1028 5393 1101 5435 mare
1119 5394 1257 5437 immm-
1272 5378 1381 5436 hstium
1410 5379 1511 5452 (luiPP‘l
1540 5379 1629 5434 ⁰¹¹¹¹¹i⁸
1656 5379 1771 5449 Willis
1800 5390 1826 5436 0¹

175 5463 209 5521 27
222 5465 257 5520 de
272 5462 403 5523 oirersis.
1024 5482 1108 5524 causa
1132 5469 1214 5523 totius
1246 5467 1417 5538 perditionis,
1446 5468 1573 5540 superbis
1600 5475 1652 5525 est.
1681 5468 1825 5540 Propterea
