3734 5948
12 40 23 201 l

15 200 25 317 ι
49 268 116 323 3331
456 257 524 317 PRO
544 256 713 316 uouffltca
732 255 766 311 lv
785 252 872 311 POST
891 250 1145 309 euntmostttrt
1163 248 1289 309 SERHO.
1642 253 1695 311 336

15 364 22 457 Ι
50 387 178 446 ternum?
195 388 261 456 Quis
271 402 329 449 nos,
346 384 383 438 ait
392 384 550 456 Apostolus,
575 380 846 456 scpcrclitacbari-
862 395 886 474 Α
902 376 1005 432 tissime
1028 375 1159 445 tribuens,
1185 374 1222 430 ita
1249 382 1279 430 ut
1305 373 1429 431 rideatur
1456 373 1500 431 hic
1526 374 1697 435 discretionis

15 484 22 571 Ι
50 480 106 536 tate
116 477 243 534 Christi?
255 473 469 532 tribulatiotcn
479 475 613 546 angustio
625 477 680 530 ran
689 468 847 542 fomentare
903 466 1018 521 limitem
1031 479 1086 521 uon
1104 471 1208 520 tenere.
1221 464 1346 537 Ingratus
1360 471 1402 519 est
1416 462 1462 535 qui
1481 462 1509 519 iu
1524 464 1566 519 bis
1586 478 1696 538 quoque

17 580 21 607 ι
49 566 184 624 auditus?
194 581 233 620 cn
241 561 474 636 pericalcmlort
484 563 705 633 persecutioton
715 556 848 632 gladius?
901 555 1062 612 beneficium
1082 553 1198 626 Spiritus
1214 568 1270 610 non
1287 553 1418 629 agnoscit.
1430 552 1471 608 Ad
1480 551 1652 621 miraculum,
1668 553 1697 610 in

18 656 25 733 ¹,
47 656 117 712 Certi
127 654 189 710 sitis
199 651 262 726 quia
273 666 363 722 nequo
379 665 462 716 mors,
481 666 571 722 neque
584 650 649 717 vita,
662 664 752 721 neque
764 655 847 704 caete·
901 645 986 719 signis
1014 652 1042 700 et
1064 642 1206 716 prodigiis,
1227 642 1254 698 in
1275 643 1357 700 variis
1378 642 1532 711 virtutibus,
1564 657 1633 714 quas
1645 658 1696 714 per

19 738 25 809 Ι
48 760 74 799 ra
92 743 158 812 alia,
175 758 236 814 quae
250 739 399 811 Apostolus
413 746 469 794 tam
483 737 680 809 multipliciter,
697 752 781 809 quam
795 751 846 790 au·
902 733 1084 807 quorumlibet
1093 747 1189 787 manus
1203 739 1344 803 operetur.
1361 732 1422 802 lpse
1436 738 1478 787 est
1491 730 1602 803 antiqua
1615 731 1697 786 mira·

19 850 24 913 j
48 835 141 888 dacter
153 835 308 894 enumerat,
325 834 455 898 poterunt
469 842 519 882 nos
536 842 664 897 separare
679 840 695 879 a
715 823 848 880 charitate
901 821 962 878 cula
975 821 1120 885 suscitans,
1134 827 1164 875 ut
1173 836 1207 876 cx
1217 820 1399 891 praesentibus
1412 819 1496 878 iidem
1510 826 1612 875 astruat
1624 834 1696 892 prse-

22 962 26 983 ,
50 921 105 989 Dei,
122 936 187 992 quaa
201 924 245 974 cst
258 917 286 973 iu
301 915 409 973 Christo
419 918 483 971 lesu
493 915 583 988 (llam.
599 930 660 980 vm,
675 914 774 983 35,38,
790 912 845 984 39).
902 911 1053 968 teritorum.
1068 910 1123 966 Sed
1137 909 1201 981 quia
1219 909 1355 966 nonnullis
1367 910 1439 965 banc
1457 923 1566 982 quoque
1580 906 1696 984 gratiam

20 1002 27 1069 ι’
51 1008 182 1080 Numquid
206 1022 262 1062 nou
284 1006 336 1061 boc
355 1003 591 1060 confirmationem
612 1004 648 1059 ab
670 1002 746 1058 omni
769 1002 850 1071 huius
903 1000 963 1056 sine
984 997 1094 1072 propria
1113 997 1227 1054 utilitate
1249 997 1372 1068 largitur,
1392 997 1473 1054 tertio
1491 995 1642 1052 infunditur
1661 995 1702 1065 ιιιι

21 1080 26 1113 ²
50 1097 194 1154 sententiar
214 1102 290 1166 parte
310 1093 501 1149 demonstrat?
522 1092 582 1148 Scis
602 1108 650 1147 vas
672 1098 747 1147 tuum
766 1090 851 1162 possi·
904 1088 1029 1152 salutem,
1049 1101 1110 1142 cum
1133 1085 1161 1141 ιιι
1185 1091 1242 1141 toto
1264 1084 1347 1141 eorde
1367 1091 1460 1142 nostro
1480 1083 1643 1140 revertimur
1661 1083 1697 1139 ad

50 1187 113 1242 dere
129 1185 160 1240 in
172 1181 387 1240 sanctificatione
401 1187 429 1235 et
443 1180 559 1245 bonore,
573 1186 602 1235 et
610 1194 666 1234 non
681 1178 709 1233 in
723 1179 850 1252 passione
903 1179 1049 1236 Dominum
1064 1179 1153 1234 Deum
1170 1183 1303 1233 nostrum.
1317 1178 1402 1232 Porro
1416 1175 1450 1231 ad
1464 1174 1592 1232 auxilium
1607 1174 1696 1244 datur,

49 1272 202 1331 ιιιιιιιιιιιι
225 1270 358 1342 Spiritum
376 1276 500 1325 sanctum
520 1267 650 1338 accepisti
671 1266 729 1325 tibi.
752 1267 800 1322 Vis
821 1273 851 1321 ιιι
904 1283 966 1326 cum
985 1265 1012 1322 in
1027 1266 1102 1322 omni
1116 1263 1306 1322 colluctatione
1324 1263 1435 1334 adjuvat
1447 1263 1631 1321 infirmitatem
1645 1277 1697 1320 no·

21 1394 25 1445 Ι
51 1377 224 1437 quecunque
247 1358 296 1415 tibi
319 1359 360 1415 vis
374 1359 410 1413 ab
428 1356 584 1412 bominibus
602 1355 672 1423 lieri,
698 1363 850 1428 tuquoque
904 1365 998 1413 stram.
1025 1355 1095 1410 Nam
1125 1370 1188 1412 cum
1219 1352 1405 1411 testimonium
1436 1354 1562 1425 perhibet
1593 1355 1699 1429 spiritui

21 1452 24 1495 ἱ
51 1452 133 1509 ιιιιιι
146 1449 213 1515 illis,
231 1456 259 1505 et
279 1446 352 1519 quod
366 1446 415 1503 tibi
430 1444 489 1502 lieri
504 1461 560 1501 uon
575 1445 625 1511 vis,
641 1443 687 1500 alii
702 1459 757 1500 non
779 1444 851 1501 iece-
905 1454 1007 1514 nostro,
1024 1445 1097 1518 quod
1119 1442 1167 1499 lilii
1189 1443 1240 1500 Dei
1253 1460 1359 1516 sumus,
1377 1459 1410 1500 ca
1432 1443 1574 1517 inspiratio
1596 1452 1639 1503 est
1665 1446 1700 1502 ad

53 1541 106 1596 risl
130 1537 266 1611 Spiritum
288 1542 392 1591 rectum
411 1534 446 1589 ad
469 1549 539 1605 opus
562 1532 677 1604 proximi
697 1533 851 1604 suscepisti.
905 1533 1127 1592 consolationem.
1148 1534 1232 1589 Datur
1255 1532 1338 1591 etiam
1360 1533 1396 1588 ad
1417 1533 1565 1603 fervorem,
1587 1549 1650 1591 curn
1672 1534 1701 1592 in

52 1631 114 1687 [ιιι
124 1635 169 1685 ιιι
178 1625 253 1685 euim
267 1623 412 1688 rectitudo,
427 1636 511 1695 quam
523 1622 568 1677 lex
583 1629 700 1693 utraque
714 1636 852 1678 commen·
905 1623 1033 1680 cordibus
1045 1621 1228 1694 perlectorum
1242 1620 1430 1680 vehementius
1449 1623 1567 1696 spirans,
1582 1623 1701 1683 vabdum

52 1720 109 1785 dat,
122 1725 154 1776 et
173 1731 236 1790 quae
254 1720 358 1770 naturae
380 1711 465 1767 indita
485 1719 538 1781 est,
555 1719 583 1767 et
604 1726 665 1783 quaa
689 1710 786 1766 tradita
801 1725 852 1782 per
868 1703 891 1781 Β
906 1711 997 1783 ignem
1007 1711 1145 1767 charitatis
1159 1710 1302 1768 accendit:
1318 1717 1347 1766 ιιι
1362 1727 1416 1768 nou
1431 1712 1520 1768 solum
1535 1713 1562 1768 iu
1577 1729 1627 1785 spe
1637 1712 1703 1771 lilio·

52 1807 230 1879 Scriptorum.
254 1804 315 1859 lam
338 1801 361 1857 ιι
387 1808 504 1872 utroque
526 1801 610 1865 bono,
633 1806 660 1854 et
680 1798 708 1852 io
727 1798 770 1854 bis
791 1815 853 1872 quae
907 1816 969 1855 rum
993 1799 1050 1860 Dei,
1070 1800 1120 1856 scd
1144 1801 1226 1857 etiam
1250 1800 1278 1854 in
1298 1799 1516 1858 tribulationibus
1538 1801 1701 1874 glorientur,

55 1897 89 1952 ad
107 1901 258 1966 utrumque
272 1889 411 1963 pertinent
431 1888 545 1944 firmiter
559 1901 733 1957 perseveras,
748 1886 852 1959 princi·
907 1889 1099 1945 contumeliam
1118 1890 1232 1964 gloriam
1253 1896 1421 1960 reputantes,
1442 1889 1620 1964 opprobrium
1632 1907 1703 1965 gau·

51 1984 144 2059 palem
158 1981 295 2054 spiritum,
306 1995 389 2051 quem
402 1977 490 2034 solum
506 1976 579 2033 Deus
593 1977 736 2048 approbat,
750 1975 856 2046 recepi·
909 1975 994 2044 dium,
1020 1978 1226 2048 despectionem
1246 1977 1447 2035 exaltationem.
1463 1977 1599 2035 Omnibus
1614 1978 1704 2048 nobit,

52 2073 106 2132 sti:
119 2069 242 2143 alioquin
257 2083 320 2141 qum
333 2067 415 2124 modo
424 2073 497 2133 suut,
514 2064 596 2121 modo
611 2079 666 2121 nou
682 2071 755 2137 sunt,
771 2063 855 2137 isqui

50 2176 118 2218 vere
133 2168 186 2226 est,
202 2174 258 2215 aon
276 2164 409 2228 acceptat,
429 2171 481 2212 nec
494 2154 522 2210 iu
541 2152 651 2210 caducis
665 2153 724 2210 istis
739 2153 791 2210 sibi
806 2168 855 2225 po·

52 2258 109 2308 test
115 2248 260 2306 satemitas
273 2245 457 2316 complacere.
474 2244 568 2316 ltaque
583 2242 606 2298 si
622 2241 856 2310 desiderassem

53 2349 80 2397 te
93 2339 171 2396 Deus
184 2336 269 2410 eligat
284 2341 390 2408 partem
413 2332 481 2390 sibi:
498 2340 558 2389 esto
573 2330 702 2388 sollicitus
718 2330 789 2388 sicut
807 2330 856 2387 tibi

51 2427 187 2501 Spiritum
211 2431 345 2490 sanctum,
365 2423 434 2480 sicut
455 2421 579 2495 proximo
602 2419 727 2489 spiritum
742 2427 878 2489 rectum„

53 2519 94 2573 sic
106 2516 133 2573 ei
148 2530 271 2588 quoque,
286 2521 416 2586 unquam
430 2525 495 2568 vero
509 2509 635 2582 principi,
651 2517 680 2565 ct
694 2509 764 2581 patri
777 2507 858 2582 spiri·

909 2066 937 2121 ιιι
948 2066 1035 2136 fallor,
1052 2066 1131 2122 datus
1145 2073 1187 2121 cst
1199 2065 1314 2137 Spiritus
1323 2067 1357 2122 ιιι
1371 2066 1505 2134 amntem,
1520 2064 1703 2125 odlervorem

909 2155 1026 2209 nonita.
1042 2153 1121 2211 Pauci
1136 2152 1210 2209 cuim
1221 2160 1284 2209 sunt
1296 2155 1343 2226 qui
1356 2155 1411 2211 hoc
1420 2152 1515 2225 spiritu
1531 2153 1701 2228 repleantur;

909 2238 998 2299 936
1011 2242 1089 2314 pauci
1113 2241 1160 2314 qui
1176 2241 1302 2300 studeant
1324 2241 1454 2299 aemulari.
1470 2241 1596 2300 Contenti
1611 2258 1705 2301 sumus

911 2331 1043 2403 angustiis
1058 2331 1169 2398 nostris,
1185 2346 1238 2387 nec
1258 2329 1394 2403 respirare
1409 2331 1436 2387 iu
1452 2331 1605 2389 libertatem
1617 2330 1705 2402 illam,

911 2434 967 2475 uon
981 2417 1077 2474 saltem
1100 2419 1134 2473 ad
1150 2433 1210 2474 eam
1229 2417 1335 2489 spirare
1348 2434 1487 2476 conamur.
1504 2418 1631 2488 Oramus,
1647 2418 1706 2478 ira·

911 2516 978 2575 tres,
994 2514 1022 2562 ut
1036 2506 1225 2577 compleantur
1238 2506 1266 2562 iu
1281 2506 1360 2565 uobis
1374 2506 1434 2564 dies
1446 2507 1631 2576 Pentecostes,
1646 2506 1707 2564 dies

55 2615 144 2672 tuum,
166 2604 291 2676 spiritum
305 2601 482 2674 principalem
501 2597 642 2656 exhibere.
912 2595 1090 2667 remissionis,
1110 2595 1170 2651 dies
1190 2595 1388 2662 exsultationis,
1405 2595 1464 2653 dies
1481 2593 1617 2655 verissimi
1630 2596 1706 2668 juhi-

92 2699 121 2752 ι.
147 2693 220 2750 Vere
245 2690 385 2762 multiplex
401 2688 527 2760 Spiritus,
543 2686 589 2760 qui
606 2693 659 2741 tam
675 2685 859 2758 multipliciter
912 2679 972 2736 laei:
989 2688 1017 2738 et
1031 2682 1151 2739 inveniat
1164 2698 1215 2740 uos
1227 2699 1338 2757 semper
1358 2684 1474 2759 Spiritus
1487 2692 1597 2744 sanctus
1610 2700 1707 2743 omnes

54 2783 118 2840 liliis
131 2779 276 2839 bominum
291 2777 449 2851 inspiratur,
459 2783 489 2832 ut
502 2792 558 2832 non
568 2775 603 2832 sit
612 2774 659 2848 qui
669 2790 700 2831 se
709 2776 858 2833 abscondat
912 2784 1024 2849 propter
1038 2779 1211 2851 praesentiam
1221 2781 1404 2853 corporalem,
1415 2781 1518 2854 pariter
1530 2788 1709 2856 proptercor·

55 2889 72 2927 a
87 2870 183 2929 calore
198 2869 269 2940 ejus.
286 2866 426 2939 Siquidem
440 2864 600 2921 conceditur
613 2863 654 2920 cis
667 2863 703 2918 ad
717 2880 807 2935 usum,
824 2865 857 2920 ad
911 2865 986 2922 dium
1005 2868 1146 2933 unitatem,
1161 2868 1190 2924 ιιι
1206 2868 1305 2926 eodem
1320 2868 1381 2927 loco
1391 2886 1442 2942 per
1451 2871 1611 2944 promissam
1624 2870 1709 2927 stabi·

55 2960 229 3027 miraculum,
252 2957 288 3014 ad
305 2955 433 3022 salutem,
448 2955 482 3011 ad
498 2953 638 3024 auxilium,
661 2953 697 3009 ad
720 2952 856 3024 solatium,
912 2956 1030 3029 litatem3
1047 2957 1082 3012 ad
1096 2957 1204 3013 laudem
1223 2965 1250 3014 et
1264 2958 1380 3030 gloriam
1394 2959 1488 3030 spousi
1502 2958 1631 3016 amissis
1643 2960 1709 3018 lesu

55 3051 91 3105 ad
110 3047 259 3105 servorem.
276 3043 319 3101 Ad
333 3060 412 3100 usum
425 3042 537 3115 quidem
550 3041 623 3106 vitae,
639 3041 756 3098 boniset
769 3042 857 3108 malis,
874 3007 896 3086 c
912 3045 1010 3103 Christi
1026 3046 1134 3101 Domini
1144 3046 1240 3112 nostri,
1252 3047 1298 3118 qui
1313 3055 1356 3103 est
1370 3064 1453 3120 super
1466 3047 1557 3105 omnia
1569 3049 1644 3105 Deus
1659 3048 1708 3104 be-

55 3138 149 3210 dignis
164 3136 267 3209 pariter
281 3141 309 3191 et
327 3132 446 3206 indignis
459 3131 612 3189 communia
632 3132 703 3187 bona
718 3132 859 3188 abuudan·
912 3134 1037 3190 nedictus
1052 3134 1078 3189 in
1093 3133 1202 3191 saeeula
1217 3135 1314 3193 Amen.

557 3324 741 3390 uorttrdca
761 3325 800 3388 lv
822 3325 915 3391 POST
937 3327 1220 3421 Pumucosrurt.

786 3433 903 3489 suario
925 3435 982 3505 (bt)

432 3532 470 3589 lte
484 3529 572 3588 Dauid
586 3533 613 3588 et
630 3528 716 3599 Golia,
732 3534 759 3585 ct
778 3532 898 3603 quinque
909 3532 1056 3604 lapidibus.
1078 3535 1105 3605 (l
1117 3535 1180 3606 ltcg.
1196 3548 1267 3605 xvir,
1287 3534 1343 3602 lb.)

91 3664 116 3717 l.
145 3654 308 3715 Audivimus
329 3670 363 3712 ex
389 3653 460 3709 libro
488 3653 603 3724 llcgrrnu
629 3652 747 3719 Goliam,
771 3653 858 3709 virum
910 3655 1075 3712 contritione
1098 3656 1212 3729 loseph.
1228 3655 1323 3712 ltlirati
1347 3671 1441 3712 sumus
1465 3662 1566 3712 tanum
1589 3657 1617 3713 in
1639 3657 1709 3716 ado-

54 3762 181 3821 proeeree
209 3751 328 3814 staturae,
348 3748 561 3816 praesumentem
582 3757 665 3813 super
691 3740 775 3796 multa
799 3740 858 3798 lor·-
913 3744 1034 3800 lescenta
1049 3743 1185 3812 fiduciam,
1206 3753 1307 3817 quanta
1333 3759 1388 3802 non
1408 3744 1575 3802 inveniretur
1595 3746 1623 3802 ιιι
1646 3747 1708 3803 uui·

56 3836 174 3893 titudine
193 3842 222 3890 ct
248 3831 435 3908 magnitudine
450 3830 572 3902 corporis
595 3831 646 3894 sui,
664 3828 858 3886 vociferantem
913 3847 994 3889 verso
1017 3832 1125 3889 israele.
1151 3831 1285 3890 Collatum
1300 3832 1418 3905 denique
1439 3833 1545 3891 coelitus
1559 3833 1709 3907 victoriam,

55 3927 191 3982 adversus
215 3921 364 3995 phalangas
387 3920 470 3977 lsrael
485 3927 511 3974 et
535 3927 731 3989 provocantem
755 3933 803 3976 eas
823 3918 857 3974 ad
912 3928 940 3976 ct
966 3920 1057 3978 divina
1090 3919 1233 3979 manifeste
1261 3926 1395 3995 patratam
1429 3922 1538 3992 virtute,
1573 3931 1628 3980 tam
1655 3923 1711 3982 laeti

56 4012 197 4084 singulare
212 4019 373 4068 certamen:
395 4008 549 4067 audivimus
564 4008 645 4064 etiam
661 4025 677 4064 a
695 4009 755 4067 Deo
768 4008 857 4066 susci-
913 4009 1092 4081 suscepimus,
1123 4026 1205 4081 quam
1229 4010 1335 4068 solliciti
1360 4019 1501 4069 certarnen
1528 4011 1712 4085 spectavimus

58 4111 142 4159 tatum
168 4099 296 4172 spiritum
322 4097 400 4171 pueri
427 4097 553 4168 junioris,
583 4106 613 4154 ut
637 4097 750 4172 indigne
774 4098 858 4155 ferret
912 4097 1008 4154 armati
1023 4097 1076 4155 lide
1095 4099 1209 4171 parvuli,
1232 4107 1260 4157 ct
1277 4100 1418 4174 gloriantis
1442 4102 1554 4175 propria
1568 4101 1597 4158 in
1610 4101 1710 4160 virtute

58 4195 147 4250 virum
165 4189 291 4263 spurium
306 4196 334 4246 et
356 4186 586 4257 incircumcisum,
603 4187 700 4243 castris
722 4185 806 4243 lsrael
830 4192 859 4245 et
911 4187 1040 4261 gigantis.

59 4282 107 4338 Dei
125 4279 227 4336 summi
246 4277 459 4349 exprobrantem
483 4275 649 4349 agminibus.
671 4274 859 4349 Spectavimns
949 4279 975 4331 2.
1000 4275 1060 4332 lam
1084 4276 1106 4332 si
1135 4276 1313 4349 spiritualem,
1328 4279 1478 4335 secuudum
1492 4279 1613 4351 Apostoli
1629 4278 1709 4336 testi-

61 4369 258 4442 procedentem
291 4364 522 4423 adolescentulum
552 4365 580 4420 in
607 4364 690 4420 lunda
715 4372 743 4422 ιι
768 4364 859 4438 ιιριιιι
913 4362 1044 4436 monium,
1060 4364 1151 4438 legem
1166 4381 1227 4423 esse
1241 4382 1296 4423 uon
1316 4365 1472 4439 ignoramus
1487 4369 1638 4439 (lienuvrr,
1651 4371 1708 4445 lt),

60 4460 192 4517 adversus
209 4463 390 4514 monstruosae
416 4453 611 4526 magnitudinis
630 4453 768 4509 honinem
794 4452 859 4509 lori·
914 4459 942 4510 et
962 4454 1088 4525 scriptam
1111 4469 1172 4510 esse
1188 4462 1301 4526 propter
1314 4470 1365 4511 nos
1389 4471 1443 4512 non
1463 4455 1552 4513 solum
1567 4457 1710 4517 exterioris

59 4556 158 4617 catum,
189 4554 218 4604 et
241 4546 338 4618 clypeo
361 4550 515 4616 protectum
527 4557 559 4598 ac
585 4541 674 4615 galea,
699 4541 859 4614 caenrisque
914 4539 1068 4611 superficiei
1082 4541 1453 4612 oblectandosaspectu,sed
1467 4542 1627 4601 interiorum
1640 4559 1711 4618 quo·

60 4637 212 4696 terribilem
234 4635 395 4691 militaribus
417 4632 510 4689 armis.
535 4631 563 4687 Si
578 4647 631 4704 qua
646 4632 673 4687 iu
689 4631 768 4688 nobis
781 4637 860 4689 erant
915 4645 968 4702 que
988 4645 1117 4685 sensuum
1141 4636 1231 4702 gustu,
1257 4636 1388 4702 tanquam
1411 4631 1530 4689 medulla
1554 4632 1647 4702 tritici,
1667 4649 1710 4692 sa·

61 4728 166 4785 viscera
196 4714 314 4799 pietatis,
338 4739 393 4779 nou
425 4720 564 4794 potuimus
597 4735 650 4776 non
690 4721 786 4777 timere
821 4718 861 4776 sic
916 4717 1036 4774 tiaudos:
1057 4717 1284 4775 considerandum
1308 4719 1387 4776 nobis
1410 4727 1451 4777 est
1473 4721 1598 4794 quisnam
1615 4722 1710 4780 videa·

62 4815 167 4874 ineunti
183 4813 353 4880 conflictum,
376 4827 431 4868 uon
453 4808 629 4883 congaudere
645 4808 773 4866 vincenti.
790 4809 861 4864 bau·
920 4815 962 4863 tur
984 4806 1034 4866 iste
1054 4807 1156 4878 Golias,
1172 4809 1219 4879 qui
1234 4808 1335 4880 populo
1349 4810 1409 4878 Dei,
1423 4812 1479 4882 jnm
1494 4811 1711 4884 repromissionis

63 4905 187 4962 davimus
201 4900 453 4974 magnanimitatem
468 4896 582 4970 parvuli,
609 4896 681 4969 quod
704 4896 863 4954 comederet
919 4904 1018 4954 terram
1032 4898 1168 4973 ingresso,
1192 4899 1301 4971 jamque
1325 4899 1415 4956 multis
1435 4916 1468 4956 ex
1484 4900 1606 4958 hostibus
1619 4901 1711 4960 trium-

63 4995 182 5051 animam
207 4994 267 5063 ejus
280 4990 355 5048 zelus
368 4990 465 5046 domus
480 4987 539 5053 Dei,
559 4994 587 5042 et
600 4987 747 5069 opprobria
762 5001 862 5057 expro-
919 4987 1021 5057 pbauti,
1037 4986 1110 5042 solus
1124 4988 1288 5060 exprobrare
1303 4989 1449 5060 praesumit,
1466 4988 1553 5046 elatus
1567 4991 1713 5050 etinllatus

65 5084 202 5139 brantium
215 5081 272 5137 cia
290 5096 319 5136 so
333 5093 388 5134 nnn
403 5077 517 5139 duceret
535 5075 640 5138 aliena:
663 5076 714 5132 sed
735 5083 864 5147 tauquam
917 5074 1013 5145 spiritu
1038 5075 1126 5131 camis
1140 5091 1205 5133 suae.
1231 5076 1320 5134 Credo
1342 5076 1416 5134 euim
1440 5093 1495 5134 non
1514 5078 1664 5155 incongrue
1685 5080 1713 5138 ιιι

65 5173 97 5227 ad
111 5171 255 5244 propriam
269 5174 424 5228 moveretur
438 5164 575 5236 injuriam,
602 5173 630 5220 ιι
653 5163 758 5221 doleret
782 5179 865 5236 super
919 5164 1038 5236 superbo
1057 5165 1166 5222 bomine
1185 5165 1320 5238 superbiae
1337 5166 1433 5224 vitium
1451 5167 1598 5241 designari.
1622 5169 1713 5243 lpsum

100 5312 224 5390 (sofflic
237 5327 338 5381 sermo,
358 5307 461 5367 Nicolai
475 5306 713 5365 Clarae-vallensis
729 5305 868 5365 Sermoni·
922 5313 1007 5380 atque
1024 5305 1105 5361 ctiam
1117 5305 1145 5361 in
1156 5305 1279 5362 Floribus
1299 5307 1428 5365 Willelmi
1440 5309 1715 5368 monachi'romaoen

68 5388 116 5444 bus
126 5383 331 5449 novemdecim,
345 5382 461 5439 lleurico
474 5379 648 5436 Trecen'sium
662 5378 754 5436 comiti
763 5394 867 5434 nuncu·
922 5378 958 5434 sis
972 5394 1010 5460 Ιιιι
1023 5377 1162 5433 Bernardo
1177 5376 1296 5459 cpllectis
1310 5386 1373 5437 aute
1391 5395 1478 5438 annos
1492 5380 1718 5455 quadringentos,

68 5460 148 5530 petis,
173 5455 320 5527 subjicitur
347 5453 374 5510 iu
398 5451 539 5510 codicibus
558 5449 714 5508 nonnullis:
731 5457 759 5506 ιι
770 5465 822 5506 nec
839 5449 868 5504 in
923 5458 952 5505 ut
970 5449 1123 5518 rnnujnsce
1138 5455 1205 5506 tomi
1220 5449 1520 5511 Praetationediximus,

69 5529 256 5603 Νιῐθῐῑωι
265 5541 319 5587 ¹¹0⁰
331 5523 467 5599 Metione
481 5528 563 5595 notua
577 5521 717 5588 Beruardo
731 5519 868 5588 tribuitur,
