3734 5948
178 182 230 241 sit
644 179 672 237 S.
692 174 860 237 suadeam
879 174 1018 236 tuctus
1034 174 1350 242 stand-lentulfus
1781 173 1830 237 m
1866 255 1867 260 η

178 302 354 361 nihilominus
369 302 504 358 dormiunt
518 304 532 358 ‘l
546 302 599 359 Sed
611 317 664 358 non
680 317 766 375 pergo
777 317 848 357 nunc
858 299 972 358 ulterius
987 316 1012 395 Α
1026 302 1129 358 semina
1143 302 1266 374 lacrymae
1290 314 1361 362 sunt.
1382 306 1472 365 fiant,
1488 299 1587 372 inquil·
1597 302 1627 356 0⁸
1642 295 1761 369 ΜΝ
1773 302 1827 357 ¹⁸¹2
1866 266 1867 304 1

178 393 314 466 exagitare
339 391 524 448 verecundiam
560 407 656 447 eornm
682 408 688 444 ι
713 390 812 446 sufficit
842 389 971 462 tetigisse.
1027 395 1117 448 fenim
1142 397 1252 450 semino
1279 412 1342 451 suu.
1368 393 1423 449 Sed
1448 390 1535 463 qnid‘l
1562 404 1675 460 semper
1705 385 1830 445 uenum

179 483 245 537 Puto
260 480 333 552 qnod
348 479 443 535 melius
458 481 586 551 deinceps
600 479 759 553 vigilabunt,
775 489 873 535 nostrae
884 478 973 535 obser·
1026 479 1118 535 Absit!
1130 479 1185 536 Sed
1193 483 1309 540 venient
1322 499 1388 539 cum
1402 479 1595 539 exsultatione
1605 479 1829 551 portantem·

179 568 291 626 rationis
305 567 453 623 cauterium
468 569 592 624 verituri.
615 568 646 623 fn
668 568 718 622 bac
737 583 786 639 spe
801 567 918 637 gerimus
933 566 972 623 eis
1027 570 1139 641 utputor
1161 588 1226 630 suos
1244 572 1332 642 (Psui.
1348 587 1432 635 cxxv,
1448 572 1487 640 6).
1503 566 1596 624 fluxim
1610 582 1682 625 cum
1701 566 1831 625 mehe
1859 606 1863 663 Ι

179 659 228 713 bac
242 659 299 712 viee
318 671 419 711 morem
435 675 443 726 3
460 665 487 712 et
501 656 575 729 qnod
598 656 813 714 continuandum
829 655 897 711 ratio
917 655 972 711 exi·
1028 661 1116 725 tione,
1130 674 1192 716 cum
1207 657 1508 732 reportantmanipulos
1520 654 1626 728 glorioe.
1638 655 1686 711 Ad
1696 653 1787 720 istum
1797 654 1831 711 ix·

179 747 269 820 gebat,
284 760 378 800 eornm
393 745 532 810 charitate,
547 747 680 818 pendente
702 745 763 800 licet
780 743 971 817 disputatione,
1027 746 1099 818 quis,
1114 746 1141 801 in
1156 747 1352 804 resurrectione
1376 747 1404 801 in
1418 743 1568 803 novissimo
1581 742 1638 808 die,
1652 748 1745 798 otest
1757 740 1831 799 ιιίιίι
1859 734 1865 851 l

180 834 319 906 partimur,
337 832 466 889 facientes
490 833 581 898 fineen,
612 833 658 888 ubi
679 848 731 888 ron
751 839 809 888 erat
831 830 903 888 finis.
919 833 972 904 Ipsi
1027 835 1109 908 longa
1122 836 1300 908 exspectatio.
1314 835 1376 893 Noli
1390 834 1481 892 animo
1496 832 1595 905 frangi,
1611 830 1672 888 noli
1686 828 1832 890 deficeret

178 938 243 977 vero
255 921 396 976 subersibi
411 922 479 977 facta
491 921 659 995 indulgentia
669 921 810 981 nobiscum
821 919 972 991 glorificent
1028 923 1250 994 pusillanimitate
1272 925 1502 998 spiritus311abes
1525 923 1633 979 interim
1657 919 1694 978 de
1708 920 1832 992 primite

179 1010 314 1079 spinosum
330 1010 468 1076 Ecclesiae,
491 1011 582 1065 iesum
603 1010 740 1066 Christum
755 1009 900 1064 Dominum
922 1025 972 1066 no·
1027 1011 1150 1081 spiritus,
1169 1016 1244 1087 quod
1270 1015 1303 1070 ad
1328 1030 1448 1086 presens
1471 1013 1499 1067 in
1527 1008 1717 1070 exsultatione
1740 1017 1829 1069 merx
1866 1065 1867 1068 ,

179 1107 275 1168 strrrm,
303 1099 349 1169 qui
377 1107 418 1154 est
444 1115 528 1170 super
555 1098 644 1154 omnia
670 1100 744 1153 Deus
772 1096 927 1154 ben-dictus
946 1098 972 1150 iu
1026 1098 1238 1173 Semianimis,
1253 1102 1540 1175 oodisudjuttitium,
1553 1100 1830 1170 metitespemutfe
1866 1072 1867 1120 l

178 1188 284 1243 secula.
302 1188 398 1241 Arnen.
1026 1190 1085 1244 Non
1107 1200 1133 1246 te
1156 1193 1237 1248 modo
1265 1191 1347 1248 mittit
1370 1192 1403 1247 ad
1427 1190 1501 1246 diem
1519 1186 1712 1256 uolumenum,
1728 1186 1831 1260 qnerulo

439 1277 553 1332 seulfo
573 1275 716 1330 xxxl'lf.
1026 1294 1070 1333 res
1085 1278 1142 1346 jam
1156 1280 1208 1335 erit
1230 1281 1258 1336 in
1278 1296 1318 1352 re,
1334 1291 1362 1337 et
1381 1294 1436 1335 non
1451 1278 1479 1333 in
1501 1292 1569 1348 spe;
1585 1276 1635 1332 sed
1655 1277 1692 1331 de
1707 1273 1831 1347 penem

181 1387 216 1440 De
240 1384 348 1455 duplici
371 1384 485 1446 nolitia,
507 1388 535 1439 ct
548 1382 656 1454 duplici
679 1383 862 1453 immeantis:
888 1381 974 1452 deque
1026 1365 1738 1440 ¹⁰(fUilUs-P10ssusmlfflaloellffle‘fflulml‘l
1751 1364 1831 1422 '⁰¹¹¹'
1866 1361 1867 1414 l

329 1455 412 1510 molis
426 1470 476 1511 sco
490 1454 602 1510 domitis
617 1470 680 1526 quoe
691 1455 826 1526 pariunt.
1027 1463 1054 1510 et
1068 1456 1158 1528 nimis,
1174 1474 1235 1512 crim
1251 1457 1305 1513 vite
1322 1456 1435 1513 venerit.

215 1548 241 1598 ι.
269 1543 348 1612 Puto,
379 1545 433 1599 ndn
463 1544 595 1598 habemus
614 1557 685 1597 nunc
716 1556 786 1612 opus
810 1538 911 1595 bertari
939 1538 972 1593 ud
1065 1550 1092 1598 3.
1114 1546 1167 1600 Sed
1184 1545 1305 1618 nunquid
1321 1543 1595 1615 entaelaetittespes
1612 1541 1749 1599 eriteine
1768 1540 1829 1599 tect

177 1632 354 1704 vigilandum,
370 1648 432 1686 cum
448 1632 549 1703 absque
575 1631 657 1686 dubie
672 1645 762 1686 sermo
782 1629 820 1686 illi
842 1627 975 1700 suggilla-
990 1599 1013 1677 B
1031 1631 1091 1688 tiaf
1106 1635 1160 1706 Spe
1172 1635 1337 1706 pauentes,
1347 1634 1385 1689 tit
1397 1631 1546 1704 Apostolus
1559 1632 1652 1694 (Rusti.
1668 1645 1724 1697 m,
1739 1630 1829 1702 ulit

178 1720 263 1777 torius
276 1719 380 1792 vigilet,
395 1727 491 1782 utpote
509 1721 597 1775 adbuc
612 1735 718 1785 recens,
734 1718 779 1791 qui
796 1718 851 1773 beri
868 1716 976 1772 anobis
1030 1722 1115 1780 David
1130 1738 1184 1777 nnn
1202 1723 1362 1792 laetatumm,
1377 1721 1426 1779 sed
1440 1721 1559 1776 letatum
1572 1735 1604 1777 se
1618 1719 1702 1787 dixit,
1716 1720 1794 1790 qnod
1808 1718 1829 1773 ia

177 1808 334 1866 charitative
347 1808 477 1881 prolatus,
493 1810 563 1863 bene
578 1808 681 1880 aliquos
695 1806 887 1881 expergefecit.
903 1806 976 1879 Ergo
1028 1808 1141 1865 domum
1163 1811 1270 1866 Domini
1289 1827 1319 1868 se
1334 1812 1458 1882 speraret
1477 1808 1579 1865 iturum
1596 1807 1687 1877 (Psoi.
1704 1823 1785 1874 cxxx,
1797 1807 1828 1877 f).

177 1897 275 1953 tenetis
301 1897 433 1954 memoria
458 1897 531 1968 quod
552 1906 655 1951 teneam
674 1911 819 1952 assensum
842 1903 974 1962 vestrum,
1029 1896 1157 1953 Nondum
1180 1897 1262 1955 vitam
1287 1898 1407 1966 tenebat,
1436 1895 1484 1952 sed
1511 1909 1588 1968 spent
1616 1894 1750 1967 profecto
1775 1893 1827 1954 tiu

178 1987 314 2041 neminem
340 1986 444 2057 absque
473 1984 515 2042 sui
547 1985 702 2056 cognitione
730 1986 825 2043 salvari
846 1983 903 2041 :de
921 2000 975 2056 qua
1029 1995 1196 2054 messuerat3
1213 1994 1296 2058 atqua
1310 1987 1337 2043 in
1358 1984 1506 2056 semetipso
1519 1983 1717 2054 experiebatur
1730 1982 1827 2042 retib-

176 2074 304 2130 nimirum
332 2082 418 2130 mater
445 2073 541 2129 salutis
565 2074 701 2129 humilitas
728 2073 822 2141 oritur,
843 2080 871 2129 et
898 2073 976 2128 timor
1031 2081 1084 2129 tem
1098 2074 1244 2145 Scripturas
1262 2072 1431 2147 perbibentis
1454 2071 1517 2143 quia
1534 2071 1688 2129 nonmodo
1703 2086 1827 2129 remusa-

177 2164 300 2230 Domini,
318 2166 362 2236 qui
386 2174 413 2221 ct
437 2164 496 2237 ipse
515 2165 584 2221 sieut
599 2164 704 2220 initium
718 2163 868 2237 sapientie,
884 2163 921 2217 ita
934 2171 978 2218 est
1031 2164 1110 2229 ratio,
1121 2165 1169 2220 sed
1184 2165 1357 2236 ipsaquoqne
1368 2163 1544 2235 cespcctotio
1553 2163 1700 2234 jectiorem
1717 2161 1826 2218 loetifix

176 2264 204 2310 et
217 2253 324 2309 salutis.
340 2254 438 2322 Nemo,
449 2251 520 2320 dieo,
537 2254 643 2326 absque
657 2253 704 2307 illa
718 2253 873 2326 cognitione
888 2253 977 2309 safra·
1033 2253 1108 2311 Hanc
1121 2254 1192 2324 parit
1206 2255 1234 2309 in
1248 2253 1338 2309 animo
1353 2253 1424 2307 illius
1437 2250 1483 2323 qai
1497 2249 1550 2306 sibi
1559 2251 1593 2305 ad
1605 2249 1742 2320 justitiam
1755 2250 1827 2308 κύ·

179 2358 234 2412 qur,
253 2343 300 2414 qui
320 2351 408 2398 tamen
423 2348 530 2397 aetatem
547 2343 688 2400 habeatne
703 2340 859 2398 facultatem
875 2355 978 2414 cogno·
1033 2342 1118 2410 navit,
1133 2349 1299 2413 praesumpta
1319 2340 1488 2413 indulgentia
1511 2339 1688 2406 delictorum,
1703 2338 1731 2395 si
1749 2347 1826 2397 tam

176 2430 283 2487 scendi.
305 2430 384 2499 Quod
408 2437 517 2502 propter
543 2430 672 2501 parrulos
694 2431 799 2504 loquor,
820 2438 847 2486 et
868 2437 981 2501 propter
1034 2432 1119 2501 ipsam
1158 2430 1355 2502 indulgentiam
1388 2428 1507 2485 efficacia
1543 2435 1681 2485 temtatur
1720 2437 1826 2501 meopte

175 2519 278 2585 fatuos,
291 2536 408 2591 quornm
419 2521 471 2575 alia
482 2519 552 2576 ratio
563 2528 614 2576 est.
625 2520 708 2590 Quid,
723 2521 867 2593 siignoras
876 2521 980 2576 Deum‘l
1035 2519 1128 2591 gratiae
1155 2519 1189 2574 ad
1217 2520 1361 2576 vivendum
1383 2518 1501 2575 sanctius
1527 2517 1666 2588 deinceps.
1683 2515 1783 2574 Omnis
1803 2515 1826 2571 ’1

180 2605 280 2677 poterit
295 2622 329 2660 ne
344 2622 408 2677 spes
422 2622 482 2661 esse
496 2607 592 2662 salutis
606 2622 668 2663 eum
682 2607 731 2662 Dei
747 2606 980 2679 ignorantiuiNe
1034 2608 1113 2665 vobis
1135 2608 1183 2680 qni
1210 2610 1268 2664 haec
1296 2608 1377 2664 sentit
1404 2609 1473 2663 intra
1503 2622 1532 2663 sc
1549 2605 1673 2678 actitari,
1690 2607 1748 2664 seit
1770 2604 1825 2678 quii

181 2697 232 2751 froc
247 2695 365 2767 quidem.
381 2697 438 2751 Nee
452 2695 524 2750 enirn
547 2704 626 2768 potes
649 2705 801 2753 autumare
821 2711 902 2767 quem
918 2713 981 2750 nes·
1035 2698 1159 2768 loquitur
1173 2699 1300 2771 Spiritus,
1314 2699 1392 2768 cuius
1414 2711 1471 2753 vox
1492 2704 1572 2767 atque
1585 2697 1711 2768 operatio
1725 2694 1828 2752 minin

177 2785 241 2851 cias,
254 2791 299 2838 aut
308 2783 409 2840 babere
424 2799 504 2856 quem
517 2800 570 2840 uon
580 2784 725 2844 amaveris.
739 2786 853 2841 Noveris
864 2783 976 2857 proinde
1031 2787 1101 2843 inter
1115 2802 1145 2844 se
1167 2803 1286 2859 unquam
1305 2786 1478 2842 dissentiunt.
1494 2786 1636 2855 Propterea
1648 2799 1721 2857 ergo
1735 2781 1828 2841 inulti·

177 2885 214 2943 te,
236 2883 264 2928 ιιι
283 2873 370 2931 Dennr
384 2875 498 2941 timeus;
515 2875 623 2930 nutriris
637 2876 740 2948 ipsum,
754 2884 783 2929 ιιι
797 2891 874 2946 aeque
888 2874 980 2946 ipsum
995 2880 1017 2958 c
1032 2877 1074 2947 git
1097 2892 1158 2948 quae
1181 2876 1318 2941 dicuntur,
1333 2874 1463 2946 quoniam
1482 2889 1545 2946 qnae
1566 2872 1631 2929 foris
1649 2872 1747 2940 audit,
1765 2873 1830 2928 inti!

176 2962 286 3032 diligas.
302 2962 332 3016 fn
352 2963 435 3018 altero
451 2962 565 3017 initiaris
591 2964 624 3017 nd
636 2963 805 3034 sapientiam,
822 2960 935 3020 taos
950 2963 977 3018 in
1032 2963 1123 3020 sentit.
1136 2964 1212 3034 Nam,
1225 2961 1273 3034 qui
1288 2962 1314 3015 in
1335 2961 1412 3017 nobis
1426 2959 1557 3032 loquitur,
1572 2967 1705 3030 operatur
1719 2961 1748 3015 in
1762 2960 1830 3016 vobit

176 3048 264 3106 altero
281 3061 308 3107 et
322 3051 522 3106 consummeris
545 3053 605 3123 quia
623 3052 730 3108 initium
744 3052 882 3123 sapientiae
897 3053 979 3108 timor
1031 3068 1104 3108 nnus
1127 3059 1206 3123 utque
1229 3049 1301 3104 idem
1317 3047 1449 3116 Spiritus,
1463 3045 1587 3103 dividens
1610 3046 1737 3118 singulis
1759 3062 1830 3119 proti

177 3138 295 3205 Domini,
312 3150 352 3196 est
375 3141 464 3209 (Psoi.
483 3156 529 3210 cx,
555 3141 613 3215 ιι),
638 3151 664 3198 ct
683 3143 821 3213 plenitudo
852 3142 921 3212 legis
938 3151 979 3198 est
1032 3141 1089 3196 vult
1103 3141 1129 3210 (f
1138 3141 1198 3197 Cor.
1215 3154 1264 3204 ιιι,
1278 3138 1321 3206 ll)
1337 3134 1420 3192 :aliis
1440 3134 1550 3208 quidem
1564 3132 1650 3204 loqni,
1665 3134 1738 3192 aliis
1751 3146 1831 3193 mte-

177 3228 401 3300 charitaslllom.
416 3246 479 3298 xxti,
504 3235 558 3300 ιι).
587 3232 653 3287 Tam
669 3248 736 3305 crgo
760 3242 875 3304 utraque
899 3232 977 3303 igno·
1032 3227 1139 3300 operari
1155 3226 1230 3299 qnod
1243 3225 1410 3281 bonumest.

179 3317 264 3371 rantia
282 3319 401 3373 cavenda
416 3329 455 3374 est
470 3319 528 3387 tibi,
543 3334 626 3390 qnam
642 3319 701 3375 sine
726 3319 823 3376 umore
841 3327 870 3376 et
888 3334 979 3375 amore
1068 3318 1094 3372 ι.
1114 3314 1243 3386 Quisquis
1264 3314 1352 3387 itaque
1366 3319 1483 3369 restrum
1503 3318 1565 3381 post
1585 3309 1632 3363 illa
1644 3323 1745 3367 emera
1758 3311 1831 3370 etle-

178 3404 229 3460 Dei
243 3405 387 3462 salusesse
402 3423 456 3463 non
472 3417 568 3478 potest.
583 3411 686 3464 Caeteru
700 3408 887 3464 indifferentia
902 3416 976 3474 sunt,
1031 3418 1155 3474 crymom
1177 3400 1364 3459 conversionis
1386 3414 1442 3455 suae
1465 3396 1612 3469 primordia
1634 3396 1834 3468 mpirtueit

179 3509 230 3549 nec
253 3494 378 3561 salutem,
408 3497 432 3550 si
461 3496 592 3567 sciantur,
628 3513 677 3555 nee
705 3497 923 3562 damnationem,
955 3496 977 3550 si
1033 3504 1111 3562 spem
1124 3499 1206 3560 etque
1221 3488 1248 3545 in
1267 3487 1405 3562 quoddam
1421 3500 1547 3541 serenum
1563 3485 1834 3556 supemaeooneub-

180 3583 345 3650 nesciuntur,
362 3585 499 3641 babentia.
1033 3577 1113 3635 donis
1126 3576 1227 3648 pennis
1239 3577 1334 3649 gratie
1348 3574 1520 3630 sublevatum
1536 3588 1564 3629 se
1581 3572 1706 3630 excusse
1716 3573 1833 3639 imunt

216 3676 242 3726 2.
258 3672 317 3726 Non
335 3680 424 3729 tamen
442 3673 809 3730 dicocontemncndsmaut
832 3673 979 3747 negligen·
1033 3669 1057 3724 is
1081 3665 1203 3739 ptoleclO
1226 3666 1282 3734 iam
1310 3664 1395 3730 metit,
1422 3678 1531 3718 suarum
1557 3660 1696 3733 recil>iem
1723 3662 1830 3721 sm!

180 3760 241 3814 dam
257 3759 395 3816 seientiam
420 3761 577 3831 litterarum,
595 3777 656 3832 quae
683 3769 762 3816 ornat
790 3761 921 3831 animam,
954 3771 981 3816 et
1035 3767 1237 3828 temporaneum
1259 3757 1457 3825 lacrymarumt
1475 3759 1503 3807 et
1525 3750 1584 3823 ipse
1607 3747 1829 3818 tiditDtmef

181 3849 271 3904 erudit
285 3865 355 3916 eam,
371 3858 397 3905 et
418 3849 481 3906 lacit
497 3858 525 3904 ut
549 3851 635 3922 possit
658 3850 739 3906 etiam
769 3851 837 3908 alios
861 3851 979 3908 erudire.
1035 3839 1832 3911 endivitvoeemdioentis:Dsfeoidsfnttcit'bttsm

182 3934 235 3991 Sed
251 3937 305 3993 duo
326 3938 370 3992 illa
394 3948 501 4008 oportet
522 3947 549 3993 et
575 3939 684 4009 expedit
712 3948 742 3995 ut
771 3942 934 4011 precedant,
953 3940 982 3995 in
1036 3938 1351 4003 suorumlProv.xxxt,
1371 3928 1675 4003 tttNam.quomedo
1694 3944 1756 3990 non
1773 3926 1833 3988 ἢ

184 4025 283 4097 quibus
323 4043 427 4081 summu
457 4027 552 4082 salutis
588 4029 716 4086 constitui
754 4029 878 4101 superior
913 4029 980 4084 ratio
1035 4027 1132 4093 Deum,
1156 4024 1203 4098 qui
1231 4023 1349 4096 gnstavit
1370 4028 1401 4078 et
1426 4017 1493 4076 vidit
1517 4016 1645 4088 quonism
1676 4016 1773 4077 suetis
1786 4023 1832 4079 ’1

184 4115 340 4172 declaravit.
368 4117 401 4170 Et
417 4115 489 4182 ride,
511 4116 534 4169 si
560 4132 611 4173 neu
639 4117 804 4190 intuebatur,
828 4126 855 4174 et
878 4118 901 4173 si
925 4133 978 4174 non
1035 4113 1282 4182 Dominuszuam
1296 4111 1404 4168 dulcem
1413 4116 1441 4165 et
1448 4121 1562 4166 suarem
1575 4114 1599 4162 te
1611 4106 1715 4178 sensit,
1726 4106 1833 4169 Don'n

184 4204 298 4262 docebat
312 4206 384 4260 bunc
398 4204 517 4260 ordinem
536 4206 581 4274 qui
603 4205 709 4262 dicebat
725 4224 732 4260 ι
749 4208 892 4265 Sentinate
907 4208 979 4264 uobis
996 4159 1019 4238 n
1034 4205 1109 4269 iesu,
1125 4202 1169 4258 eui
1182 4217 1199 4257 ιι
1213 4209 1239 4257 te
1253 4216 1308 4257 non
1322 4199 1405 4255 modo
1418 4205 1530 4269 pecema
1543 4195 1734 4262 donetasunt,
1749 4194 1832 4252 sedet

184 4292 979 4366 adjustitiam,meiitespcmuiloe;ettunedemumiiiu·
1033 4308 1133 4350 munus
1153 4289 1302 4345 sanctitatis
1323 4287 1456 4343 indultum
1475 4293 1531 4351 est;
1557 4299 1647 4356 neque
1676 4283 1709 4341 id
1728 4282 1829 4352 solu,

184 4383 293 4435 minute
306 4380 392 4445 vobis,
408 4381 454 4445 ait,
469 4381 565 4436 lumen
577 4380 794 4450 scientissimos
807 4397 834 4446 x,
848 4384 903 4450 lt).
917 4381 979 4437 Ulti·
1032 4382 1080 4436 scd
1102 4389 1131 4436 et
1151 4377 1245 4434 addita
1268 4377 1378 4447 insuper
1401 4379 1435 4432 ad
1458 4373 1598 4431 cumulum
1616 4371 1758 4431 bonorum
1778 4375 1832 4433 tit!

185 4484 254 4523 mam
266 4468 513 4540 posuitscientiam,
523 4475 648 4542 tanquam
658 4469 870 4540 picturamque
879 4476 977 4524 statum
1032 4478 1139 4527 aetemae
1153 4467 1319 4541 promissiol
1341 4465 1417 4523 Felix
1439 4463 1486 4537 qui
1507 4472 1610 4520 tantum
1631 4463 1693 4533 jam
1713 4461 1831 4529 ned,

184 4557 287 4612 habere
302 4564 417 4627 nequeat
431 4572 511 4628 snper
523 4558 618 4613 ircano:
635 4567 662 4613 et
676 4556 792 4614 ideoilla
806 4558 861 4613 duo
875 4559 978 4629 praemi·
1032 4560 1136 4615 babens
1149 4557 1257 4614 interim
1275 4555 1385 4627 quidem
1405 4554 1522 4610 fructum
1536 4568 1615 4608 suum
1631 4552 1660 4608 in
1679 4550 1831 4610 ment·-

185 4647 221 4701 sit
235 4654 262 4701 et
281 4645 394 4715 subjecit
413 4644 465 4711 illi,
479 4653 606 4715 tunquam
626 4646 650 4701 si
664 4647 782 4702 solidum
800 4646 902 4718 aliquid
919 4647 976 4718 pie·
1032 4648 1145 4714 tionem,
1160 4647 1242 4702 finem
1264 4661 1328 4703 vero
1348 4644 1430 4699 vitam
1454 4640 1598 4698 aeterntml
1616 4639 1717 4697 Merito
1739 4642 1791 4715 qu‘
1806 4654 1829 4697 ι

185 4743 251 4791 turae
266 4735 457 4790 substerneret.
470 4733 648 4801 Securusjtxm
665 4734 977 4801 intendamscientite,si
1032 4737 1139 4794 invento
1160 4735 1244 4801 flevit,
1260 4734 1371 4807 gavisus
1394 4734 1438 4790 est
1456 4731 1516 4790 tiso
1537 4728 1680 4787 Domino:
1700 4733 1738 4787 ed
1760 4733 1830 4802 eei·

182 4823 245 4884 vitae
259 4823 335 4895 prins
346 4839 394 4893 per
409 4821 568 4879 beneficium
579 4823 637 4894 spei
650 4823 821 4880 securitatem
835 4839 976 4895 accepero.
1031 4825 1124 4897 utique
1158 4822 1338 4880 miserationis
1367 4821 1494 4878 intuitum
1523 4829 1614 4878 tantos
1645 4820 1709 4890 iam
1738 4819 1830 4880 terem

182 4915 223 4970 Tu
236 4929 301 4987 ergo
311 4912 448 4969 seminasti
458 4913 507 4969 tibi
522 4915 556 4967 ad
568 4912 709 4981 justitiam,
725 4912 748 4966 si
762 4928 794 4967 ex
807 4928 869 4968 tere
883 4911 977 4968 notitia
1032 4913 1201 4990 manipnlos,
1230 4911 1436 4980 remissionem,
1465 4908 1731 4977 sanctificationem,
1762 4922 1830 4983 spen

181 5003 219 5059 tui
234 5003 369 5074 evigilasti
384 5002 479 5059 timere
504 5003 601 5069 Deum,
631 5008 801 5072 temetipsum
819 5000 975 5071 humiliasti,
1031 5000 1233 5072 ritae.0quam
1247 5015 1325 5056 verus
1337 5007 1381 5057 est
1393 5011 1483 5053 sermo
1497 4996 1545 5069 qui
1564 4995 1591 5051 in
1609 4992 1829 5071 prophetet*

181 5093 276 5149 fudisti
289 5095 432 5165 lacrymas,
445 5092 630 5161 eleemosynas
646 5088 797 5160 profudisti,
818 5089 975 5161 caeterisque
1030 5098 1091 5146 tur:
1107 5091 1160 5159 Qui
1173 5091 1318 5147 seminent
1335 5083 1450 5143 taos
1463 5086 1496 5141 iit
1506 5085 1654 5158 lucrymis,
1665 5085 1829 5143 inmte

181 5194 208 5240 te
224 5182 331 5254 pietatis
345 5180 496 5238 actionibus
510 5178 681 5249 mancipasti,
697 5179 720 5234 si
732 5178 843 5249 jejuniis
858 5187 886 5234 et
909 5177 976 5250 vigi-
1031 5183 1109 5239 tione
1120 5182 1229 5236 metuet
1242 5178 1329 5250 (Psoi.
1344 5189 1433 5243 cxxv,
1449 5174 1487 5245 o).
1503 5173 1556 5232 Ubi
1573 5172 1695 5230 breuiter
1710 5187 1828 5247 comps·

181 5272 224 5327 liis
250 5269 369 5326 afflixisti
393 5286 501 5340 corpus,
517 5270 541 5324 si
567 5273 662 5339 peetus
690 5267 869 5338 tunsionibus,
891 5271 975 5324 coeles
1031 5269 1113 5322 hensa
1139 5277 1253 5338 utraque
1275 5263 1393 5334 cognitio
1413 5267 1454 5315 est
1478 5279 1484 5315 :
1507 5267 1534 5315 et
1556 5260 1643 5316 nostri
1669 5262 1786 5334 quidem
1806 5260 1826 5314 ix

182 5361 346 5417 elamoribus
366 5357 494 5430 fatigasti.
510 5360 567 5414 Hoc
590 5357 723 5428 siquidem
738 5358 870 5413 seminare
885 5357 974 5412 estad
1030 5355 1153 5426 lacrymis
1167 5369 1279 5421 serens;
1295 5366 1356 5423 quie
1369 5355 1459 5405 autem
1473 5348 1531 5413 Dei,
1552 5359 1656 5403 metens
1671 5350 1701 5404 in
1721 5349 1825 5424 gaude.

178 5449 319 5520 justitiam.
344 5446 451 5503 Semina
474 5455 536 5503 sunt
563 5446 638 5503 bons
657 5460 751 5517 opera,
772 5445 842 5500 bone
862 5444 971 5513 studia3
1064 5447 1091 5501 ὅ.
1117 5444 1172 5499 flac
1190 5455 1255 5514 ergo
1279 5439 1307 5494 in
1330 5437 1408 5496 nobis
1434 5435 1547 5512 gemina
1568 5445 1711 5509 preeunte
1732 5437 1826 5503 nstitit,
