3734 5948
70 237 141 301 roei
653 227 655 233 ’
692 214 876 306 ‘sabuchus
893 241 927 303 nv
947 205 1099 306 emuna
1647 252 1716 313 icae

69 364 224 422 interiorem
246 379 333 438 usque
355 363 514 440 angelorum
540 363 665 423 ordinem
688 366 868 437 descendere,
882 382 905 462 g
920 367 1029 426 residua
1052 366 1161 438 capituli
1174 367 1297 441 ejusdem
1320 369 1448 426 attentius
1470 376 1633 448 percepturi,
1658 377 1716 435 lar-

70 464 195 525 tanquam
210 453 243 509 al
259 452 343 508 colles
355 452 483 526 dignatus
498 463 550 511 est.
564 452 616 510 Sed
639 453 759 527 nunquid
782 457 824 511 vel
840 455 867 511 in
922 457 1014 533 gicnte
1028 471 1127 527 speum
1144 456 1270 514 licclesiae
1285 457 1333 513 Jsu
1348 458 1455 517 Christo
1473 461 1589 519 Domino
1612 478 1715 535 nostro,

69 541 123 597 illis
138 541 293 598 remansit?
312 541 451 597 Transiliit
465 550 492 598 et
515 541 611 599 colles.
638 542 698 602 tlon
712 543 799 609 enim,
823 543 867 601 in·
921 546 1018 617 quiest
1031 546 1210 619 superomnia
1221 547 1716 613 Deushcuedictusinsaeculahmeo.

18 664 22 671 ·
69 631 139 703 quit,
151 629 274 704 angelos,
288 631 439 687 scdsemen
454 631 765 705 Abruloeopprcliendit
777 633 865 706 (liobe.
1212 635 1328 693 stulto
1344 635 1413 694 Lll'.

70 738 99 787 ιι,
115 721 170 793 ιιι),
187 721 259 795 quod
280 721 373 794 utique
402 720 505 795 angelis
529 719 642 777 interius
656 731 709 794 est,
725 730 755 778 ut
777 737 867 779 sermo
924 722 1169 792 Qualiteriteram
1181 740 1233 796 per
1246 727 1568 797 montcesipnificootar
1583 731 1716 805 anpcltot

71 809 238 881 impleretur,
264 827 343 881 quem
369 809 437 865 dixit
465 820 630 866 memoratus
649 811 793 883 Propheta,
822 812 867 867 lo·
957 811 1092 879 bomims,
1103 816 1131 868 ct
1144 829 1195 887 per
1210 814 1295 871 colles
1311 814 1460 873 daemones.
1477 817 1547 874 Item
1558 817 1591 876 de
1606 823 1716 892 triplici

71 917 158 974 quens
173 900 211 955 ita
229 899 263 954 ad
277 901 383 956 Patrem
400 898 433 956 de
448 899 535 956 Filio:
554 901 680 957 Minuisti
697 917 763 959 enm
780 901 866 975 paulo
956 902 1253 974 timore,quopuiaque
1264 902 1457 968 rimaranes,
1470 921 1506 962 oe
1515 909 1716 978 proliombene

70 989 167 1046 minae
186 991 220 1045 ab
238 988 345 1061 inpetis
369 989 458 1060 (Paul.
484 1005 545 1058 ιιιιι,
572 988 609 1061 b).
635 987 794 1061 Quanquam
816 989 867 1046 hoc
955 990 1117 1058 operandio
1134 991 1185 1045 ileo
1200 991 1463 1064 occeptumperdut.

69 1093 135 1134 sane
150 1078 184 1132 ad
204 1077 464 1133 commendationem
490 1085 595 1132 naturae
613 1079 737 1133 humanae
765 1077 866 1134 dictum
956 1080 982 1131 ι.
998 1074 1085 1146 Super
1099 1076 1194 1132 eodem
1209 1078 1337 1151 capitulo,
1353 1080 1424 1151 quod
1441 1080 1568 1139 hesterno
1591 1099 1716 1144 sermone

67 1168 153 1240 possit
171 1166 295 1242 intelligi,
315 1167 387 1240 quod
411 1166 493 1224 homo
515 1168 548 1223 ad
569 1166 716 1239 imaginem
739 1177 766 1222 ιι
787 1165 865 1222 simi·
922 1160 1016 1238 [allon
1032 1164 1085 1237 die]
1103 1173 1239 1220 versatum
1254 1174 1304 1231 est,
1321 1167 1441 1224 dicturus
1455 1186 1514 1225 sum
1534 1182 1559 1227 et
1576 1171 1714 1231 aliumin·

64 1257 207 1313 litudinem
234 1257 285 1312 Dei
308 1257 443 1324 conditus,
469 1271 500 1312 ac
528 1253 674 1327 praedictus
703 1253 808 1311 ratione
832 1254 865 1311 ad
919 1252 1055 1310 tellectum
1075 1269 1155 1327 quem
1173 1254 1306 1312 hodierno
1328 1257 1451 1313 servavi:
1472 1274 1521 1315 vos
1546 1263 1666 1334 probate,
1688 1274 1716 1321 et

64 1345 151 1402 instar
168 1346 262 1418 utiquc
276 1344 376 1421 angeli,
407 1344 541 1402 modicum
557 1353 647 1400 umen
671 1341 800 1399 diatetab
814 1359 864 1399 an·
918 1341 1010 1416 eligite
1023 1343 1138 1413 potiora.
1153 1344 1213 1400 Non
1225 1353 1267 1400 ent
1284 1359 1352 1416 opus
1365 1345 1505 1417 superiora
1516 1359 1637 1421 repetere
1652 1367 1713 1425 quaa

62 1431 124 1506 gelo
148 1441 260 1505 propter
283 1447 384 1503 corpus
411 1433 444 1489 dc
459 1442 540 1490 terra.
566 1430 619 1487 Sed
634 1429 695 1487 audi
711 1432 863 1502 apostolum
918 1430 1050 1486 excidisse
1073 1445 1127 1486 non
1150 1431 1266 1487 arbitror
1285 1431 1312 1486 in
1337 1442 1391 1488 tam
1410 1435 1494 1491 brevi.
1521 1436 1548 1491 Si
1567 1439 1714 1509 quominus

64 1521 177 1577 Paulum
192 1529 286 1589 aperte
308 1522 529 1593 pronuntiantem
543 1520 577 1577 de
600 1535 633 1577 eo
654 1538 660 1577 :
680 1520 733 1588 Qut
746 1535 812 1576 cum
830 1520 864 1575 in
918 1527 1016 1587 umen,
1033 1519 1133 1590 scripta
1147 1528 1211 1576 sunt
1228 1531 1258 1577 ut
1271 1520 1341 1578 dicta
1359 1529 1432 1594 sunt,
1458 1533 1485 1580 et
1498 1537 1610 1598 excepta
1633 1531 1713 1601 stylo,

59 1612 156 1681 sermo
170 1610 219 1666 Dei
235 1613 315 1677 esset,
334 1626 393 1667 aare
406 1610 540 1681 rapinam
558 1606 752 1665 arbitrabatur
761 1622 819 1666 ease
832 1621 862 1664 ac
917 1606 985 1663 sicut
999 1614 1027 1663 et
1042 1622 1182 1664 sermones
1203 1611 1302 1678 caeteri,
1318 1619 1347 1665 ut
1361 1609 1439 1666 facila
1452 1625 1625 1682 recuperetur
1641 1618 1715 1688 quod

61 1698 201 1772 aequatem
211 1699 287 1756 Deo:
301 1700 369 1771 qaia
380 1701 546 1773 semptisam
556 1697 728 1763 exinaniuit,
738 1698 900 1810 [amoma
916 1693 987 1752 iorte
1000 1696 1139 1752 exciderit.
1153 1697 1327 1771 Quapropter
1344 1697 1457 1770 ancipite
1472 1698 1536 1757 alia.
1552 1704 1621 1762 Ecce
1636 1708 1716 1764 venit

62 1785 138 1841 serni
151 1785 304 1858 occipiens,
319 1786 582 1843 imsimilitudinem
595 1785 742 1845 bominum
756 1786 862 1857 suetas,
916 1784 951 1851 is,
978 1784 1074 1857 inquit,
1098 1785 1204 1843 saliens
1224 1787 1256 1842 iri
1274 1787 1427 1857 montibus,
1447 1789 1617 1848 transiliens
1631 1794 1715 1853 cottea

64 1876 93 1928 et
109 1872 207 1930 babitu
223 1874 359 1932 inventas
374 1879 409 1931 ut
433 1873 513 1932 herrm
535 1873 669 1948 (Philipp.
688 1888 720 1942 ιι,
735 1875 761 1944 b,
777 1871 822 1944 7);
836 1879 864 1928 et
916 1872 1041 1944 (Contio.
1052 1888 1083 1941 ιι,
1095 1874 1133 1944 8).
1149 1874 1282 1946 Sponsum
1298 1874 1433 1946 loquitur:
1450 1878 1497 1950 qui
1513 1879 1634 1951 proiecto
1649 1889 1713 1940 tunc

62 1976 192 2019 rursum:
210 1963 258 2020 llbi
271 1966 359 2033 venit,
376 1960 472 2036 inquit,
485 1962 637 2036 plenitudo
652 1961 797 2030 temporis,
809 1962 863 2018 mi·
916 1960 944 2015 in
968 1959 1106 2018 monibus
1127 1961 1207 2034 saliit,
1226 1978 1288 2018 cum
1308 1967 1408 2019 missus
1423 1980 1438 2019 a
1455 1966 1531 2022 Patre
1543 1968 1578 2023 ad
1593 1983 1713 2046 evange·

62 2047 102 2103 ait
116 2050 189 2106 Deae
202 2049 309 2106 Filium
324 2067 418 2117 suum,
431 2052 544 2120 suctum
558 2064 594 2106 ex
603 2050 736 2115 muliere,
752 2051 863 2122 factam
917 2048 1051 2105 lizandum
1066 2052 1243 2121 pauperibus.
1258 2051 1425 2127 Angelorum
1438 2051 1514 2125 iungi
1524 2067 1627 2112 nonest
1636 2057 1713 2115 dadi·

62 2136 113 2192 aab
129 2138 245 2210 lapaut
259 2153 302 2197 eos
317 2140 366 2211 qai
386 2139 437 2196 aab
457 2138 514 2213 tepc
529 2139 777 2200 erontredimevat
792 2138 862 2210 (Go-
916 2144 1017 2209 gnatus
1038 2136 1140 2208 cilicio,
1158 2137 1247 2194 tactus
1269 2141 1360 2210 magni
1383 2140 1489 2197 consilii
1510 2144 1640 2216 Angelus,
1665 2147 1712 2218 qni

62 2223 115 2280 tot.
130 2240 167 2282 ιι.
184 2226 212 2293 i,
228 2227 266 2298 5).
282 2226 334 2298 Qui
353 2242 420 2302 ergo
441 2225 528 2282 iactus
543 2243 576 2284 ex
591 2224 714 2293 muliere,
731 2226 820 2282 iaetus
834 2232 862 2282 et
915 2225 1124 2291 bominuserat.
1135 2227 1414 2284 Percedascenditad
1430 2238 1524 2295 terras,
1541 2234 1587 2303 qui
1600 2231 1707 2292 1451

64 2313 115 2369 suh
131 2314 192 2387 lege
206 2322 257 2385 est,
273 2314 464 2387 proculdubio
479 2329 532 2371 non
547 2314 636 2370 solum
650 2323 765 2380 montes,
779 2312 805 2368 id
821 2320 862 2368 est
915 2314 986 2370 alios
1003 2313 1129 2386 delegare
1148 2313 1271 2371 nolebat:
1288 2332 1337 2387 per
1350 2331 1381 2371 se
1397 2325 1489 2373 notrum
1504 2316 1567 2375 iecit
1582 2323 1714 2387 Dominus

62 2403 183 2473 majores
196 2406 402 2477 superioresque
415 2402 607 2473 beatitudines,
622 2401 761 2459 sedetiam
775 2402 861 2458 mino·
917 2400 1035 2458 salutare
1049 2417 1139 2468 suum,
1157 2418 1203 2473 per
1213 2403 1279 2458 sein
1295 2413 1443 2477 conspectu
1454 2407 1574 2477 gentium
1589 2404 1714 2468 revelavit

61 2507 108 2546 res
122 2491 236 2565 angelos
259 2492 450 2549 descendendo
476 2492 611 2560 transiliit,
631 2491 678 2564 qui
702 2490 812 2564 quidem
833 2490 862 2547 in
913 2489 1045 2561 justitiam
1059 2507 1136 2546 suam
1150 2492 1232 2559 (Psoi.
1258 2508 1348 2560 xcvii,
1374 2496 1411 2564 2).
1427 2495 1494 2551 Cum
1513 2495 1602 2568 itaque
1616 2515 1714 2559 omnes

62 2580 269 2651 comparatione
290 2579 473 2652 superiorum,
494 2580 590 2636 merito
617 2578 726 2637 collium
750 2579 861 2636 nomine
914 2580 988 2649 iuxta
1004 2578 1250 2648 Paulisententiam,
1261 2581 1504 2641 administratorii
1512 2587 1633 2659 spiritua
1646 2589 1713 2657 siut,

62 2668 252 2742 designantur.
268 2671 400 2726 Caeterum
415 2669 461 2742 qui
475 2670 565 2726 minor
579 2677 621 2725 est
635 2668 663 2723 in
682 2684 767 2742 regno
779 2669 861 2725 coelo-
914 2669 1031 2725 missiin
1041 2670 1233 2726 ministerium
1242 2675 1403 2744 propterecs
1409 2674 1457 2744 qui
1463 2673 1655 2734 hereditatem
1667 2694 1714 2735 co·

63 2775 137 2824 ram,
154 2761 239 2831 major
256 2767 298 2815 est
317 2758 415 2832 quovis
433 2775 542 2815 carnem
563 2766 686 2831 portante
701 2773 784 2830 super
802 2765 859 2813 tor·
912 2757 1714 2832 piantaolutisfflebr.1,ll);quieratsuperillos,iactus

64 2847 859 2922 rametiamaisitillemagnualoannesbaptistaihacmu,
914 2856 956 2901 est
979 2845 1131 2903 interillos
1155 2857 1282 2919 tanquam
1308 2865 1378 2904 unus
1400 2865 1432 2905 ex
1455 2849 1518 2919 illis,
1541 2851 1713 2911 dissimulans

64 2935 122 3010 28).
139 2938 208 2993 Nam
223 2939 273 2996 etsi
287 2954 353 2995 sane
366 2938 453 2994 Deum
468 2936 603 2993 hominem
623 2936 761 3003 latemur,
778 2936 860 2993 etiam
913 2933 1050 3004 injuriam,
1079 2936 1250 2992 accumulans
1278 2936 1401 3007 gratiam.
1436 2936 1488 2992 Sed
1519 2940 1581 2995 audi
1607 2941 1710 3012 ipsum.

65 3027 93 3081 in
108 3026 217 3084 bomine
232 3043 314 3098 super
337 3040 445 3084 omnem
466 3026 646 3099 principatum
661 3033 689 3083 et
702 3035 862 3097 potestatem
876 3015 899 3095 ὓ
915 3024 1059 3091 Nonacri,
1073 3023 1170 3093 inquit,
1182 3025 1353 3095 minntrori,
1364 3024 1634 3099 ruminaverant
1645 3032 1712 3088 oui·

64 3113 148 3189 longe
172 3114 414 3186 incomparabiliter
432 3114 627 3189 praeemiuere3
648 3125 749 3171 certum
774 3121 864 3170 umen
916 3128 994 3168 mom
1004 3129 1097 3170 meam
1106 3112 1173 3167 dore
1181 3126 1233 3184 pro
1248 3112 1349 3169 multis
1364 3112 1475 3181 (llatth.
1486 3129 1534 3187 xx,
1552 3117 1619 3189 (28),
1632 3115 1712 3187 Quod

63 3205 130 3276 quia
143 3205 193 3260 etsi
207 3204 287 3276 praeit
301 3205 451 3275 mansuete,
466 3204 517 3261 sed
539 3202 695 3259 infirmitate
709 3202 862 3259 succubuit.
916 3199 1025 3273 quidem
1049 3205 1207 3256 caeterorum
1227 3215 1306 3256 nemo
1333 3199 1432 3258 iecisse
1455 3202 1579 3261 inventus
1602 3212 1665 3291 cst..
1681 3216 1712 3267 ιιι

64 3292 105 3347 lta
117 3307 183 3366 ergo
201 3292 274 3349 saliit
287 3294 314 3349 in
329 3294 476 3361 montibus,
492 3300 518 3349 et
543 3291 669 3348 trarrsiliit
683 3289 778 3358 colles,
801 3306 862 3347 cum
916 3302 1013 3345 omnes
1030 3297 1162 3362 quotquot
1175 3287 1342 3346 ministrasse
1363 3288 1415 3346 visi
1440 3298 1514 3365 sunt,
1530 3294 1588 3364 ipae
1604 3293 1711 3355 devotis

65 3396 121 3436 non
135 3384 223 3438 solum
243 3381 443 3454 superioribus,
469 3381 518 3437 sed
544 3390 571 3437 et
584 3378 758 3437 interioribus
781 3379 863 3451 spiri-
915 3377 1052 3434 transierit
1066 3375 1240 3450 fidelibusque
1254 3378 1403 3452 obsequiis.
1413 3379 1505 3438 Βοιιιιι
1521 3382 1653 3452 minister,
1664 3386 1711 3459 qni

63 3469 137 3526 tibus
168 3470 373 3546 dignantissime
402 3486 433 3526 se
470 3468 624 3526 interiorem
648 3468 779 3526 exhibuit.
805 3468 863 3527 Nec
915 3481 1023 3523 carnem
1045 3481 1120 3523 suam
1144 3464 1173 3520 in
1187 3465 1288 3535 cibum,
1312 3467 1473 3543 sanguinem
1487 3468 1516 3526 in
1530 3479 1635 3542 potum,
1649 3475 1710 3532 ani·

64 3558 212 3615 modoillis
222 3558 345 3630 supernis
358 3558 509 3629 spiritibus,
524 3558 573 3615 sed
588 3566 615 3613 et
627 3556 695 3629 ipsis
704 3558 752 3630 qui
766 3559 862 3615 domos
915 3569 988 3609 mam
1004 3552 1168 3610 ministravit
1188 3554 1215 3609 in
1229 3555 1355 3628 pretium.
1373 3556 1463 3612 Bonus
1481 3559 1570 3628 plane,
1590 3563 1636 3633 qui
1650 3562 1711 3631 api-

64 3647 151 3703 lntaas
164 3645 324 3715 inhabitant,
347 3645 496 3716 subiectum
510 3660 541 3701 se
559 3644 690 3710 exhibuit.
704 3642 862 3701 'transiliens
914 3643 967 3700 ritu
981 3644 1079 3714 alacer,
1094 3642 1223 3698 charitate
1242 3641 1364 3712 fervens,
1385 3645 1486 3714 pietate
1510 3646 1636 3718 devotus,
1655 3663 1711 3705 nou

64 3744 92 3792 et
109 3733 222 3793 vincens
241 3733 393 3791 humilitate
407 3733 489 3790 etiam
507 3733 648 3790 hominum
672 3732 860 3790 humilitatem.
915 3732 1004 3786 solum
1023 3730 1084 3787 salit
1097 3731 1125 3786 in
1138 3728 1285 3796 moudhus,
1301 3731 1349 3786 sed
1359 3737 1386 3786 et
1398 3729 1512 3787 transilit
1525 3732 1619 3802 eolles,
1630 3734 1658 3791 id
1669 3744 1711 3795 est

63 3823 130 3880 Erat
143 3821 260 3896 denique
273 3821 397 3878 subditus
415 3823 507 3879 llariae
521 3832 548 3880 et
568 3820 682 3892 loseph,
707 3835 767 3876 cnm
787 3828 862 3876 esset
914 3825 1025 3891 superat
1042 3826 1070 3874 et
1081 3816 1165 3874 vincit
1178 3816 1314 3873 alacritate
1328 3816 1509 3887 ministrandi,
1525 3833 1620 3895 utpote
1627 3841 1709 3897 quem

64 3912 228 3979 duodennis,
243 3910 272 3967 in
286 3911 418 3968 Nazareth
436 3913 516 3983 (Lac.
541 3927 573 3982 ιι,
597 3912 643 3979 bl,
660 3908 707 3982 lt)
722 3927 729 3969 :
744 3917 772 3966 et
790 3907 861 3982 apud
915 3907 991 3963 unxit
1008 3906 1081 3963 Deus
1094 3906 1167 3961 Deus
1190 3920 1257 3962 suus
1271 3906 1331 3964 oleo
1345 3906 1446 3964 laetitiae
1471 3925 1527 3981 prae
1539 3900 1709 3972 consortibus

63 4001 208 4059 Iordanem
230 4000 344 4059 loannis
358 4016 388 4058 se
410 4000 538 4058 manibus
562 4000 619 4071 jam
645 4000 753 4072 juvenis
781 3995 861 4054 incli-
913 3996 970 4053 suis
983 3995 1072 4067 (Psoi.
1088 4008 1166 4060 nutv,
1182 3994 1224 4066 8):
1245 3992 1274 4048 in
1291 4009 1346 4068 quo
1361 3995 1452 4069 utiquc
1472 3998 1644 4080 singulariter
1657 4019 1708 4062 ex.

63 4089 262 4161 navit(ldattlt.
286 4106 328 4160 ιιι,
359 4090 415 4164 lt).
445 4089 500 4147 Sed
529 4098 556 4147 et
575 4088 701 4145 inclinata
726 4094 769 4144 est
789 4087 858 4154 dics,
914 4084 1023 4142 sulhvit
1037 4093 1067 4139 ut
1080 4084 1157 4159 gigas
1172 4083 1207 4138 ad
1221 4084 1379 4140 currendam
1394 4085 1476 4141 viam.
1490 4087 1613 4160 Denique
1623 4097 1710 4149 trans

63 4193 114 4234 uec
140 4178 228 4235 adhuc
255 4178 424 4238 omninode
462 4179 505 4234 uis
532 4177 672 4237 monuhus
696 4176 861 4235 descendere
914 4174 964 4231 iliit
993 4174 1157 4242 Gabrielem,
1180 4178 1208 4228 et
1231 4173 1361 4244 prevenit
1396 4172 1471 4247 (itit
1494 4176 1528 4230 ad
1556 4176 1706 4249 Virginem.

61 4268 140 4324 libet.
913 4265 1008 4320 eodem
1026 4263 1189 4335 archangelo
1209 4269 1363 4334 attestante,
1387 4278 1449 4319 cum
1468 4263 1518 4320 ait:
1539 4267 1594 4324 dvc
1613 4272 1708 4340 pratia

98 4360 125 4413 9.
150 4356 286 4415 Catemm
311 4357 335 4414 si
358 4359 408 4415 hac
423 4352 489 4415 vice'
505 4357 670 4416 voluerimus
689 4366 786 4414 cuneta
806 4356 857 4412 ho·
872 4329 896 4407 l)
910 4351 1621 4427 plenabominastecumttacm,28).QaidtQuem
1629 4357 1707 4416 modo

62 4463 132 4514 rum,
149 4454 228 4519 prout
250 4447 376 4516 delectat,
400 4447 542 4522 explorare
557 4462 675 4519 amoena,
690 4446 779 4502 abdita
794 4461 858 4516 per·
914 4440 1045 4514 reliquisti
1067 4441 1095 4495 in
1116 4438 1196 4509 calo,
1217 4454 1290 4496 nunc
1308 4438 1400 4512 [clius.
1422 4439 1502 4513 hunc]
1524 4440 1553 4498 in
1570 4453 1646 4500 utero
1660 4461 1707 4502 re·

61 4538 201 4605 serutari3
224 4536 372 4593 verendum
396 4553 430 4592 nc
453 4544 498 4592 aut
521 4551 610 4592 sermo
625 4542 704 4607 grata
730 4535 861 4591 brevitate
913 4532 996 4603 peris.
1014 4529 1138 4599 Quonam
1156 4525 1261 4582 modo?
1282 4527 1389 4583 llnlavit
1409 4535 1436 4583 et
1453 4529 1609 4600 praevolavit
1627 4548 1708 4605 super

61 4631 161 4691 careat,
176 4632 221 4680 aut
241 4625 318 4702 larga
342 4623 533 4696 excellensque
554 4623 680 4680 materies
699 4622 790 4679 debita
812 4620 857 4676 di·
912 4623 1176 4689 pannasventorum.
1195 4615 1288 4671 Victus
1300 4630 1339 4681 es.
1355 4630 1372 4672 o
1386 4617 1560 4690 archangele:
1584 4621 1708 4678 transiliit

60 4711 172 4784 ligantia
199 4711 372 4770 festinatione
398 4712 547 4770 iraudetur.
572 4712 723 4767 Pausemns
745 4707 859 4781 proinde
913 4714 939 4762 te
952 4704 999 4776 qui
1011 4703 1141 4778 praemisit
1154 4710 1189 4760 te.

60 4801 140 4857 bodie
152 4801 221 4871 jam,
247 4802 269 4856 ei
295 4805 391 4875 placet,
415 4802 445 4858 in
469 4800 606 4858 montibus
627 4799 707 4866 istis3
730 4795 858 4870 quoniam
949 4797 977 4849 2.
991 4793 1048 4850 dut
1061 4800 1134 4849 certe
1152 4790 1265 4848 saliebat
1278 4790 1306 4848 in
1322 4793 1467 4861 montibus,
1487 4811 1547 4853 cum
1562 4795 1590 4854 in
1604 4798 1708 4874 angelis

58 4890 161 4945 honum
176 4898 219 4945 est
242 4906 293 4945 nos
316 4891 360 4945 hic
380 4906 449 4956 esse,
467 4889 514 4945 ubi
528 4906 543 4943 a
558 4896 668 4962 pastore
683 4884 788 4942 Christo
804 4898 859 4941 una
913 4885 979 4942 olim
998 4882 1119 4954 patribus
1145 4881 1308 4954 apparebat:
1339 4882 1412 4954 quod
1440 4883 1532 4957 utique
1551 4886 1708 4958 proprietati

58 4991 120 5034 curn
148 4976 249 5032 sanctis
277 4977 379 5050 angelis
401 4979 429 5033 in
453 4977 515 5034 loco
544 4991 652 5049 pascua
678 4974 814 5035 collocati.
832 4981 859 5031 et
914 4974 1011 5029 litterae
1029 4972 1116 5044 magis
1134 4972 1279 5027 convenire
1300 4969 1415 5028 videtur.
1430 4973 1489 5030 Non
1508 4975 1643 5049 enimait,
1658 4995 1707 5037 ao·

56 5065 204 5138 jucundius
225 5066 375 5137 pascimur,
399 5073 426 5123 at
448 5064 569 5124 uberius.
592 5065 624 5121 lit
646 5079 696 5120 nos
723 5060 858 5135 siquidem
915 5061 988 5118 lieres
1003 5059 1032 5115 in
1051 5065 1173 5123 montes;
1194 5058 1252 5124 sed,
1269 5059 1301 5114 in
1318 5061 1470 5129 montibus,
1492 5070 1522 5118 ut
1540 5062 1598 5134 ipse
1616 5064 1646 5121 iu
1668 5070 1709 5124 eia

58 5171 127 5212 oves
161 5168 269 5224 pascuae
302 5155 373 5225 ejus.
403 5153 582 5212 lluminemns
617 5167 693 5225 crgo,
732 5159 859 5223 tanquam
914 5150 1041 5204 videatur
1054 5147 1143 5211 salire,
1163 5146 1209 5217 qui
1224 5146 1287 5202 tacit
1301 5152 1328 5204 et
1342 5148 1387 5202 dat
1406 5159 1436 5205 ut
1449 5150 1559 5216 sativum
1578 5155 1708 5227 quemad·

57 5243 161 5300 munda
183 5243 309 5300 animalia
333 5243 398 5299 honi
422 5242 549 5318 pastoris,
569 5256 629 5315 quae
652 5240 784 5298 hodierno
802 5253 859 5294 ser·
914 5233 1191 5308 modumloquiturin
1207 5235 1496 5311 prophetia,operatur
1510 5239 1708 5315 iniustiqeum

58 5350 140 5394 manc
167 5342 223 5392 tou
258 5331 385 5391 aviditate
419 5331 594 5409 glutivimus:
622 5344 746 5389 sermone
771 5328 859 5387 altero
915 5324 969 5382 illis
982 5325 1075 5389 verba,
1094 5329 1122 5378 et
1144 5321 1203 5378 istis
1216 5337 1298 5393 opera
1319 5322 1422 5381 tribuit.
1437 5325 1515 5384 nude
1532 5331 1605 5401 quod
1625 5331 1711 5406 aliqui

96 5515 171 5588 titt)
186 5513 232 5572 Sic
244 5511 391 5589 legendnm
408 5528 472 5572 curn
485 5508 693 5584 manuscripta,-
708 5521 764 5568 non
776 5507 918 5583 pervenit,
933 5503 1001 5565 utin
1010 5501 1098 5563 editis.
