3734 5948
162 215 214 280 ur
628 181 1344 260 s.autunumtsmrucn1su-rsutsuns
1754 182 1813 243 m

161 357 242 401 aaa
255 337 376 410 diligitur
389 332 520 396 mussas,
536 327 587 383 etsi
602 341 656 382 non
675 324 702 378 in
718 321 763 378 ih
777 315 952 388 plenitudine·
970 324 994 404 g
1010 326 1186 384 setestatus
1200 342 1295 383 ansas
1310 325 1426 397 portua
1441 325 1513 381 nutu
1527 325 1817 394 verrarmumnoen,

163 431 248 502 0⁰1⁶*ss
261 437 353 482 ΜΘΗ
367 435 492 477 ”leffium
511 413 661 472 d⁰V⁰²i⁰⁰i⁸
679 413 738 466 Μ’
750 416 803 480 θὸῑι
822 414 851 461 ¹¹¹
870 413 954 461 totum
1008 418 1083 473 nulla
1102 416 1229 474 haeretica
1243 432 1293 472 seu
1306 415 1441 473 diabolica
1459 415 1692 472 circumventione
1705 415 1812 491 aliqun-

161 534 212 576 eor
236 516 279 571 illa
301 509 441 567 suorituas
462 513 589 574 occupet,
612 509 698 558 totum
726 497 777 555 sihi
807 495 840 550 ah
862 506 956 549 amore
1009 511 1089 561 genus
1109 504 1244 563 deppam,
1260 506 1381 576 pemque
1396 520 1458 561 cum
1474 503 1501 558 p„
1525 503 1635 574 pfflpg,
1658 491 1812 561 pompm,

163 607 296 662 unisersae
317 600 407 655 cernis
428 609 459 652 ae
477 592 592 651 carnalis
612 590 743 645 illecebra
756 584 884 640 uindicet.
899 583 956 637 lloc
1009 592 1081 649 tione
1096 592 1141 650 illa
1155 592 1257 649 cautela
1272 602 1403 662 servatur,
1420 600 1448 648 at
1464 591 1635 648 discretionis
1651 605 1721 648 meta
1736 593 1816 651 nulla

162 693 262 767 quippe
281 695 338 746 toto
363 685 445 743 corde
473 683 587 754 diligere
605 690 656 736 est.
677 675 804 749 Alioquin
825 673 848 728 tl
868 671 956 728 camis
1009 681 1202 752 superstitione
1225 682 1265 737 vel
1286 680 1403 749 leuitate,
1417 680 1461 737 rel
1477 679 1587 751 spiritns
1604 681 1680 753 qnasi
1696 680 1813 739 lernen-

164 796 232 838 mee
259 775 406 851 quamlibet
433 769 693 843 mrtssnguinitatem
721 765 764 821 sol
790 761 955 834 voluptatem
1010 769 1087 827 tiaris
1100 769 1272 828 vehementia
1291 771 1445 826 excedatur.
1461 770 1495 825 Et
1512 769 1565 825 hoc
1578 784 1638 825 esse
1652 776 1709 825 tota
1723 770 1817 826 anima

163 871 233 929 torte
255 865 372 939 praetera
393 861 469 919 carni
488 859 595 917 Domini
618 856 680 923 mei,
700 870 748 925 per
765 851 836 923 quad
858 864 903 904 me
917 847 957 904 vi·
1011 859 1096 914 Deum
1121 859 1235 933 diligere
1256 861 1313 930 jam
1336 858 1568 932 supradiximus.
1591 856 1670 927 Quod
1691 859 1715 914 si
1728 860 1816 917 etiarn

163 957 260 1015 delicet
283 954 376 1009 miuus
403 966 434 1007 ea
457 948 569 1021 implere
593 945 740 1016 contingat,
760 955 820 1013 ttuae
834 938 862 995 11¹
876 951 957 994 wne
1011 947 1163 1016 adjurantis
1182 948 1297 1020 Spiritus
1311 945 1388 1021 sigor
1403 954 1495 1004 tantm
1514 946 1632 1015 adamat,
1648 949 1769 1006 utnulla
1789 953 1817 1008 ri

164 1058 278 1102 mancii!
291 1041 375 1102 Verbo
386 1049 414 1097 di
433 1036 559 1108 exemplo
573 1051 616 1092 me
629 1031 736 1102 docilii3
752 1043 842 1084 nonne
855 1025 959 1097 liquido
1012 1036 1134 1091 lghopum
1157 1036 1199 1092 vel
1226 1044 1434 1103 tormentorum,
1455 1036 1502 1092 sed
1532 1053 1582 1094 nec
1608 1037 1707 1094 morli!
1739 1038 1818 1095 mem*

164 1141 277 1202 constan,
290 1129 363 1204 quod
385 1137 443 1185 toto
461 1139 631 1197 nemaeum
650 1120 732 1192 diligo
748 1118 841 1183 corde,
857 1130 917 1171 tum
931 1111 958 1169 ld
1012 1123 1115 1194 iustitia
1128 1140 1246 1197 uuquam
1260 1127 1424 1193 deseratnr;
1441 1126 1470 1180 in
1483 1126 1535 1181 hoc
1549 1125 1629 1181 etium
1646 1132 1702 1182 tota
1716 1126 1818 1185 ursata

165 1223 282 1280 divam,
306 1219 429 1289 habens,
453 1223 555 1288 partem
582 1210 740 1284 impendere
765 1205 859 1264 videar
885 1203 960 1258 cami
1013 1213 1144 1288 ditigitur,
1161 1222 1189 1269 et
1204 1222 1246 1270 est
1260 1229 1336 1271 amor
1351 1213 1508 1285 spiritualis.
1524 1214 1602 1282 Quod
1617 1214 1745 1272 nimirum
1764 1230 1818 1275 aa·

165 1316 234 1384 ejus,
251 1318 355 1383 partem
370 1308 524 1376 inmitium
538 1302 573 1357 id
590 1297 725 1372 emelim
735 1297 750 1353 i
759 1295 884 1364 ”illique
898 1291 957 1348 ⁸5²³
1015 1317 1076 1358 meu
1090 1302 1156 1360 haic
1169 1302 1324 1374 specialiter
1339 1303 1426 1359 amori
1441 1318 1593 1374 congruere
1606 1313 1684 1376 pato,
1698 1305 1736 1362 oh
1751 1321 1819 1379 pre-

168 1405 223 1474 Qai
236 1403 316 1458 amat
331 1402 444 1471 patrem
457 1396 510 1451 aut
525 1394 647 1447 matrem
656 1388 724 1461 plur
734 1401 819 1459 quem
831 1396 887 1448 me,
902 1397 959 1440 nen
1015 1391 1161 1464 rogativam
1176 1391 1269 1464 ntique
1282 1391 1459 1463 plenitudinis
1469 1392 1595 1465 spipitus,
1606 1409 1658 1466 qua
1672 1395 1817 1465 precellit.

165 1496 207 1549 ppt
220 1504 265 1548 me
278 1487 396 1558 dignam
410 1487 439 1542 et
454 1483 502 1557 qai
516 1482 597 1537 amat
608 1477 702 1549 filiam
717 1479 769 1531 cat
785 1472 878 1542 filiam
895 1469 961 1542 plut
1013 1479 1049 1536 Et
1060 1481 1118 1535 haec
1132 1478 1265 1536 sufficiant
1280 1496 1328 1551 pro
1342 1495 1376 1536 eo
1390 1481 1462 1550 quod
1473 1494 1574 1554 sponsa
1582 1482 1666 1538 dicit:
1679 1482 1820 1558 Proptcrc

165 1595 250 1655 mom
264 1590 319 1641 me,
335 1590 392 1631 nort
407 1578 449 1631 ert
463 1586 507 1626 ose
518 1569 621 1641 dignos
635 1564 747 1637 (ttotth.
762 1579 790 1629 ι,
805 1563 839 1617 37
855 1561 960 1637 ·Elii⁰,
978 1603 1002 1682 Β
1017 1563 1353 1627 Ιθθθαάοιειοιιιιιιιιε
1362 1569 1526 1627 dilexerant
1538 1571 1818 1642 tenimiciilnult'cm,

166 1677 197 1725 ut
208 1666 325 1722 breviter
336 1661 435 1727 dicam,
451 1666 508 1716 toto
519 1656 600 1714 eorda
609 1655 733 1728 diligere,
746 1661 787 1708 eat
801 1664 881 1706 omne
889 1648 961 1720 quod
1015 1656 1055 1730 a),
1080 1656 1109 1712 ln
1138 1657 1181 1712 his
1207 1672 1269 1728 qnae
1292 1663 1453 1729 sequuntur,
1469 1658 1598 1730 dignetur
1617 1658 1699 1716 nohis
1711 1660 1821 1734 aperire

166 1753 302 1812 blanditur
315 1751 350 1806 de
372 1763 453 1807 carue
474 1745 584 1819 pmpria
602 1744 644 1801 tel
661 1741 758 1808 aliena,
783 1743 963 1796 summitte
1015 1746 1158 1802 thesauros
1174 1745 1369 1802 misericordia
1382 1760 1439 1801 anre
1453 1745 1512 1818 ipse
1524 1758 1618 1804 custos
1631 1763 1724 1806 eorum
1738 1749 1819 1808 team

166 1842 257 1901 earnis
271 1840 332 1910 ejus
345 1836 430 1894 amori
440 1842 613 1909 postponere.
623 1831 654 1887 ln
667 1844 723 1902 qno
735 1836 763 1885 et
776 1827 869 1884 mnudi
882 1840 963 1898 eque
1017 1832 1140 1890 Christus
1162 1832 1297 1890 Dominus
1316 1844 1420 1903 noster,
1437 1835 1483 1908 qni
1504 1836 1571 1895 vivit
1591 1844 1619 1893 et
1642 1843 1741 1911 regnat
1758 1830 1819 1897 eum

167 1930 281 2004 gloriam
294 1924 508 1998 cornpreheudo,
521 1920 586 1995 quia
603 1919 689 1992 gloria
709 1918 806 1974 mnndi
823 1915 965 1988 gloriaest
1019 1923 1098 1978 Patre
1111 1923 1139 1976 in
1153 1922 1256 1980 unitate
1269 1922 1386 1995 Spiritus
1399 1925 1484 1982 sancti
1505 1925 1587 1995 Deus,
1601 1941 1650 1998 per
1661 1927 1755 1984 emnia
1770 1944 1820 1985 se·

167 2018 267 2085 carnin
283 2027 310 2073 et
322 2016 370 2088 qui
388 2029 420 2070 ea
436 2012 616 2076 delectentur,
632 2005 753 2064 caradas
769 2020 831 2062 esse
845 2016 900 2059 noo
912 2000 964 2057 da·
1018 2012 1078 2068 outa
1094 2011 1264 2069 mentorum,
1279 2013 1378 2070 Amen,

166 2108 240 2164 hium
253 2113 304 2163 est.
1310 2100 1430 2159 suutto
1448 2101 1526 2158 XXI.

204 2200 232 2252 ιι.
252 2194 326 2250 Licet
343 2205 409 2250 nero
421 2189 536 2254 donum,
549 2194 576 2244 et
590 2199 719 2258 maguum
736 2183 837 2240 donum
848 2180 966 2255 Spiritus
1023 2187 1151 2257 Qualiter
1163 2203 1275 2260 sponsa,
1289 2189 1369 2246 idest
1383 2191 1517 2255 Ecclesia,
1536 2191 1613 2248 trahi
1626 2206 1655 2248 se
1665 2197 1749 2264 optat
1760 2196 1820 2266 poti

168 2285 204 2340 sit
217 2279 371 2338 istiusmodi
384 2292 453 2354 erga
466 2290 576 2335 curnem
588 2272 690 2331 Christi
699 2272 823 2340 datatim
833 2270 966 2327 carnalem
1206 2292 1351 2349 sponsum,
1365 2278 1395 2334 td
1414 2281 1457 2334 ert
1475 2278 1631 2345 dimotum,

168 2380 258 2430 umen
284 2369 401 2424 dixerim
426 2367 499 2424 hunc
519 2378 650 2431 amarem,
665 2361 736 2418 illius
754 2361 848 2432 unque
868 2359 967 2416 amoris
1057 2368 1083 2420 l.
1102 2365 1189 2422 Yrahe
1202 2382 1248 2422 me
1259 2372 1321 2439 post
1336 2371 1373 2437 te,
1384 2368 1417 2422 io
1431 2367 1598 2439 odorefflss)
1609 2374 1819 2440 unquentorum

169 2464 305 2532 usumin,
318 2470 439 2530 quoaoo
454 2461 509 2511 tam
522 2452 710 2509 Verbinum
721 2451 777 2522 jan
792 2447 872 2522 sarit,
886 2463 965 2521 ruam
1021 2457 1141 2513 rueram
1155 2469 1304 2512 conemur
1317 2458 1426 2525 (cana,
1443 2457 1482 2525 a).
1497 2454 1592 2525 Quat
1611 2472 1819 2534 spontaneam

170 2547 289 2604 Verbum
304 2544 449 2617 sapientia,
460 2542 580 2601 Verbum
593 2540 708 2613 insutis,
723 2540 844 2598 thum
858 2537 965 2607 veritas,
1022 2559 1134 2601 accuse
1156 2543 1237 2600 hahet
1260 2544 1340 2613 trahi,
1355 2555 1380 2601 et
1405 2545 1458 2600 hoc
1482 2553 1541 2615 post
1567 2548 1721 2618 sponsum?
1739 2547 1819 2621 Quasi

170 2636 290 2694 Verbum
311 2632 447 2699 maedus,
470 2632 575 2705 Ρίθῑϋι
588 2630 694 2702 vinum
715 2639 742 2687 02
763 2627 788 2686 ’ἱ
810 2626 877 2701 quid
894 2625 966 2682 iliud
1021 2647 1085 2690 raro
1104 2631 1187 2692 inrita
1209 2649 1281 2705 eum,
1296 2643 1324 2691 et
1347 2650 1402 2691 uon
1425 2634 1514 2692 libens
1538 2645 1676 2711 sequatur.
1697 2637 1753 2696 Sed
1770 2652 1821 2697 oct

171 2723 245 2802 qnod
259 2721 304 2793 sit,
318 2718 473 2795 hujusmodi
496 2717 548 2776 dici
561 2725 661 2792 potest.
675 2717 712 2774 Et
723 2716 782 2773 hec
794 2728 891 2788 nempe
904 2728 968 2771 om·
1022 2720 1110 2776 omnis
1133 2720 1179 2793 qni
1204 2722 1328 2795 trahitur,
1345 2722 1448 2782 invitus
1470 2723 1593 2784 trahitur.
1608 2726 1665 2784 Nec
1686 2725 1762 2784 euim
1779 2726 1820 2784 in·

171 2812 218 2869 nia
231 2809 423 2884 cadunensi
438 2807 524 2868 lactus
536 2816 577 2866 est
590 2808 670 2866 uoltis
684 2805 814 2879 sapientia
828 2820 844 2860 a
858 2805 926 2873 Deo,
941 2811 968 2860 et
1022 2807 1130 2864 firmum
1154 2816 1201 2865 aut
1223 2809 1352 2879 debilem,
1369 2827 1432 2869 enm
1451 2812 1575 2872 uidelicet
1596 2814 1644 2889 qui
1662 2831 1713 2888 per
1734 2830 1766 2875 se
1786 2816 1823 2874 ire

170 2900 285 2973 iustitia,
300 2908 327 2958 et
340 2897 526 2965 sanctificatio,
542 2905 569 2954 et
587 2895 737 2969 redemptio
750 2894 779 2966 (l
792 2896 853 2954 der.
872 2910 893 2964 r,
909 2894 969 2966 3⁰).
1025 2911 1080 2952 uon
1092 2895 1172 2963 ualet,
1187 2899 1255 2955 trahi
1269 2897 1303 2954 ad
1317 2899 1455 2971 balneum,
1470 2918 1520 2960 seu
1535 2903 1568 2958 ad
1584 2905 1728 2976 prandium
1742 2904 1824 2982 piget,

173 2989 216 3046 hu
234 2987 386 3061 tlhiireque
409 2995 437 3045 et
452 3002 507 3044 uno
520 2987 605 3044 morlo
618 2983 710 3043 affecti
722 2983 857 3053 ridentur,
874 2985 897 3040 is
908 2983 972 3055 qui·
987 2945 1011 3028 ὓ
1025 2985 1075 3041 etsi
1088 2999 1164 3042 reum
1179 2987 1270 3057 pigeat
1285 2988 1355 3045 trahi
1368 2990 1402 3044 ad
1424 2990 1569 3061 judicium,
1585 2993 1628 3052 vel
1648 2993 1683 3050 ad
1704 3010 1824 3067 poeuam.

172 3079 235 3136 dem
249 3076 298 3151 qni
308 3076 415 3135 Christo
431 3090 514 3149 passo
524 3077 571 3149 pie
584 3074 757 3148 compatitur,
769 3074 971 3146 compungitur,
1026 3072 1149 3146 Denique
1165 3073 1237 3131 trahi
1261 3074 1319 3132 vult
1345 3091 1407 3147 quae
1432 3087 1460 3133 et
1478 3078 1529 3134 hoc
1545 3088 1646 3150 rogat:
1668 3097 1723 3139 uon
1738 3092 1827 3142 autern

173 3174 200 3224 et
215 3174 339 3224 moretur
353 3165 432 3222 facila
445 3165 481 3222 ad
494 3164 654 3222 memoriam
675 3164 810 3222 honorum
824 3176 887 3237 quta
906 3177 972 3235 per·
1026 3173 1146 3237 rogaret,
1167 3163 1192 3219 si
1214 3163 1291 3235 nequi
1317 3178 1368 3235 per
1394 3179 1425 3222 ue
1454 3164 1540 3236 ipsam
1567 3165 1717 3235 dilectum,
1749 3176 1828 3245 prout

175 3253 252 3326 tulit,
273 3262 354 3324 atque
375 3252 454 3310 istius
478 3253 632 3312 ductionis
649 3252 778 3309 enaritate
795 3252 925 3325 pascitur,
946 3254 974 3308 ei
1024 3252 1114 3323 vellet,
1130 3252 1241 3311 aderet.
1256 3250 1357 3326 thuid
1380 3267 1445 3311 vero
1462 3266 1516 3311 unu
1530 3253 1626 3313 valeti
1640 3270 1674 3311 an
1692 3255 1826 3319 infirma·

175 3341 343 3399 confortatur
355 3341 387 3395 ad
404 3346 519 3410 queque
533 3338 662 3406 adelina,
671 3341 797 3405 honesta,
811 3340 854 3411 pia
871 3358 878 3394 :
894 3341 972 3396 item·
1026 3339 1158 3396 fateamur
1171 3353 1198 3397 et
1212 3341 1365 3414 sponsam?
1382 3340 1411 3398 Si
1425 3357 1480 3398 uua
1494 3341 1595 3415 queris
1614 3359 1646 3401 ex
1661 3344 1826 3405 adolescen-

174 3444 228 3502 que
254 3427 310 3492 ille,
332 3424 379 3498 qui
405 3425 519 3496 justitie
549 3426 606 3483 uelo
635 3443 742 3496 semper
764 3435 805 3482 est
831 3443 970 3498 accensus,
1025 3428 1088 3485 tulis
1111 3426 1243 3486 infirmam
1266 3447 1297 3488 se
1320 3430 1434 3505 diceret,
1454 3439 1481 3488 et
1504 3443 1606 3505 peteret
1626 3434 1705 3505 trahi,
1723 3451 1825 3510 neqeu-

175 3515 222 3589 qni
248 3515 391 3572 mutatam
418 3513 519 3588 uhiqae
545 3517 623 3582 uetat,
646 3515 693 3588 qui
720 3515 858 3587 sapientie
887 3516 972 3572 terret
1025 3532 1107 3588 quam
1128 3517 1297 3579 miraremur.
1312 3518 1350 3576 ht
1369 3535 1434 3578 rere
1457 3519 1491 3577 de
1513 3537 1622 3593 sponsa,
1641 3539 1701 3595 qnae
1721 3525 1825 3582 trahere

173 3604 288 3673 studiis,
307 3602 352 3661 cni
373 3603 459 3661 amica
479 3602 609 3661 unctius
631 3603 704 3670 vitae,
718 3611 746 3661 et
765 3616 872 3660 meram
892 3602 971 3660 disci·
1025 3613 1051 3664 et
1074 3606 1153 3680 aiios,
1168 3615 1263 3678 utpote
1291 3609 1369 3666 iortis
1392 3616 1418 3666 et
1451 3610 1577 3682 perlecta,
1594 3627 1674 3682 posse
1702 3612 1823 3672 sufficere

172 3692 265 3766 pliua3
286 3692 368 3763 cujus
390 3706 482 3748 mores
506 3692 670 3750 muhescum
689 3690 860 3764 jactantiam,
874 3692 973 3750 ahhor·
1024 3694 1168 3753 ridebatur
1184 3713 1191 3754 ε
1208 3697 1250 3752 cui
1278 3711 1334 3753 non
1367 3699 1464 3772 durum
1497 3708 1585 3766 sonet,
1615 3701 1688 3772 quod
1716 3711 1746 3759 et
1770 3703 1819 3775 ipa

172 3787 235 3838 rent
262 3780 472 3849 detractionem,
499 3778 628 3838 insidiam
654 3781 795 3852 nmciunt,
816 3781 970 3854 superbiam
1026 3783 1110 3857 trogi,
1125 3791 1253 3856 tanquam
1271 3782 1377 3841 infirma
1395 3786 1438 3842 rel
1456 3785 1563 3857 dehihs,
1580 3803 1691 3845 necesse
1710 3788 1819 3848 haberti

114 3910 124 3923 .
174 3870 355 3936 detestantur,
372 3883 481 3927 omnem
504 3869 649 3926 hrunauam
672 3868 785 3945 gloriam
808 3884 862 3927 nou
884 3870 972 3927 solnm
1026 3870 1067 3928 De
1080 3887 1196 3944 quanam
1211 3873 1302 3930 anima
1313 3873 1372 3944 jam
1386 3872 1546 3931 coniidhnus
1560 3876 1634 3948 quod
1651 3875 1823 3944 validasite

175 3955 294 4031 lugiunt,
310 3958 358 4014 sed
372 3965 400 4013 et
418 3957 557 4014 fastidiant
575 3966 604 4016 et
619 3965 808 4027 mutemunnt3
824 3973 930 4016 omnem
944 3960 972 4016 iu
1026 3973 1102 4027 sana,
1126 3958 1151 4014 si
1174 3958 1247 4016 illam
1271 3959 1403 4017 infirmam
1431 3959 1483 4018 dici
1516 3963 1742 4035 consenserimus,
1767 3978 1824 4038 gre

175 4060 206 4102 se
231 4045 321 4102 caruis
349 4051 378 4100 ot
404 4045 496 4102 cordis
523 4047 706 4118 impuritatem
737 4049 972 4106 uehementissime
1027 4052 1077 4120 pro
1099 4047 1140 4105 sui
1160 4047 1291 4122 singulari
1312 4048 1476 4121 perfectione
1491 4059 1518 4108 et
1529 4051 1714 4108 excellentiori
1729 4054 1825 4111 uirtute

174 4134 346 4192 abominatur
374 4141 401 4191 et
427 4142 644 4208 persequentum
668 4150 750 4193 omne
773 4135 888 4208 deniqne
911 4145 971 4192 tau·
1025 4151 1125 4206 sponsa
1149 4137 1256 4194 Domini
1286 4137 1463 4196 nominatur?
1488 4138 1530 4194 hu
1557 4141 1677 4197 Ecclesia
1705 4140 1825 4198 iorteid

175 4230 259 4295 quem
272 4222 431 4279 naturaliter
445 4223 581 4281 etmalnm
596 4230 737 4296 respuunt,
753 4225 860 4296 etquod
869 4225 971 4282 honum
985 4224 1012 4305 ῃ
1026 4223 1130 4294 dixerit,
1148 4242 1210 4283 cum
1229 4225 1379 4284 intueretur
1396 4229 1525 4285 dilectum
1545 4230 1748 4301 ascendentem,
1763 4244 1826 4303 ges·

173 4319 215 4369 cst
239 4310 462 4384 onpleetantnrt
486 4312 582 4369 Nonne
608 4313 632 4369 si
660 4326 801 4384 rumperes
832 4314 973 4388 utriusque
1026 4312 1099 4370 tiens
1112 4328 1173 4370 eum
1190 4314 1275 4386 sequi,
1292 4315 1488 4387 atqueassumi
1507 4317 1643 4388 cumipse
1662 4315 1689 4372 iu
1718 4313 1828 4390 gloria

173 4397 350 4468 aiieehones,
371 4405 477 4457 conant
500 4399 618 4473 quodam
640 4402 724 4458 modo
750 4399 825 4459 illum
852 4403 974 4477 superio·
1027 4399 1185 4473 Quanquam
1212 4408 1240 4458 et
1257 4402 1408 4472 quantasvis
1431 4401 1601 4476 perfectiouis
1616 4407 1717 4474 anime,
1730 4420 1826 4478 qaam·

173 4503 242 4559 rem,
262 4496 384 4562 respectu
413 4489 522 4564 quidun
547 4490 639 4562 hujus,
661 4505 751 4548 amare
772 4493 850 4565 quusi
878 4506 972 4550 narnu-
1028 4487 1075 4543 din
1088 4488 1198 4560 quidem
1207 4490 1291 4565 gemit
1301 4492 1351 4548 snb
1360 4506 1474 4564 corpore
1501 4491 1826 4564 mordshajasmthujnr

173 4576 256 4636 litari
470 4589 475 4597 ·
1026 4576 1119 4635 seculi
1151 4593 1266 4652 nequam
1294 4580 1427 4639 retinetur
1455 4581 1557 4639 inclusa
1585 4596 1709 4650 earcere,
1737 4579 1826 4639 riuus

214 4670 243 4724 9.
261 4667 354 4725 muns
378 4676 470 4725 tamen
492 4680 569 4726 amor
590 4667 642 4726 iste
666 4669 791 4739 carnalis,
816 4685 864 4743 per
891 4684 972 4743 qoem
1026 4667 1243 4735 necessitatibus,
1259 4677 1329 4726 torta
1351 4671 1508 4739 sceleribus,
1536 4670 1634 4728 lenhns
1658 4669 1826 4747 segnium

173 4757 230 4816 rita
261 4755 376 4815 carnalis
406 4757 574 4827 excluditur,
599 4759 779 4816 contemuitur
805 4768 833 4818 et
858 4760 973 4819 vincitur
1025 4764 1150 4829 assurgat
1169 4773 1280 4816 necesse
1293 4767 1333 4815 est
1348 4759 1384 4816 ad
1398 4760 1605 4832 contemplanda
1619 4759 1757 4830 suhhmia,
1776 4774 1826 4818 nee

175 4845 303 4903 mundns.
317 4844 461 4904 Prodcitar
474 4855 563 4903 autem
582 4846 610 4903 in
625 4863 670 4920 eo,
688 4862 749 4906 cum
764 4847 796 4904 ht
813 4857 841 4905 et
854 4850 972 4906 ratione·
1026 4845 1136 4903 omuino
1160 4845 1274 4904 lihemm
1301 4849 1385 4906 hahet
1406 4849 1485 4923 mqni
1508 4864 1637 4923 sponsum
1661 4864 1825 4924 quoeunque

173 4933 226 5007 lis3
243 4930 390 5007 perficitor,
408 4951 471 4995 eum
485 4934 600 4994 efficitur
618 4937 700 4993 etiam
715 4937 870 5009 spiritualis.
886 4939 971 4996 Porro
1025 4933 1097 4992 ierit.
1112 4935 1182 4992 illue
1194 4935 1344 5010 lacrymam
1357 4954 1408 4997 vox
1422 4939 1469 4996 illa
1482 4938 1616 5012 gementis
1631 4955 1639 4993 r
1654 4939 1765 5012 insella-
1778 4954 1825 5012 cpe

173 5024 314 5083 rationalis
327 5033 390 5083 tuuc
404 5035 453 5100 est,
469 5041 533 5084 cum
548 5024 575 5082 in
597 5025 722 5083 omnihus
738 5041 800 5099 quta
815 5035 922 5100 oportet
937 5030 972 5084 de
1027 5024 1117 5092 homo,
1133 5026 1198 5098 quis
1223 5042 1268 5082 sne
1288 5027 1416 5085 liberabit
1429 5029 1463 5085 cle
1476 5045 1592 5102 corpore
1605 5028 1708 5085 mertis
1724 5027 1825 5101 heim?

176 5110 287 5190 Christo
308 5114 412 5186 sentiri,
432 5114 495 5172 fidei
515 5114 584 5173 ratio
605 5115 641 5172 ita
661 5112 740 5173 firma
761 5125 873 5184 tenetur,
890 5124 920 5175 ut
937 5117 972 5173 ah
1026 5116 1117 5184 (ham.
1145 5131 1196 5187 vn,
1212 5117 1271 5188 at.)
1285 5117 1353 5174 ilinc
1379 5117 1493 5190 supplex
1523 5118 1569 5174 illa
1598 5117 1731 5188 precatio:
1747 5117 1825 5175 erae

214 5258 291 5330 (tte)
310 5257 354 5316 Sic
378 5266 484 5317 veteres
504 5259 577 5332 lihri,
591 5260 631 5318 sic
649 5257 731 5333 primi
749 5259 838 5333 editi;
855 5276 921 5329 nou,
939 5263 972 5318 io
1026 5273 1103 5315 num.
1119 5259 1150 5324 9;
1166 5273 1308 5316 curremus
1327 5260 1354 5316 in
1377 5260 1461 5316 odore
1484 5267 1684 5333 ungnentorum
1704 5266 1824 5325 tuorum,

179 5325 303 5399 adorem
324 5337 355 5386 ut
372 5329 402 5386 iu
430 5330 490 5387 aliis
514 5332 641 5405 vulgatis,
665 5332 737 5405 qued
762 5333 817 5401 iam
841 5341 970 5391 notatum
1027 5345 1082 5385 non
1106 5339 1262 5387 nostrorum
1284 5330 1382 5389 fiducia
1406 5331 1579 5404 meritorum3
1604 5331 1638 5386 ad
1667 5331 1770 5398 hese«
1797 5338 1825 5386 tu

178 5398 283 5471 Nempe
302 5398 434 5456 currimus
457 5416 510 5458 uon
531 5403 560 5461 iu
574 5402 695 5476 odorem,
713 5402 792 5460 sed«
812 5403 973 5476 spirantibus
1027 5399 1116 5458 curris
1129 5400 1227 5484 inipsa
1241 5401 1377 5469 unedone,
1387 5403 1474 5459 ausin
1484 5401 1556 5460 illias
1570 5401 1655 5459 odore
1668 5414 1823 5469 curremus,

179 5473 327 5542 unguentis
351 5486 507 5543 curremus,
531 5488 606 5533 num.
628 5475 665 5546 ²3
690 5475 804 5532 «odore
825 5475 941 5544 excitati,
958 5492 971 5528 s
1027 5478 1055 5527 tu
1071 5471 1098 5526 in
1117 5472 1292 5542 plenitudine,
1309 5488 1357 5530 uos
1370 5472 1399 5532 iu
1412 5474 1506 5540 odore,
1521 5490 1598 5537 num.
1614 5476 1660 5530 tt.
