3734 5948
619 227 643 243 ..
718 185 939 250 ᾳιιιιιοιιι.
1114 187 1117 193 ·
1611 192 1702 268 res..

85 317 258 377 metuens
271 316 426 387 presente
441 314 590 373 sussillioo
604 311 696 371 omnia
710 311 822 370 eabils-
866 312 989 387 spiritus,
1014 332 1067 372 non
1098 328 1154 376 erat
1168 335 1231 377 eum
1246 322 1298 390 eie,
1322 327 1664 397 quandolimoradrenit.

85 418 95 477 t
113 416 249 465 mmmota
266 404 433 476 oomposuit‚
449 405 555 460 turbata
568 401 683 474 pmasit.
698 400 814 459 lleddita
867 403 988 461 lliuaum
1002 421 1123 463 eernerst
1136 410 1227 466 eoeios
1238 412 1328 468 subito
1341 413 1486 487 lugientes,
1502 418 1664 485 abinsidiis,
1685 404 1689 409 ⁵

85 494 177 554 n'serit
198 494 256 560 lux,
270 492 373 548 timidis
390 490 496 547 fiducia.
517 489 596 548 Redit
617 503 708 546 eoram
724 489 806 559 Spes,
863 496 891 550 ln
905 492 1004 562 quibus
1026 494 1139 562 lstebst,
1154 497 1230 556 peius
1244 501 1394 558 abvolavit.
1416 504 1551 563 tumore
1569 509 1664 580 inqui·

102 599 173 658 pene
190 583 352 658 aufugeram
375 581 523 649 Fortitudo,
543 595 605 653 qnae
627 595 696 652 pena
715 594 810 637 eorru-
863 586 922 651 nnt,
937 578 1103 640 eoloieoturn
1118 594 1159 641 est
1186 588 1266 657 istud,
1289 596 1315 644 et
1329 595 1372 646 est
1386 593 1559 666 opprobrium
1573 596 1664 653 omni·

98 672 223 730 llasumit
233 670 410 729 eonstantism
425 677 480 726 tota
493 669 639 740 ὃιρίοιιιίω
652 668 758 727 militia.
772 667 811 727 bt
865 669 916 725 bus
929 670 1017 727 nobis.
1033 672 1068 729 lt
1080 673 1139 730 ilie:
1165 674 1206 729 Ne
1225 677 1340 734 timeatis
1358 680 1496 739 alimore
1510 682 1580 739 isto:
1606 686 1664 743 seio

84 761 117 819 iai
130 761 266 817 eisitntem
280 759 438 817 obsidentes
453 757 597 826 :Quaenam
609 765 659 821 est,
676 757 812 830 inquium,
866 756 941 812 enim
957 759 1023 831 quid
1038 758 1110 818 laeto
1125 777 1196 835 opus
1205 764 1250 822 sit.
1262 766 1310 822 lbo
1325 774 1352 822 et
1365 782 1413 824 ero
1426 769 1536 839 spiritus
1551 773 1664 830 mendax

85 848 158 906 Ιιιιίο
182 851 210 904 ln
228 848 350 906 mstrisr
371 863 426 904 non
440 846 491 903 luit
504 853 579 903 tanta
592 844 735 902 exsultatio
752 844 812 900 beri
866 839 893 900 in
907 846 1015 922 angulis
1041 849 1211 919 semitarum,
1225 855 1380 912 staminum
1403 873 1446 913 me
1460 859 1593 916 simulabo
1613 861 1662 917 'li-

84 937 275 994 udiustertius.
295 937 342 992 Vae
360 936 450 1002 nobis,
475 935 547 991 seuit
570 935 643 991 [teus
660 934 689 989 in
706 933 810 990 metra!
865 934 961 991 moris.
976 936 1045 992 Nori
1063 939 1137 994 enim
1152 941 1297 1010 bantinum,
1320 959 1370 1000 nen
1396 956 1435 1002 est
1449 948 1585 1017 agendum
1599 964 1662 1006 eum

84 1022 164 1083 estet
183 1024 332 1096 Fugientes
345 1024 470 1079 lsraelem
493 1041 500 1079 ι
525 1021 659 1078 Dominus
671 1022 743 1078 enim
757 1036 811 1092 pu·
864 1037 899 1079 eo
920 1021 957 1089 ri,
970 1024 1018 1078 sed
1042 1024 1147 1084 fraude.
1164 1029 1318 1086 vosautem
1334 1033 1591 1104 exspectatetlnem.
1610 1035 1662 1093 tte

107 1127 160 1184 pro
173 1112 224 1168 eis.
251 1113 296 1168 Sie
318 1110 482 1185 fugientibus
504 1109 633 1174 iuimiuis,
655 1108 749 1183 gratiss
763 1106 812 1164 pei
867 1110 903 1165 rit
916 1120 948 1168 ut
959 1111 1073 1183 dixerat,
1093 1126 1120 1171 et
1137 1118 1241 1174 riarum
1255 1121 1414 1191 compendia
1441 1132 1564 1194 captans,
1592 1141 1662 1196 prrs-

84 1206 134 1257 tas
147 1199 263 1254 letificat
284 1199 419 1254 ciuitatem
440 1197 499 1264 Dei,
523 1195 702 1253 senetilieavit
721 1195 814 1251 taber·
866 1200 948 1255 cessit
973 1199 1120 1259 timorem.
1151 1205 1333 1281 Relereneque
1359 1209 1410 1266 iter
1439 1212 1662 1285 perdamque

84 1286 142 1344 hm
156 1302 236 1343 suum
250 1286 415 1342 altissimus.
429 1286 501 1341 Deus
514 1284 541 1340 iu
556 1285 646 1342 medio
664 1284 738 1357 ejus,
757 1299 812 1340 non
867 1286 1040 1359 gradiebatur
1049 1290 1151 1359 Timor,
1172 1294 1268 1351 obrius
1290 1297 1415 1354 eilaetus
1428 1306 1479 1364 est,
1501 1300 1598 1368 annius,
1614 1303 1662 1357 sed

84 1376 241 1440 monebitur,
255 1375 395 1444 adjurabit
417 1390 476 1430 eam
490 1374 566 1430 Deus
586 1388 667 1431 mane
680 1372 811 1429 ddnoulo.
866 1373 959 1447 iniqua
968 1391 1031 1434 oum
1044 1392 1079 1434 eo
1088 1379 1223 1453 colloquia
1237 1384 1424 1454 eommlseens,
1440 1387 1478 1442 its
1492 1395 1521 1443 nt
1531 1388 1663 1446 seducere

84 1466 187 1523 mestre
207 1471 269 1518 suut
291 1471 395 1536 gentes.
418 1471 445 1518 et
466 1461 595 1519 inelinsts
618 1468 680 1518 sunt
707 1476 811 1533 regnu
866 1478 930 1518 eum
944 1465 1073 1536 eruperit:
1089 1468 1224 1526 etl'imor
1240 1473 1345 1528 nescius
1367 1475 1437 1532 bono
1455 1475 1547 1530 animo
1561 1492 1661 1551 seque·

84 1560 92 1610 t
111 1567 207 1610 roeem
221 1567 308 1620 suam,
324 1560 397 1607 mota
415 1559 457 1608 est
479 1558 561 1607 terra.
577 1549 710 1607 Domirum
723 1547 811 1607 virtu·
864 1544 953 1606 betur.
967 1552 1056 1625 Prope
1072 1555 1128 1624 jam
1141 1566 1208 1622 erat,
1238 1565 1269 1615 ut
1292 1575 1353 1615 eum
1369 1561 1396 1616 in
1413 1561 1516 1619 lorsam
1530 1563 1661 1635 despera·

88 1639 252 1699 sabianum:
269 1648 409 1709 suseeptor
429 1647 521 1695 noster
535 1639 610 1694 Deus
621 1637 705 1693 tseob
719 1638 807 1708 ll'snl.
824 1654 847 1731 Β
863 1635 944 1694 tionis
971 1638 1134 1710 impelleret.
1159 1645 1212 1700 Sed
1239 1655 1378 1716 spectator
1400 1649 1456 1722 repi
1475 1650 1577 1708 indicet
1594 1652 1662 1724 qnid

102 1729 177 1798 b-a).
202 1726 357 1796 Suscipiens
383 1740 450 1798 erqo
470 1740 584 1796 puerum
606 1725 663 1790 ltei,
694 1739 808 1797 puerum
864 1735 972 1799 agatur.
991 1728 1047 1785 lies
1071 1739 1162 1787 autem
1177 1748 1259 1789 unum
1280 1734 1315 1790 de
1339 1736 1469 1793 militibus
1492 1737 1557 1805 suis,
1579 1739 1662 1812 Spem

84 1832 96 1873 ι
118 1817 214 1889 regins
235 1816 359 1873 Charitas
382 1815 472 1873 evexit
494 1814 528 1870 ad
548 1815 659 1881 uoelurm
684 1813 811 1886 Patrique
863 1813 976 1886 scilieet,
992 1818 1120 1889 praeoepit
1128 1820 1264 1888 accersiri,
1281 1837 1364 1893 quem
1387 1839 1451 1881 eum
1463 1840 1533 1897 equo
1548 1826 1661 1883 [teside-

93 1905 308 1977 representavit.
330 1903 380 1960 Cui
398 1905 476 1960 Pater
497 1902 621 1975 ptsetdm
643 1917 677 1959 aa
697 1918 812 1959 serenm
865 1898 907 1964 rii,
938 1906 966 1956 et
993 1917 1057 1959 ense
1085 1905 1198 1962 lsaetitiae
1219 1907 1247 1960 in
1261 1907 1392 1965 auxilium
1412 1911 1490 1980 jubet
1512 1912 1661 1971 aoeelerare

84 2008 177 2051 mans:
191 1993 263 2064 cite,
277 1992 373 2066 inquit,
388 1994 516 2067 proferte
524 1993 628 2048 stetam
636 1991 773 2065 primum,
781 1994 810 2049 tt
864 1988 992 2049 timoris.
1009 1990 1107 2050 Fidelis
1121 1994 1198 2052 miles
1212 1995 1246 2051 ad
1260 1997 1405 2069 imperium
1422 2000 1575 2070 egrediens,
1599 2019 1661 2060 uum

84 2083 126 2140 sss
137 2082 231 2149 ittam,
247 2085 275 2140 et
296 2082 362 2138 dote
377 2082 522 2138 ansatum
541 2081 574 2137 iss
592 2095 682 2137 mussa
695 2080 767 2150 ejrss,
783 2083 812 2135 et
866 2078 1032 2145 peremisset
1045 2080 1079 2135 ad
1095 2080 1197 2149 losum,
1209 2084 1317 2139 vibrans
1327 2100 1421 2143 ensem
1436 2088 1554 2153 letitie,
1567 2089 1660 2147 'lristl-

83 2176 208 2231 emensa
221 2175 254 2229 trs
265 2172 383 2245 pedibas
394 2173 466 2243 ey’rss.
478 2171 512 2226 ls't
527 2169 671 2243 producite
686 2168 811 2227 sautum
866 2167 930 2222 tiam
942 2165 1084 2238 effugavit.
1099 2168 1350 2241 Sisquetiberstum
1360 2175 1511 2246 eoneirem,
1527 2185 1556 2232 et
1569 2179 1658 2248 impo-

83 2261 188 2324 sstrsm,
200 2262 228 2316 et
242 2258 465 2317 oceuttetttsm.
477 2256 595 2331 Eputurs'
608 2257 686 2314 erss'sss
699 2259 811 2326 etpost·
864 2253 946 2310 situm
959 2268 1032 2324 equo
1062 2256 1195 2313 Desiderii
1218 2261 1386 2330 prmoedens,
1403 2265 1523 2320 smuebet
1541 2263 1660 2324 luniuslo

91 2351 212 2420 oportet,
224 2348 293 2419 qtts‘s
307 2349 362 2404 iste
376 2346 455 2416 ptius
469 2359 547 2402 mens
561 2347 690 2400 mortuas
700 2344 809 2412 speret,
864 2340 1085 2412 promissionum,
1105 2352 1133 2401 et
1156 2345 1239 2403 timor
1256 2363 1373 2420 seqnem
1394 2352 1507 2426 urgebat
1521 2352 1590 2410 laeto
1608 2353 1660 2410 lla-

83 2435 319 2507 stes'trpers'ernt,
334 2439 362 2489 et
371 2435 506 2491 investes
515 2437 557 2490 est
564 2432 642 2503 (lue.
654 2429 809 2498 sumt-³2).
864 2428 938 2500 gello
954 2428 989 2484 de
1006 2429 1136 2488 tuniculis
1149 2441 1332 2504 parentorum.

101 2523 171 2578 Nota
189 2523 233 2577 bie
251 2532 365 2593 quatuor
386 2519 414 2574 iu
433 2519 512 2590 pueri
531 2518 617 2574 nostri
639 2517 807 2573 liberatione.
900 2518 925 2573 2.
955 2514 1014 2573 lbst
1041 2517 1124 2591 igitur
1145 2521 1316 2579 voluntarius
1330 2539 1427 2597 equus,
1443 2525 1506 2583 bino
1523 2534 1658 2597 attractus,

83 2623 106 2665 to
126 2609 321 2680 paenitentiam,
349 2609 397 2664 sed
420 2606 541 2674 latusm;
564 2606 684 2663 amando
701 2603 808 2679 luqsrm
864 2603 927 2659 inde
944 2604 1118 2677 aompnlsus3
1139 2608 1187 2663 sed
1202 2609 1296 2665 intem
1307 2611 1403 2684 rapido
1417 2629 1499 2671 eumn
1511 2615 1659 2674 timendum

85 2697 254 2752 temerarium
277 2706 305 2752 et
326 2695 550 2763 irrationabilem
575 2694 654 2750 tertio
676 2708 807 2767 pugnem,
861 2691 886 2746 ei
906 2691 993 2749 tuerat
1005 2695 1040 2749 ab
1065 2695 1186 2752 insursu.
1214 2698 1292 2755 Unde
1319 2708 1347 2756 et
1372 2702 1541 2777 subegerunt
1561 2705 1661 2764 milites

83 2785 210 2855 repidem
225 2791 253 2840 et
272 2783 472 2852 meticulosam
491 2790 588 2855 quarto
602 2781 744 2840 umbriam
757 2797 807 2839 rs-
862 2777 1016 2848 Babyloniel
1030 2781 1189 2852 eonsilium,
1203 2783 1327 2842 dieentes
1343 2805 1350 2843 :
1366 2787 1440 2858 Quid
1458 2791 1580 2858 ierimus,
1596 2795 1660 2865 quie

83 2886 95 2927 ι
116 2881 144 2927 et
171 2871 343 2944 sapientem:
367 2887 428 2945 qum
451 2869 541 2927 omnis
564 2870 592 2926 in
616 2884 670 2926 uno
689 2869 809 2942 quolibet
824 2914 846 2993 c
861 2863 902 2919 sin
914 2865 1013 2932 eradit,
1023 2881 1106 2937 quem
1112 2869 1168 2940 jam
1183 2873 1260 2943 quasi
1269 2889 1330 2928 eum
1341 2876 1486 2932 securitste
1504 2877 1659 2948 possideba-

83 2968 134 3017 tute
159 2959 192 3015 de
214 2962 315 3016 saeeuto
332 2959 462 3017 invenies.
482 2959 572 3016 Primo
586 2957 658 3015 enim
671 2966 713 3016 est
724 2975 808 3035 egens
861 2949 940 3006 musi
968 2952 1112 3022 Quomodo
1128 2958 1238 3028 plausus
1259 2960 1357 3017 inferni
1377 2977 1471 3018 uersus
1484 2970 1527 3018 est
1539 2962 1566 3017 iss
1581 2965 1659 3034 plen-

83 3063 107 3119 s,
120 3047 213 3120 hebes]
227 3055 254 3104 et
268 3047 412 3118 insipiens;
428 3056 532 3118 postea,
546 3061 669 3118 praeceps
681 3053 708 3104 et
721 3054 807 3103 teme·
861 3045 945 3107 ctum,
954 3053 982 3097 st
994 3058 1044 3114 per
1057 3043 1131 3101 solos
1146 3046 1215 3101 duos
1231 3046 1330 3104 milites
1342 3048 1473 3119 gandium
1485 3058 1527 3104 est
1541 3050 1568 3105 in
1583 3051 1660 3108 ooelis

84 3149 99 3190 s
113 3134 141 3190 in
155 3136 310 3207 prosperis:
327 3134 436 3200 deinde,
451 3133 574 3206 trepidus
584 3142 613 3191 et
626 3133 807 3206 pusillanimis
861 3140 946 3197 tuper
959 3129 1000 3184 sui
1010 3129 1171 3190 liberatione
1184 3134 1325 3192 eosdm?
1339 3136 1483 3205 Quomodo
1503 3137 1585 3208 periit
1597 3153 1660 3195 rar-

83 3221 209 3288 dsersis;
239 3230 385 3294 postremo,
413 3221 555 3294 prouidus,
585 3230 613 3278 et
634 3220 756 3279 eruditus
779 3226 806 3278 et
862 3214 932 3271 sutis
944 3216 1087 3274 diabolice
1100 3218 1230 3278 fraudis?
1252 3223 1329 3280 Unus
1342 3229 1432 3279 summ
1447 3239 1480 3281 es
1493 3222 1533 3279 eis
1550 3225 1659 3282 messis

83 3316 147 3369 etus
160 3309 187 3366 in
203 3325 287 3382 regno
300 3309 450 3367 eharitatis.
861 3303 983 3374 nequior,
997 3320 1059 3362 oum
1073 3306 1184 3365 sceleris
1198 3309 1281 3379 hujus
1302 3309 1394 3383 opilea
1408 3321 1491 3378 esset,
1514 3312 1659 3383 prolennm

191 3395 302 3455 ¹048
336 3397 516 3456 rembolt
547 3397 583 3453 ll.
861 3391 973 3461 protulit
992 3393 1146 3462 musilium,
1170 3396 1282 3456 disens:
1300 3397 1354 3455 Vos
1368 3398 1479 3457 essens
1496 3400 1656 3472 quidquam,

83 3500 156 3558 spen
169 3485 467 3559 spiritsuti1ettss,lte
480 3487 619 3557 coufloetts
632 3486 769 3545 sitieram
778 3491 808 3542 et
862 3494 912 3536 neo
929 3480 1065 3553 eogitstis,
1082 3484 1146 3555 quia
1159 3485 1289 3542 modoad
1305 3488 1466 3558 eapientem
1480 3487 1588 3546 tasiliur
1603 3490 1656 3556 sit;

325 3573 490 3646 uirtutsml.
859 3573 888 3620 et
901 3565 925 3622 si
939 3575 1047 3640 eaptus,
1057 3569 1193 3629 ditlieilim
1202 3571 1272 3644 eripi
1285 3575 1380 3644 possit.
1391 3576 1446 3632 Vos
1455 3575 1564 3649 iqitnra
1579 3577 1658 3651 tonqe

87 3659 161 3718 later
185 3662 351 3732 babylonem
367 3671 395 3718 et
417 3661 568 3717 Jerusalem
590 3661 665 3719 nulls
686 3677 738 3732 pas
751 3667 807 3731 est,
857 3657 1071 3728 prosequimini:
1084 3673 1135 3733 eqo
1150 3675 1194 3715 me
1212 3659 1240 3714 in
1254 3659 1380 3732 angelum
1404 3661 1471 3717 lueis
1498 3663 1656 3736 postqum,

82 3764 179 3823 querrs
192 3751 330 3806 continua.
351 3750 438 3804 llebet
460 3764 631 3821 unaqueque
651 3748 748 3807 eteius
761 3764 806 3804 re·
860 3747 891 3797 nt
904 3741 1017 3814 iqnaros
1030 3745 1089 3811 tire,
1104 3754 1231 3817 tanesm
1250 3747 1367 3804 advenas
1379 3754 1406 3803 et
1418 3748 1587 3821 peregrinos,
1601 3751 1655 3806 do·

94 3852 182 3894 suum
208 3839 264 3896 liex
287 3838 435 3894 Jerusalem
453 3837 577 3894 Christus
595 3836 729 3894 Dominus
751 3844 805 3905 est,
860 3828 939 3885 oettdi
951 3829 1122 3889 simulatione
1144 3830 1288 3904 decipiam.
1303 3834 1380 3890 nune
1402 3833 1484 3907 igitur
1501 3835 1530 3891 in
1545 3836 1654 3894 modum

82 3926 213 3998 myronis
234 3927 370 3984 nanetus.
383 3928 418 3984 ns
437 3942 498 3984 eum
512 3925 627 3982 atterum
647 3925 674 3981 tn
688 3924 803 3996 jesum,
861 3914 957 3973 teuto
977 3918 1121 3988 disposita,
1144 3919 1203 3992 resi
1217 3929 1310 3979 nosos
1323 3921 1475 3992 spenser
1501 3923 1652 3994 ammes,

82 4029 122 4070 sm
135 4015 162 4068 in
186 4014 288 4071 malitia
309 4029 423 4086 regnare
446 4013 572 4079 delectet,
593 4028 641 4070 rex
663 4013 805 4087 babylonis
861 4005 952 4062 venire
965 4005 1076 4076 quidem
1093 4007 1233 4064 bominem
1251 4023 1323 4082 equo
1337 4009 1494 4081 impositum
1511 4012 1654 4081 Dmiderii,

92 4108 183 4172 potest
192 4102 226 4157 de
240 4102 344 4159 uiribus
357 4102 504 4159 Jerusalem
515 4117 563 4172 per
576 4099 713 4159 ministros
727 4116 804 4170 snos,
859 4089 909 4148 ⁸0¹¹
918 4091 981 4164 ΡΜ
999 4109 1080 4166 ΨΜ
1092 4104 1214 4166 oporteat
1228 4111 1383 4168 impertit,
1398 4112 1432 4155 0⁰
1449 4100 1524 4171 quod
1548 4100 1654 4158 fretum

82 4194 109 4244 st
122 4188 232 4255 spretus
248 4188 411 4255 mmuneos,
428 4190 569 4261 enuere,
583 4198 615 4246 m
632 4188 735 4246 servus
754 4202 803 4245 ses
857 4189 884 4236 et
897 4180 967 4237 tetta
992 4183 1108 4242 deesses.
1125 4183 1232 4251 tusses,
1245 4183 1362 4258 inquire
1385 4187 1466 4258 tonse
1481 4202 1653 4259 prosequun-

82 4272 234 4344 tiniquitati
245 4275 279 4330 ad
294 4277 472 4348 iniquitatem,
488 4275 514 4332 in
530 4276 694 4348 Babylonem
709 4275 799 4332 uehit.
856 4274 914 4336 tur;
928 4270 984 4336 alii,
999 4281 1126 4344 tanquam
1140 4271 1279 4330 inreurstt
1295 4274 1436 4342 malornm,
1457 4273 1559 4332 emtum
1576 4290 1652 4331 sons-

82 4361 164 4418 ‚dum
184 4377 265 4416 unum
287 4364 322 4418 ds
335 4363 441 4420 tisibus
454 4364 511 4421 suis
526 4365 687 4422 comitutus
700 4379 800 4438 spetu-
817 4351 842 4432 fl
861 4357 958 4428 pendia
979 4368 1096 4431 nuptant.
1120 4360 1174 4418 Sed
1198 4367 1225 4417 et
1247 4377 1319 4420 nune
1336 4379 1419 4419 unum
1444 4362 1535 4430 video,
1550 4362 1578 4419 in
1596 4379 1653 4436 quo

100 4464 184 4519 super
208 4464 301 4506 mures
322 4450 471 4507 Jerusalem
495 4451 562 4508 trabi
585 4461 717 4520 cerneret,
736 4468 803 4509 nun·
856 4461 991 4505 umorum
1005 4456 1161 4506 nostrorum
1178 4449 1277 4505 relumt
1301 4448 1425 4523 effigiem
1439 4465 1455 4505 a
1469 4450 1548 4507 nobis
1563 4457 1652 4507 tamen

96 4535 155 4610 regi
169 4544 273 4607 captam
289 4537 409 4608 praedam
430 4537 459 4594 in
472 4537 637 4609 babylonem
654 4541 728 4599 duel.
744 4542 802 4600 lter
857 4535 904 4592 ille
918 4551 973 4592 nun
988 4536 1307 4595 exivitNeoesseesteat
1327 4537 1375 4609 qui
1387 4537 1556 4611 interrepere
1566 4553 1652 4599 note·

82 4624 234 4683 Jerusalem
251 4627 388 4683 advocans
407 4625 532 4696 spiritum
558 4628 672 4698 timoris,
688 4628 802 4687 militem
858 4623 893 4680 rit
901 4639 981 4683 eum:
997 4623 1096 4680 Noster
1109 4639 1150 4695 es,
1160 4637 1196 4680 an
1209 4623 1447 4683 adversariorum?

82 4711 157 4773 libus
180 4721 317 4770 strenuum
334 4730 341 4770 :
359 4713 442 4780 Vade,
464 4713 564 4786 inquit,
585 4716 660 4787 eripe
683 4717 800 4786 prsedam
891 4715 918 4768 a.
943 4712 1026 4769 l'orro
1040 4727 1099 4782 rex,
1123 4713 1203 4783 nujus
1216 4713 1339 4769 animum
1351 4730 1419 4772 eura
1432 4731 1539 4787 semper
1547 4716 1651 4775 solliei-

82 4815 136 4860 am.
156 4801 202 4856 llle
217 4810 247 4856 ut
262 4816 369 4871 semper
383 4802 417 4858 sd
435 4801 527 4859 omnm
540 4800 672 4874 imperata
682 4812 800 4875 paratus,
856 4810 895 4857 tat
909 4799 1069 4872 animarum,
1092 4801 1162 4858 duos
1188 4801 1358 4860 consiliarios
1372 4820 1437 4861 suos
1451 4803 1559 4872 emittit,
1582 4807 1653 4864 Prn-

92 4888 232 4947 reloeitate
262 4891 354 4946 bostes
378 4889 609 4962 persequitur,'et
636 4890 663 4947 in
690 4891 801 4951 nuribus
856 4889 974 4946 dentiam
998 4896 1026 4945 et
1054 4889 1281 4962 temperantiam.
1309 4890 1431 4962 Quarum
1464 4894 1653 4968 Tetnperantis

81 4975 199 5035 nlaetus
217 4984 257 5034 est
271 4986 380 5049 repente
394 4992 479 5034 sonus
492 4985 619 5049 tanquam
633 4979 801 5037 advenientis
854 4978 965 5049 quidem
982 4976 1096 5036 ΗΝ
1109 4994 1181 5050 equo
1199 4976 1308 5034 frenum
1322 4979 1500 5039 Discretinnis
1512 4983 1651 5056 imposuit,

82 5081 117 5121 us
129 5066 308 5125 vehementis.
322 5068 417 5123 Timor
431 5066 502 5123 enim
512 5082 597 5139 snper
609 5082 657 5124 eos
670 5067 799 5138 intonuit,
853 5073 881 5122 et
898 5067 982 5139 Spem
994 5066 1160 5125 moderatius
1186 5065 1312 5123 insedere
1338 5068 1481 5138 persuasu.
1509 5071 1653 5130 Prudentia

94 5165 187 5209 reeens
206 5154 312 5210 virtutis
330 5157 391 5224 ejus
408 5154 528 5211 bostium
542 5155 626 5212 robur
640 5170 720 5213 omne
733 5169 799 5213 oon·
853 5168 917 5212 vero
930 5154 1064 5211 Timorem
1079 5153 1223 5225 instrepens
1236 5160 1263 5210 et
1277 5168 1397 5227 atquem
1413 5155 1605 5229 improbitatis,
1616 5161 1652 5218 de

81 5237 135 5296 tit:
154 5256 223 5312 quos
242 5242 270 5298 in
288 5241 382 5315 lugam
399 5257 545 5300 conserens
562 5239 654 5299 Timor
668 5256 723 5299 non
735 5242 800 5301 lon·
855 5241 945 5301 tuturo
956 5241 1142 5298 summonuit:
1169 5246 1197 5295 et
1211 5255 1283 5312 equo
1301 5240 1396 5298 sellam
1420 5244 1649 5320 circumspectio-

87 5336 242 5400 psrseeutus
255 5338 305 5398 est,
322 5331 369 5387 sed
383 5339 508 5404 ereptum
521 5331 660 5390 eruerem
681 5332 798 5391 reduee-
852 5330 1045 5403 nisspposuit,
1060 5338 1090 5388 ut
1103 5328 1415 5389 nonoaderetasosnsor
1427 5334 1486 5404 ejus
1498 5343 1587 5409 retro;
1600 5340 1649 5394 ssd

81 5416 227 5489 lpropria.
246 5418 346 5474 Verum
361 5434 433 5476 unus
447 5437 481 5479 su
494 5419 667 5487 adversariis,
683 5421 796 5479 tristitie
860 5428 931 5478 reto
948 5419 1073 5494 preteriti
1089 5415 1252 5475 noniessioni
1272 5420 1385 5489 pennati
1397 5429 1459 5477 ente
1480 5425 1649 5484 meditationi
