3734 5948
182 223 236 284 655
302 218 309 235 ‘
654 218 682 277 S.
703 216 872 280 utfltttbl
891 217 1026 279 tataris
1045 215 1359 278 ettam-tetbertus
1774 218 1831 283 56

181 351 259 406 iaaac
273 345 427 420 percutiat?
437 344 550 400 biultunt
565 351 693 412 tentatus,
706 345 819 401 multum
835 345 977 417 probatus,
995 359 1019 437 Ι
1034 344 1134 416 gradus
1149 344 1250 401 ibidem
1270 345 1440 410 delitescunt,
1466 362 1582 416 quorum
1601 348 1647 420 qui
1663 364 1746 404 unum
1761 348 1831 404 reli-

182 439 295 495 adustus
310 445 351 491 est
374 436 496 490 multum.
513 431 607 490 Dulcis
627 433 724 488 relatio
739 434 787 490 lilii
809 437 843 488 ad
859 443 975 505 patrem,
1034 435 1131 506 querit,
1145 441 1261 503 caeteros
1274 434 1333 490 sine
1347 434 1524 490 retributione
1539 436 1651 493 tenebit.

182 527 268 599 patris
292 525 325 580 ad
348 523 431 579 illium
448 541 454 576 :
470 523 539 577 banc
563 521 733 578 dulcedinem
755 529 782 576 et
799 523 919 579 omnium
933 521 977 578 ai-
1066 527 1092 580 t.
1111 524 1217 579 Primus
1230 530 1319 578 autem
1329 523 1431 596 gradus
1441 531 1483 578 est
1496 524 1609 580 obedire
1626 525 1751 582 libenter.
1763 525 1830 581 tim·

180 615 268 671 iectus
282 611 510 669 uecessitudinem
524 609 693 667 obliviscitur
706 609 867 681 Abrabam
883 611 977 667 sternit
1031 614 1074 669 nis
1094 621 1158 668 aetts
1182 613 1216 667 ab
1240 610 1422 668 adolescentia
1444 628 1493 668 sua
1515 627 1601 684 prona
1614 623 1655 668 est
1677 613 1706 669 in
1726 613 1828 670 malum

171 698 287 759 asinum
301 717 391 769 sunm,
410 701 484 772 ligna
498 699 647 771 componit,
662 698 753 772 ignem
768 700 901 766 accendit,
916 700 976 756 exi·
1030 702 1110 772 (Gerr.
1135 715 1195 767 vttt,
1220 701 1277 771 21),
1301 709 1329 756 et
1351 703 1541 774 unusquisque
1564 702 1726 760 voluntatem
1752 702 1830 774 pratri

181 793 229 847 mit
254 790 385 863 gladium.
405 791 467 845 Nou
492 804 508 844 a
531 790 648 844 Domino
672 790 779 861 querit,
794 804 896 862 quare;
921 805 976 844 non
1030 792 1120 847 cordis
1134 791 1175 846 sui
1190 798 1317 847 sectatur.
1334 791 1377 845 Ab
1397 790 1440 844 illa
1462 790 1535 845 enim
1555 791 1650 863 prime
1662 790 1829 863 prevarica-

180 889 341 946 murmurat,
355 893 410 933 non
425 878 611 949 conqueritur,
628 893 683 932 non
697 879 793 934 saltem
807 879 909 935 vultum
924 877 975 933 do·
1030 879 1112 937 tionis
1135 881 1259 951 angustia
1285 878 1392 934 innatus
1418 886 1459 933 est
1482 879 1586 936 bomini
1614 878 1724 938 ttae
1750 896 1830 939 amor

180 969 261 1024 lentis
270 967 458 1039 ostendit3sed
466 965 587 1022 omnium
598 967 976 1041 quaepraeeipiuntnrignarus
1030 967 1148 1040 propriae
1170 966 1327 1036 voluntatis,
1351 981 1413 1038 quse
1435 967 1603 1023 voluntatem
1627 968 1669 1024 sni
1687 968 1830 1027 Crantoris

181 1058 275 1127 (alias,
286 1057 409 1130 gnarus),
422 1053 974 1127 inmortemfiliipiacrndelitatefestinat.
1031 1057 1193 1129 relinquens,
1209 1056 1247 1112 ibi
1263 1055 1372 1111 subdita
1395 1063 1436 1112 est
1457 1056 1590 1126 servituti,
1607 1057 1654 1112 ubi
1672 1058 1760 1114 voluit
1773 1058 1829 1115 du·

181 1147 244 1204 ideo
258 1153 404 1201 summaeet
413 1143 749 1202 admirabilisobedientiae
758 1144 844 1200 virtus
854 1143 880 1198 in
890 1144 977 1199 Abra·
1031 1146 1138 1202 minari.
1153 1144 1270 1203 Difficile
1283 1153 1325 1201 est
1338 1159 1404 1218 ergo
1419 1160 1497 1200 suam
1521 1144 1677 1217 relinquere
1701 1147 1830 1204 volunta·

181 1235 256 1300 bam,
272 1242 299 1292 et
312 1233 458 1306 singularis
476 1233 640 1290 excellentiae
654 1232 779 1289 laudibus
791 1233 974 1305 predicanda.
1031 1243 1094 1306 tarn,
1119 1242 1145 1290 et
1166 1233 1277 1290 alterius
1290 1232 1422 1291 voluntati
1440 1231 1583 1289 deservire.
1609 1232 1764 1303 Quamlibet
1777 1250 1830 1291 au·

217 1328 243 1380 3.
259 1322 417 1379 Fortissima
438 1339 482 1380 res
497 1331 538 1377 est
562 1322 713 1379 obedientia
734 1336 808 1388 vera,
829 1329 857 1377 et
871 1337 932 1393 quae
948 1321 978 1376 in
1030 1333 1086 1380 tem
1101 1322 1311 1395 gravasianos
1325 1328 1415 1393 potest
1428 1329 1518 1377 tamen
1532 1319 1651 1391 primum
1664 1322 1830 1379 obedientie

181 1412 301 1467 animum
323 1412 487 1469 descendere
501 1426 556 1467 non
579 1419 676 1483 potest,
692 1410 745 1466 nisi
758 1426 774 1465 a
788 1408 883 1466 mnndi
896 1411 977 1479 bajus
1031 1412 1177 1469 ascendere
1209 1410 1336 1484 qradutu,
1368 1409 1415 1480 qui
1446 1408 1613 1466 voluntatem
1644 1410 1830 1484 precipientis

181 1501 325 1573 aspergine
348 1516 417 1570 pure
437 1514 585 1572 presseque
606 1499 753 1556 detersum.
768 1499 804 1555 Ut
826 1507 915 1554 autem
929 1499 975 1554 ria
1031 1517 1108 1558 snam
1122 1515 1175 1555 nou
1190 1497 1293 1554 iecerit.
1319 1499 1348 1552 ln
1372 1498 1510 1553 voluntate
1532 1514 1580 1553 sua
1591 1499 1830 1571 justusqloriatnr

181 1590 241 1658 ejus
272 1588 422 1644 evidentius
458 1587 603 1654 elucescat,
636 1589 810 1643 ostendamus
843 1594 973 1658 quantum
1029 1606 1088 1647 sese
1101 1589 1217 1646 Domino
1239 1587 1372 1644 confiteri.
1387 1587 1464 1643 Unde
1483 1587 1657 1660 Voluntaria,
1672 1586 1769 1661 inquit,
1784 1604 1830 1646 aa·

180 1692 335 1748 possumus,
354 1691 415 1748 quae
440 1676 475 1730 sit
497 1674 649 1731 obedientia
672 1675 799 1746 specialis
821 1677 855 1730 ad
878 1676 976 1742 Deum,
994 1640 1015 1713 Β
1031 1678 1158 1748 crificabo
1174 1678 1224 1734 tibi
1236 1677 1323 1746 (Paci.
1340 1690 1399 1743 titt,
1416 1678 1452 1743 8).
1470 1675 1535 1730 Sola
1555 1691 1622 1752 ergo
1637 1676 1762 1734 voluntas
1775 1687 1827 1735 est.

181 1765 294 1837 propria
308 1767 342 1819 ad
356 1765 505 1833 bominem,
522 1764 674 1820 communis
698 1765 769 1821 inter
783 1768 869 1822 Deum
883 1769 912 1820 et
925 1767 976 1822 bo·
1030 1782 1091 1839 que
1105 1766 1185 1822 totius
1198 1765 1288 1838 operis
1302 1772 1380 1820 ornat
1393 1764 1531 1831 ellectum,
1547 1765 1606 1821 sina
1623 1781 1675 1838 qua
1689 1782 1741 1824 nec
1754 1767 1827 1824 bene

180 1854 292 1910 minem.
305 1852 372 1908 Sunt
385 1851 510 1924 quedam
520 1867 626 1908 summa
641 1853 721 1919 mala,
733 1855 856 1924 quedam
869 1870 977 1910 summa
1030 1854 1130 1928 aliquid
1144 1854 1244 1926 egitur,
1258 1854 1364 1910 etiamsi
1378 1854 1477 1910 benum
1493 1869 1554 1910 csse
1568 1853 1699 1911 rideatur.
1723 1855 1762 1912 lix
1776 1870 1828 1915 vo·

179 1940 262 1996 bone.
279 1941 392 1996 Summa
403 1940 474 1995 bona
487 1948 559 2005 sunt,
576 1940 690 2012 diligere
703 1943 800 2009 Deum,
810 1957 902 1998 amare
917 1959 978 2015 pro
1029 1947 1130 2001 luntatc
1144 1944 1229 2015 igitur
1241 1944 1414 2017 suscipienda
1428 1949 1492 1998 snut
1511 1942 1622 2013 imperia
1639 1943 1826 2014 prelatorum,

179 2029 295 2101 simum,
319 2028 458 2084 veritatem
484 2029 568 2100 loqui,
597 2044 651 2083 non
675 2030 776 2087 turtum
804 2029 901 2097 iacere,
922 2047 976 2086 non
1029 2042 1056 2088 et
1078 2031 1168 2104 ipsum
1191 2048 1239 2090 cor
1259 2049 1275 2088 a
1297 2032 1354 2089 suis
1379 2030 1540 2088 voluntariis
1563 2030 1756 2090 reflexionibus
1773 2032 1827 2088 ab·

177 2116 277 2173 ialsnm
298 2119 481 2174 testimonium
504 2117 607 2183 dicere,
622 2132 675 2173 non
699 2117 862 2184 adulterare,
880 2126 906 2175 et
924 2118 977 2174 alia
1030 2120 1194 2189 ducendum,
1220 2121 1307 2177 donec
1327 2120 1437 2193 propria
1463 2119 1588 2177 tolentes
1609 2126 1722 2177 mactata
1744 2133 1828 2177 man·

178 2207 274 2273 multa,
290 2223 352 2278 qnae
373 2206 508 2262 sermonis
531 2206 648 2262 brevitas
671 2221 817 2262 numerare
840 2207 976 2278 prohibet.
1030 2208 1123 2264 datum
1139 2209 1231 2281 diliqat
1244 2209 1411 2280 imperantis.
1428 2210 1484 2264 lloc
1496 2217 1536 2265 est
1549 2224 1616 2279 ergo
1631 2208 1747 2265 libenter
1759 2210 1828 2267 obe-

176 2295 289 2351 Summa
302 2296 374 2351 mala
388 2307 452 2352 sunt
467 2311 563 2350 eorum
578 2295 727 2360 contraria,
744 2304 773 2351 et
791 2295 892 2352 similia
912 2295 974 2352 illis.
1029 2296 1100 2365 dire,
1115 2298 1284 2368 prelatorum
1305 2296 1469 2353 voluntatem
1494 2295 1644 2354 uoluntaria
1665 2294 1825 2370 adimplere.

176 2383 250 2441 Bona
274 2383 398 2455 praecipit
416 2385 490 2440 Deus
513 2393 542 2439 ut
555 2383 735 2456 iaciamus3a
760 2384 836 2440 malis
854 2385 932 2455 jubet
946 2391 976 2439 ut
1065 2389 1092 2441 b.
1108 2385 1247 2441 &enudus
1263 2385 1362 2458 gradus
1384 2393 1425 2440 est
1447 2384 1636 2455 obtemperare
1655 2384 1825 2457 simpliciter.

176 2473 371 2529 abstineamus.
388 2473 521 2543 Precepti
540 2472 623 2541 hujus
643 2481 735 2528 sancta
749 2480 776 2528 et
795 2473 975 2531 incommuta-
1032 2476 1086 2543 Qui
1092 2474 1220 2531 ambalat
1228 2474 1409 2547 simpliciter,
1416 2472 1824 2546 ambalatcautidmierlProv.

175 2562 238 2617 bilis
253 2561 399 2618 auctoritas
413 2575 468 2615 non
484 2559 556 2616 velet
568 2575 679 2632 quoquo
698 2561 781 2615 modo
795 2560 895 2626 reielti;
911 2561 975 2633 quia
1029 2578 1058 2628 x,
1076 2564 1114 2632 9).
1139 2563 1170 2618 ln
1191 2562 1362 2634 simplicitate
1384 2561 1475 2617 cordis
1488 2562 1530 2617 sui
1544 2562 1620 2619 laetus
1633 2562 1732 2620 obtulit
1743 2561 1825 2621 Salo·

174 2651 249 2706 illius
265 2657 306 2705 est
319 2651 479 2705 charactere
492 2648 661 2719 consignata,
677 2649 724 2719 qui
737 2648 824 2703 dicit:
847 2652 900 2722 Epo
919 2652 974 2708 Do·
1028 2664 1092 2704 mon
1116 2651 1258 2721 universa3
1281 2661 1307 2706 et
1330 2650 1356 2704 in
1385 2648 1558 2722 simplicitate
1584 2651 1676 2709 cordia
1702 2665 1826 2724 quaerere

173 2741 282 2806 minus,
293 2742 321 2795 et
335 2754 393 2794 noc
406 2741 504 2797 mutor
513 2736 650 2810 (Habet.
665 2752 707 2803 ur,
717 2737 758 2808 d).
768 2737 797 2794 Si
812 2753 876 2813 erpo
890 2739 972 2795 borno
1027 2738 1173 2794 Dominum
1196 2738 1335 2809 Scriptura
1354 2743 1543 2809 premonstrat
1565 2738 1643 2810 (Sap.
1664 2755 1685 2807 t,
1703 2738 1824 2806 Mul-

173 2826 229 2894 ille,
244 2841 326 2897 quem
339 2826 470 2898 imposuit
483 2825 559 2882 Dens
572 2841 657 2897 super
670 2824 760 2896 capita
774 2834 878 2892 nostra,
894 2825 973 2882 aliter
1027 2835 1070 2882 tos
1084 2826 1208 2883 videmus
1223 2834 1283 2898 post
1306 2826 1489 2897 precipientis
1512 2825 1656 2900 imperium
1671 2824 1773 2883 multas
1786 2825 1827 2881 is·

172 2915 272 2971 sentire
295 2913 423 2980 voluerit,
440 2929 545 2984 ponens
568 2915 696 2970 tenebras
720 2914 818 2980 lucem,
835 2923 862 2970 et
883 2914 972 2972 lucem
989 2915 1086 2994 orere
1109 2915 1293 2988 questiones:
1319 2915 1383 2980 Cur,
1407 2929 1503 2986 qnare,
1521 2915 1708 2987 quamobrem,
1723 2915 1825 2986 saepius

171 3003 308 3070 tenebras,
331 3010 361 3057 ut
389 3002 529 3074 precipiat
550 3003 682 3074 predicta
709 3003 780 3059 bona
808 3003 972 3075 relinquere,
1026 3002 1332 3076 interrogare30rebras
1342 3001 1511 3075 ingeminare
1521 3003 1663 3075 querelas;
1678 3016 1800 3074 querere
1810 3023 1823 3060 ·:

171 3092 215 3149 vel
237 3091 316 3147 malis
339 3091 457 3161 praeiatis
480 3091 637 3161 adhaerere3
654 3093 783 3149 audacter
802 3090 972 3149 refutandum
1025 3091 1116 3163 Quare
1130 3094 1182 3150 boc
1196 3092 1340 3165 precipiti
1354 3092 1424 3149 uude
1438 3093 1491 3148 boc
1506 3091 1669 3165 tenitiquis
1681 3091 1734 3149 boe
1747 3091 1827 3147 adin·¹

170 3188 212 3237 est
236 3179 417 3251 precipientis
440 3180 595 3251 imperium,
616 3188 643 3235 et
666 3180 753 3237 libera
779 3196 848 3238 voce
876 3181 971 3238 dicen·
1025 3181 1273 3238 veniteonsilinm‘l
1288 3182 1354 3237 lude
1368 3180 1555 3251 murmuratio,
1570 3179 1728 3237 intereras
1744 3194 1824 3236 mur·

171 3268 235 3325 dnm
252 3286 259 3321 ι
279 3266 392 3326 obedire
411 3272 522 3340 eportet
535 3272 625 3341 mapis
643 3271 697 3327 Deo
711 3287 798 3342 quam
813 3270 972 3328 bominibus
1026 3271 1206 3327 murationem
1226 3278 1253 3327 et
1276 3269 1492 3343 indignationem
1511 3268 1646 3336 sonantia,
1657 3275 1685 3327 et
1698 3269 1825 3324 redelen-

172 3360 245 3428 (Act.
260 3374 287 3426 t,
302 3359 356 3430 29).
371 3357 436 3413 Haec
459 3366 500 3412 est
513 3358 640 3428 specialis
658 3358 812 3415 obedientia
826 3360 860 3415 ad
875 3360 971 3428 Deum,
1026 3359 1061 3415 tia
1071 3358 1291 3415 amaritudinem.
1309 3358 1374 3413 Inde
1389 3357 1516 3430 frequens
1527 3357 1676 3429 excusatio,
1685 3357 1824 3414 aimttlatio

171 3461 232 3517 quae
253 3460 428 3518 nequaquam
447 3453 488 3500 est
507 3445 625 3501 bominis
648 3447 759 3502 arbitrio
783 3449 970 3518 temperanda,
1025 3446 1258 3519 impossibilitatis,
1272 3446 1411 3503 advocatio
1426 3447 1583 3503 amicorum.
1599 3447 1660 3503 Nou
1674 3445 1714 3502 sic
1732 3447 1823 3502 aare·

171 3535 220 3590 sed
235 3534 394 3589 immutabili
417 3533 606 3590 conservanda
625 3535 777 3605 proposito.
798 3535 904 3591 Certam
918 3537 971 3611 igi·
1025 3536 1099 3590 bam.
1115 3535 1185 3590 Audi
1199 3535 1263 3607 quid
1278 3535 1411 3590 Dominus
1432 3535 1469 3590 da
1488 3533 1602 3606 simplici
1616 3535 1718 3606 populo
1731 3542 1824 3607 prote·

171 3629 216 3680 tur
230 3622 355 3695 regulam
373 3630 447 3690 tene,
462 3630 492 3678 ut
506 3638 559 3680 nee
572 3622 689 3695 imperio
707 3627 882 3695 praelatorum
896 3642 971 3699 pree·
1024 3632 1119 3680 stetur.
1136 3625 1169 3680 la
1184 3623 1298 3691 auditu,
1310 3623 1406 3695 inquit,
1422 3625 1501 3679 curia
1514 3622 1634 3681 mediati
1646 3623 1720 3680 malti
1732 3624 1821 3694 (Psat.

171 3714 244 3770 dicta
258 3714 330 3768 bona
345 3712 494 3785 relinquas,
509 3715 553 3771 rel
572 3711 655 3770 iacias
678 3714 759 3770 mala.
783 3713 855 3769 luter
868 3730 972 3772 summa
1025 3726 1095 3777 ιιιιι,
1120 3711 1189 3783 db):
1212 3720 1241 3766 ut
1264 3710 1392 3768 videlicet
1410 3712 1576 3777 ostenderet,
1600 3727 1654 3767 uuo
1672 3711 1824 3784 eodemque

170 3817 238 3858 rero
262 3801 333 3857 mala
354 3809 381 3857 et
404 3818 510 3859 summa
534 3803 618 3871 bona,
640 3803 764 3876 quaedam
786 3804 876 3859 media
899 3813 970 3874 sunt,
1025 3808 1165 3858 momento
1188 3801 1354 3872 processisse
1380 3807 1407 3855 et
1435 3799 1592 3872 imperantis
1618 3800 1775 3873 imperium,
1797 3809 1824 3855 et

173 3907 235 3963 qne
255 3891 289 3946 ad
304 3890 460 3946 atterutrum
478 3907 508 3946 se
533 3891 671 3958 babentia,
699 3892 763 3949 boni
787 3893 905 3966 malique
918 3901 972 3950 no·
1024 3890 1185 3962 obsequium
1195 3889 1377 3962 obsequentis.
1388 3890 1481 3947 Nolite
1489 3891 1743 3957 erraralleatraort
1756 3891 1824 3946 itri-

171 3994 237 4035 men
251 3986 401 4034 assumunt.
414 3979 502 4033 bledla
516 3988 581 4034 sunt
594 3980 745 4052 ambulare,
762 3983 869 4048 sedere,
886 3981 970 4054 loqui,
1023 3979 1108 4035 detur
1122 3978 1229 4050 (Galat.
1247 3993 1285 4046 tt,
1300 3981 1338 4047 7).
1353 3980 1507 4035 ldurmnraa
1529 3987 1625 4035 contra
1639 3979 1783 4050 praelatum
1796 3979 1823 4034 in

172 4077 272 4132 tacere,
288 4067 442 4139 comedere,
457 4068 597 4139 ieiunare,
614 4069 741 4143 vigilare,
761 4069 890 4136 dormire,
907 4079 934 4126 et
948 4069 972 4126 si
1027 4068 1200 4124 tabernaculo
1222 4068 1346 4140 eorporis
1371 4068 1430 4124 tuit
1451 4068 1538 4124 eleuat
1563 4083 1672 4123 manum
1696 4067 1825 4124 mamad

172 4173 227 4232 qua
255 4165 318 4213 sunt
344 4156 442 4212 similia
464 4175 471 4212 r
493 4173 554 4230 que
582 4159 605 4213 si
628 4159 744 4229 pastoris
765 4158 872 4215 lieentia
896 4157 971 4228 fiant,
989 4193 1011 4270 n
1028 4156 1253 4228 prosternendum
1278 4164 1303 4213 te
1324 4156 1434 4213 dextera
1448 4156 1508 4213 Dei.
1531 4156 1629 4214 incede
1651 4155 1734 4230 igitur
1756 4157 1825 4214 airn-

172 4262 307 4302 summam
338 4253 494 4317 exspectant
517 4245 733 4303 retributionem.
761 4249 791 4302 ln
818 4248 862 4301 bis
889 4248 972 4321 igitur
1027 4244 1132 4318 pliciter
1155 4246 1183 4301 in
1205 4244 1340 4301 insudatis
1362 4245 1534 4310 obedientiae,
1563 4245 1666 4301 addens
1694 4244 1825 4302 voluntati

174 4335 272 4392 mediis
294 4335 394 4391 subditi
412 4350 473 4390 esse
495 4347 520 4388 et
539 4335 699 4390 obedientes
718 4336 847 4391 debemus
870 4335 905 4391 ad
918 4354 970 4392 nu·
1026 4334 1234 4406 simplicitatem,
1259 4334 1401 4389 intentioni
1425 4333 1657 4390 illuminationem.
1682 4333 1826 4392 Fortitudo

174 4432 231 4479 tum
265 4423 487 4494 prepositorum,
517 4421 582 4476 nitril
622 4422 833 4495 interrogantes,
861 4435 973 4495 propter
1026 4422 1577 4496 enimsimplicioriallomirrilProe.x,
1594 4422 1651 4492 29),
1669 4437 1731 4495 qnae
1754 4422 1824 4480 obe·

174 4512 367 4571 conscientiam
389 4512 417 4581 (l
439 4514 500 4569 cor.
526 4528 551 4575 x,
578 4512 639 4581 25);
665 4512 729 4583 quia
757 4512 785 4568 in
808 4513 850 4569 his
868 4514 971 4570 nullum
1026 4511 1125 4567 dientia
1145 4520 1196 4569 est.
1223 4511 1417 4568 Fortitudinem
1439 4511 1524 4586 igitur
1546 4511 1661 4568 induunt
1684 4511 1731 4583 qui
1752 4512 1824 4568 obe·

174 4601 290 4675 praefixit
304 4615 374 4673 opus
388 4600 471 4664 Deus,
489 4601 536 4654 sed
562 4600 735 4671 praelatorum
759 4601 901 4674 dereliquit
921 4604 971 4657 inr-
1027 4599 1131 4655 dientes
1144 4608 1216 4671 aunt,
1232 4612 1258 4656 et
1273 4600 1431 4671 simpliciter
1445 4600 1579 4656 incedunt.

175 4692 252 4763 perio
274 4688 454 4760 disponenda.
471 4688 533 4743 Non
555 4695 643 4745 autem
665 4699 692 4747 tc
710 4700 817 4746 moreat
839 4690 972 4765 magister
1063 4692 1090 4744 6.
1107 4689 1213 4744 Tertius
1225 4690 1326 4760 gradus
1349 4699 1391 4745 est
1413 4688 1532 4745 hilariter
1553 4688 1676 4747 obedire.
1697 4689 1825 4747 Hilarem

174 4778 327 4850 imperitus,
351 4776 492 4834 indiscreta
513 4781 646 4847 potestas3
671 4779 717 4834 sed
745 4786 881 4834 memento
904 4779 971 4848 qnia
1027 4781 1105 4835 enim
1118 4778 1247 4836 datorem
1261 4778 1356 4851 dilipit
1370 4782 1455 4836 Deus.
1469 4781 1531 4837 Noe
1543 4795 1580 4836 ca
1595 4781 1727 4850 tristitia,
1736 4780 1826 4852 inquit

175 4884 228 4924 non
245 4876 285 4922 est
296 4874 416 4938 potestas
432 4866 482 4922 nisi
497 4881 513 4920 a
527 4867 600 4934 Deo;
616 4875 643 4921 et
656 4868 704 4937 qui
720 4866 821 4923 resistit
835 4867 969 4936 potestati,
1026 4868 1180 4938 Apostolus,
1196 4872 1246 4924 aut
1262 4884 1298 4924 ee
1311 4871 1481 4927 necestitate
1494 4871 1535 4941 (ll
1548 4872 1608 4927 Gor.
1630 4884 1669 4936 tt,
1686 4870 1725 4942 l).
1741 4869 1825 4925 Sere-

176 4956 275 5014 resistit
292 4956 341 5011 Dei
365 4955 525 5014 ordinationi
539 4956 631 5024 (liam.
657 4971 717 5023 atu,
742 4960 768 5024 l,
790 4958 829 5025 2).
852 4956 915 5012 ilaec
929 4964 971 5011 est
1027 4958 1096 5012 nitas
1111 4958 1139 5011 in
1153 4959 1238 5023 vultu,
1253 4957 1367 5014 dulcedo
1377 4958 1403 5013 in
1420 4959 1603 5026 sermonibus,
1618 4959 1732 5014 multum
1745 4957 1825 5014 eolo·

175 5045 286 5116 propria
301 5045 415 5100 hominis
430 5045 594 5110 obedientia,
613 5058 693 5116 quam
712 5043 813 5100 bomini
826 5043 968 5113 debemus,
1026 5053 1085 5101 rant
1106 5046 1287 5102 obedientiam
1310 5046 1495 5119 obsequentia.
1518 5047 1597 5104 Unde
1614 5045 1765 5123 argentilla
1778 5046 1826 5104 ilie

174 5132 220 5204 qui
239 5132 343 5187 bomini
357 5135 455 5190 subditi
469 5150 573 5190 sumus.
588 5132 746 5189 tlommunis
764 5142 805 5189 est
822 5133 905 5189 etiam
919 5134 969 5190 ista
1024 5147 1104 5205 poeta
1118 5134 1157 5192 sic
1170 5135 1208 5191 ait
1223 5152 1231 5191 :
1249 5155 1262 5187 ι
1277 5134 1364 5206 Super
1386 5137 1478 5191 ornnia
1496 5136 1588 5194 vultus
1602 5150 1743 5193 accusare
1757 5137 1825 5194 boni

173 5220 245 5279 inter
258 5222 344 5278 Deum
367 5233 395 5278 et
408 5222 565 5290 bominem
581 5221 644 5292 quia
663 5220 793 5295 quidquid
808 5221 969 5278 obedientiae
1024 5221 1116 5291 (Orto.
1132 5224 1243 5280 lictum.
1257 5224 1302 5280 lib.
1318 5225 1392 5295 ιιιι).
1406 5246 1417 5273 ι
1433 5225 1502 5294 Quis
1515 5223 1586 5280 enim
1602 5226 1677 5280 locus
1690 5224 1825 5284 obedien·

172 5312 294 5383 prelatis
312 5312 464 5377 exhibetur,
482 5311 506 5368 ei
528 5309 670 5368 exbibetnr
683 5311 730 5381 qui
748 5309 835 5367 dicit:
858 5311 910 5378 dat
921 5326 969 5366 uas
1024 5309 1077 5376 tite,
1089 5310 1135 5365 nbi
1149 5311 1264 5366 tristitiae
1285 5312 1403 5367 cernitur
1425 5311 1578 5386 egritudo?
1591 5311 1749 5369 Ostendant
1762 5312 1824 5386 ple·

171 5401 262 5469 audit,
275 5420 320 5461 me
334 5402 418 5459 audit
430 5400 507 5472 (Lac.
520 5417 547 5467 x,
559 5402 614 5472 td).
628 5401 695 5456 Cum
709 5400 900 5474 mugnaigitur
909 5413 970 5454 cau·
1025 5413 1141 5472 rumque
1150 5399 1315 5457 voluntatem
1325 5400 1409 5457 anirui
1425 5403 1503 5474 signe
1516 5401 1661 5470 exteriora,
1673 5409 1700 5458 et
1712 5400 1825 5459 struae

171 5492 225 5551 tela
239 5493 291 5548 boc
304 5490 412 5547 tramite
426 5489 540 5548 dicimus
555 5489 747 5563 incedendum,
767 5490 830 5560 quia
849 5496 877 5546 et
890 5489 968 5546 multi
1023 5495 1065 5545 eat
1079 5496 1108 5543 ut
1123 5489 1228 5544 tultum
1243 5504 1298 5544 non
1313 5499 1427 5557 mutent,
1449 5491 1496 5564 qni
1519 5498 1622 5548 innunt
1643 5490 1824 5550 voluntatem.
