3734 5948
59 206 109 262 109

522 202 559 260 lN
577 199 689 261 EESTO
709 201 757 260 SS.
777 199 881 259 PETRI
899 201 942 258 ET
962 202 1063 258 PhUhl
1082 203 1199 262 81111110
1217 204 1251 261 11.

1659 217 1711 272 tto

57 329 218 402 patientiam
233 344 313 402 quam
326 328 353 384 in
368 328 456 395 nobis,
472 329 569 401 quibus
584 328 733 385 coelestium
756 341 854 384 conso·
874 339 899 421 Α
916 328 1111 395 excutere,sed
1126 343 1258 386 excusare
1274 331 1501 406 pergens,fimnm
1517 335 1565 392 tibi
1579 340 1712 409 pervertis

56 416 190 473 lationum
208 412 327 487 pluviam
350 414 531 472 voluntarium
553 413 731 487 segregavit:
756 412 857 486 quibus

58 521 114 561 non
130 503 253 561 sarculus
266 502 424 576 disciplinae,
442 521 495 561 non
511 503 678 576 paupertatis
699 509 727 560 et
747 502 860 559 vilitatis

56 593 142 653 aot
162 602 284 651 stercora
297 592 452 650 defnemnt.
464 596 505 648 aa
516 609 570 651 non
586 601 708 650 stercora
718 599 781 648 sunt
795 592 860 649 abo·

13 724 15 737 .
57 685 223 741 minutiones
236 682 441 758 AEgyptiorum
458 699 526 755 quas
540 682 709 738 immolamus
729 683 787 740 Deo
806 696 858 738 no-

57 773 139 830 stro?
159 772 285 829 Stercore
303 771 384 844 plane
400 772 463 827 vilia
478 773 511 826 ad
532 780 681 844 aspectum,
693 774 741 828 sed
757 771 790 827 ad
804 770 860 826 fru-

56 870 132 920 ctum
169 861 255 918 utilia.
288 861 349 917 b‘on
378 860 494 932 refugiat
522 861 591 916 hane
626 861 787 927 faeditatem,
813 859 860 933 qni

57 951 255 1010 fecunditatem
268 949 424 1006 desiderat:
441 950 573 1021 siquidem
597 966 630 1006 ex
651 950 766 1007 deformi
786 957 859 1005 ster-

58 1059 154 1100 corum
179 1056 288 1105 acervo,
313 1039 359 1111 qni
387 1047 509 1111 portatur
536 1038 564 1093 in
591 1054 697 1112 agrum,
725 1040 859 1096 formosus

58 1140 152 1204 surget
179 1147 295 1187 acervus
318 1127 528 1200 manipulomm,
550 1127 596 1199 qni
622 1129 803 1200 reportabitur
826 1145 859 1184 ex

57 1237 134 1296 agro.
157 1221 306 1291 Propterea
325 1233 381 1275 non
395 1217 508 1274 vilescat
523 1217 601 1275 robis
615 1216 704 1274 vilitas
722 1218 858 1290 pretiosa3

915 415 943 471 in
961 415 1077 488 lapides,
1092 424 1119 475 et
1141 418 1214 475 nnde
1238 419 1400 493 impinguari
1412 423 1557 497 debueras,
1572 425 1711 500 lapidaris.

913 506 977 562 Haec
999 505 1099 564 idcireo
1122 508 1193 564 dicta
1214 516 1287 578 sunt,
1303 510 1411 582 fratres,
1427 519 1457 568 ut
1478 515 1607 572 noveritis
1629 533 1711 590 quam

914 595 1033 668 benigue
1048 597 1211 653 audiendum
1226 599 1272 666 sit,
1287 617 1367 672 quam
1383 603 1482 660 devote
1497 604 1710 677 suscipiendum,

913 702 995 758 quam
1009 685 1122 742 sollicite
1136 690 1355 745 conservandum
1371 691 1502 765 quidquid
1517 694 1551 749 ad
1560 694 1712 753 auImamm

913 775 1165 848 salutempertinet,
1180 784 1207 834 et
1222 793 1277 833 non
1292 778 1485 837 sieutverbum
1497 783 1644 853 bominum,
1662 786 1711 843 sed

913 866 983 920 sicut
993 866 1077 938 (qnod
1087 882 1150 922 vere
1161 867 1213 938 est)
1222 868 1335 924 verbum
1345 871 1406 940 Dei,
1416 870 1473 928 sive
1481 871 1548 928 illud
1559 874 1712 931 consolato-

913 954 993 1026 rium,
1008 955 1065 1012 sive
1079 956 1325 1027 commonitorium,
1336 959 1392 1017 sive
1404 961 1485 1017 etiam
1499 963 1711 1032 increpatorium

914 1044 1037 1098 audiatur
1064 1045 1159 1116 (alios,
1181 1047 1326 1116 videatur).
1355 1049 1476 1119 Excussi,
1505 1051 1601 1119 fateor,
1626 1054 1712 1125 ipsius

913 1133 1110 1204 propemodum
1138 1134 1293 1192 festivitatis
1319 1138 1430 1206 oblitus,
1457 1140 1516 1210 sed,
1533 1150 1562 1197 ut
1580 1143 1710 1210 arbitror,

913 1238 970 1278 non
990 1225 1024 1277 ad
1048 1223 1230 1297 insipientiam
1258 1227 1346 1295 vobis,
1370 1229 1393 1284 si
1419 1227 1533 1286 firmiter
1553 1230 1711 1288 inhaeserint

58 1310 106 1367 sed
134 1309 284 1383 pretiosius
312 1307 415 1364 cunetis
451 1308 585 1363 thesauris
612 1307 737 1380 AEgypti,
760 1307 860 1364 Christi

57 1399 252 1471 improperium
281 1397 422 1454 aestimate.
441 1398 637 1454 Verumtamen
653 1404 791 1453 terrenum
810 1398 858 1453 ha·
950 1404 977 1458 1.
994 1402 1028 1458 Et
1051 1419 1124 1459 nunc
1140 1405 1196 1474 jam
1220 1405 1255 1462 de
1274 1405 1445 1464 solemnitate
1458 1407 1517 1480 ipsa
1532 1409 1576 1465 vel
1591 1409 1711 1466 breviter

58 1489 188 1547 bentibus
210 1486 418 1560 sterquilinium,
439 1487 497 1559 ipsa
526 1503 634 1560 quoqne
662 1487 781 1543 coelestis
806 1503 859 1543 non
913 1491 1014 1564 aliquid
1027 1490 1101 1566 loqui
1117 1501 1263 1552 tentemus.
1287 1497 1479 1569 Apostolorum
1504 1498 1604 1555 Christi
1626 1498 1712 1556 fastus

12 1654 13 1661 ἵ
58 1580 136 1636 deest
150 1578 242 1652 pluvia
258 1596 264 1634 :
281 1593 343 1650 quae
367 1584 409 1632 est
430 1577 583 1634 orationum
605 1577 725 1646 devotio,
740 1578 860 1646 iucunda
912 1581 1002 1654 agitur
1016 1583 1083 1650 dies,
1099 1584 1197 1656 quibus
1212 1602 1277 1641 sanc
1291 1585 1465 1659 plurimuma
1484 1588 1563 1645 nobis
1577 1589 1712 1645 honorem

12 1705 14 1715 ‚
59 1668 203 1726 mminatio
227 1666 392 1738 psalmodiae,
421 1666 508 1722 dulcis
536 1666 685 1731 meditatio,
710 1667 860 1724 consolatio
875 1653 898 1732 Β
913 1671 1009 1728 deberi
1023 1673 1094 1741 seio;
1110 1674 1158 1730 sed
1173 1682 1264 1731 utrum
1277 1677 1364 1748 pessit
1385 1677 1481 1748 aliquis
1504 1677 1637 1745 exhiberi,
1652 1679 1712 1734 hae·

12 1752 14 1757 ⁸
59 1758 270 1831 scripturarum.
287 1755 411 1829 Denique
426 1757 524 1813 ethaeo
538 1756 597 1829 ipsa
611 1756 700 1828 pluvia
712 1765 765 1827 est,
779 1772 860 1830 qnam
913 1760 1049 1817 sitosatis.
1061 1763 1231 1821 Nimisenim
1241 1767 1374 1825 honorati
1383 1772 1453 1825 sant
1466 1769 1552 1824 amici
1563 1769 1712 1837 toalleam

59 1845 182 1919 accipitis
205 1862 255 1917 per
270 1860 301 1901 os
321 1861 423 1913 meum,
439 1845 460 1899 si
475 1847 582 1918 quante
597 1845 632 1902 de
646 1846 768 1912 flumine,
783 1848 860 1917 cujus
913 1851 1001 1908 nimis
1031 1856 1211 1924 confortatas
1238 1861 1279 1913 est
1300 1859 1480 1930 principatus
1503 1874 1601 1915 eorum
1623 1856 1711 1928 (Paul.

59 1933 305 2009 impetuslaetificat
320 1934 368 1990 Dei
380 1933 527 2003 civitatem,
540 1941 567 1990 et
581 1942 701 1992 torrente
715 1935 860 2008 voluptatis
914 1954 1054 2009 cxxxvrn,
1069 1943 1125 2014 ιι).
1141 1943 1212 2014 Quid
1227 1945 1322 2000 enimi
1337 1945 1359 1999 si
1377 1946 1404 2001 in
1428 1951 1503 2002 terra
1521 1946 1609 2001 adhuc
1631 1944 1712 2016 positi

60 2026 129 2081 illius
147 2023 240 2096 aliqua
255 2039 338 2095 super
355 2038 414 2092 vos,
430 2023 494 2078 dum
512 2024 548 2079 de
563 2024 603 2079 eis
621 2022 766 2098 loquimur,
782 2025 860 2082 stilli-
914 2031 1005 2087 omnia
1019 2039 1155 2103 poterant,
1171 2049 1225 2090 non
1241 2034 1352 2108 quidem
1367 2033 1394 2091 in
1406 2050 1448 2100 ὃς,
1463 2035 1513 2091 sed
1536 2035 1564 2089 jn
1589 2034 1711 2103 chriam

59 2113 129 2171 fidia
144 2112 247 2169 stillare
260 2111 415 2185 θθῦῑῑιθῐῑῑ·
914 2121 977 2192 quid
994 2136 1048 2177 aon
1062 2130 1191 2192 poterunt
1209 2123 1290 2180 hodic
1312 2123 1435 2181 viventes
1457 2123 1485 2179 io
1508 2120 1595 2180 {m
1608 2129 1712 2179 aeterna

92 2208 120 2260 3.
150 2202 205 2259 Sed
229 2217 343 2258 necesse
370 2201 459 2257 habeo
492 2200 626 2258 interdum
651 2203 858 2271 circumfodere,
913 2208 1039 2267 felicitate
1053 2211 1208 2283 cumipse?
1223 2212 1350 2270 Mortales
1370 2213 1458 2270 adhuc
1473 2218 1500 2269 et
1514 2211 1637 2269 merituri
1658 2211 1711 2266 im·

59 2290 281 2366 quandoquidem
301 2298 451 2363 posuerunt
465 2307 509 2347 me
522 2291 663 2350 custodem
685 2299 713 2349 et
728 2292 860 2350 cultorem
913 2300 1018 2370 perium
1032 2301 1094 2356 vitae
1108 2306 1137 2356 et
1151 2301 1247 2357 mortis
1260 2302 1422 2359 videbantur
1436 2303 1548 2365 habere,
1560 2301 1618 2358 sole
1633 2301 1712 2356 nimi-

58 2382 84 2438 in
97 2381 197 2440 vineis.
213 2379 290 2437 Heal
316 2380 362 2453 qui
378 2396 465 2436 meam
480 2396 535 2437 uon
550 2381 630 2447 colui,
646 2397 698 2438 nec
715 2383 857 2449 custodivi,
913 2404 972 2443 rum
987 2390 1071 2445 verbo
1087 2389 1281 2446 mortificantes
1296 2392 1381 2458 vivos,
1398 2398 1426 2447 et
1441 2398 1562 2447 mortuos
1576 2390 1710 2446 suscitan-

59 2487 173 2528 necesse
187 2471 276 2526 habeo
297 2470 476 2536 tumendum
498 2469 570 2526 bunc
592 2486 694 2543 occupo
717 2472 817 2540 locum,
832 2482 860 2528 et
914 2481 972 2530 tes:
993 2475 1197 2550 quantomagis
1213 2492 1295 2543 nunc,
1318 2493 1380 2533 cum
1394 2476 1519 2531 honorati
1534 2481 1597 2531 sunt
1621 2475 1710 2540 nimis,

57 2558 258 2616 circumfodere
286 2573 490 2629 nonnunquam,
512 2567 539 2615 et
563 2574 702 2629 apponere
726 2567 858 2616 stercora.
912 2562 992 2617 nimis
1008 2563 1176 2620 confortatus
1200 2572 1242 2620 est
1265 2565 1433 2638 principatus
1448 2564 1633 2621 eommtSed
1647 2562 1711 2635 quid
1757 2602 1763 2612 .

57 2650 201 2707 llolestum
225 2648 251 2703 id
272 2647 392 2719 quidem,
405 2647 454 2702 sed
478 2647 646 2705 dissimulare
673 2665 728 2706 non
750 2651 856 2706 audeo:
912 2658 965 2719 est,
986 2651 1179 2712 fratresfcum
1195 2654 1377 2726 apostolorum
1394 2656 1473 2709 beata
1487 2653 1568 2710 hodie
1583 2653 1712 2708 memoria

57 2740 150 2797 sciens
163 2737 250 2795 multo
265 2737 381 2807 amplius
395 2736 512 2793 securim
527 2735 688 2806 nocituram,
705 2755 785 2810 qnam
801 2756 859 2794 sar·
912 2741 1077 2809 celebretur,
1112 2743 1232 2815 nunquid
1265 2743 1411 2799 nativitatis
1438 2760 1485 2799 seu
1525 2741 1711 2799 conversionis

56 2828 166 2898 culnm3
184 2827 286 2899 ignem,
302 2841 382 2898 quam
399 2825 504 2880 dmum.
521 2827 613 2899 ltaque
637 2833 664 2883 et
687 2843 813 2900 arguere,
831 2836 859 2885 et
897 2846 1016 2899 eorum,
1040 2840 1085 2887 aut
1103 2842 1178 2889 certe
1203 2833 1265 2888 vitae
1294 2833 1336 2889 vel
1363 2833 1555 2888 miraculorum
1582 2830 1712 2887 solemnis

55 2918 200 2990 increpare
223 2915 359 2971 interdum
382 2931 496 2972 necesse
510 2924 569 2970 est:
586 2931 638 2972 nee
650 2915 747 2990 ignoro
765 2916 857 2973 fimum
912 2921 1000 2995 agitur
1022 2922 1267 2978 commemoratio?
1289 2923 1349 2978 Noa
1372 2931 1424 2987 est,
1442 2922 1549 2985 fratres,
1565 2921 1712 2977 nativitatis

58 3022 120 3064 esse
135 3006 249 3064 verbum
263 3005 476 3077 increpatorium
487 3005 554 3076 (aa),
563 3006 675 3061 verbum
688 3005 855 3078 improperii,
912 3011 1036 3066 humanae
1051 3010 1208 3066 solemnitas
1222 3009 1284 3079 ista,
1300 3010 1368 3067 sicut
1382 3011 1462 3081 paulo
1471 3018 1534 3065 ante
1545 3009 1619 3066 beati
1632 3010 1712 3065 loan-

56 3103 85 3153 et
97 3096 173 3169 quod
187 3095 209 3150 si
225 3110 278 3149 non
293 3102 404 3150 excuset
419 3093 577 3158 necessitas,
587 3093 674 3165 ipsum
686 3110 793 3168 quoqne
804 3095 856 3150 mi·
911 3100 953 3155 nis
980 3099 1052 3154 diem
1078 3099 1229 3155 natalitium
1258 3099 1427 3155 celebrastis.
1445 3098 1491 3152 llle
1507 3097 1580 3153 enim
1594 3111 1711 3152 nascens

57 3202 110 3241 nus
124 3185 221 3241 deceat
236 3183 429 3255 proferentem.
447 3182 502 3238 Sed
517 3182 580 3254 quid
591 3182 707 3255 agimus,
719 3184 791 3255 quod
806 3186 858 3241 hoc
911 3187 1069 3256 honoratur,
1092 3189 1155 3259 quia
1183 3187 1301 3244 nascitur
1326 3185 1520 3242 sanctificatus.
1537 3185 1658 3257 Denique
1682 3186 1710 3240 in

58 3275 122 3330 fimo
142 3272 193 3330 etsi
208 3272 314 3344 aliquos
328 3271 501 3343 impinguari,
517 3272 566 3327 sed
581 3272 647 3329 alios
662 3273 743 3343 plane
766 3282 793 3330 et
817 3274 857 3329 la·
910 3278 1015 3331 loanne
1036 3276 1094 3333 solo
1117 3275 1251 3333 celebrior
1274 3284 1316 3333 est
1339 3276 1467 3347 passione
1490 3274 1630 3339 nativitem
1647 3274 1710 3346 quia

914 1311 1004 1368 animo
1020 1330 1079 1385 quae
1094 1314 1216 1374 audistis.

59 3363 156 3436 pidari‚
178 3369 205 3419 et
218 3361 338 3418 indurari
352 3359 498 3418 videmus?
512 3359 581 3416 ilinc
594 3378 712 3434 namque
727 3363 857 3434 scriptum
911 3367 963 3422 etsi
975 3382 1071 3437 passus
1085 3383 1135 3439 pro
1150 3366 1258 3422 Christo
1272 3374 1323 3434 est,
1339 3382 1400 3421 cnm
1416 3380 1465 3437 pro
1480 3365 1582 3435 justitia
1598 3370 1626 3418 et
1640 3362 1711 3419 veri·

58 3461 102 3509 est
114 3472 120 3511 :
132 3456 170 3511 lle
179 3458 300 3509 stercore
308 3451 391 3508 boum
403 3451 576 3522 lapidabitur
584 3453 665 3524 piper
674 3452 771 3522 (Eeclt.
783 3468 856 3519 xxrr,

57 3547 95 3611 2).
111 3543 155 3596 Aa
179 3556 234 3596 nen
262 3540 455 3614 impinguatur,
486 3540 531 3611 qui
559 3539 714 3611 increpatus
738 3541 857 3615 benigne

57 3629 167 3700 accipit,
183 3637 324 3684 mansuete
338 3628 497 3699 respondet,
511 3627 629 3684 libenter
643 3629 790 3686 emendare
806 3644 856 3687 co-

56 3717 158 3774 naturf
174 3718 239 3775 Haec
262 3717 342 3789 plane
360 3716 473 3772 salubris
498 3724 526 3772 et
548 3717 663 3773 fecunda
679 3717 857 3792 impinguatio

55 3815 109 3875 eat,
125 3815 154 3863 nt
168 3806 296 3878 corripiat
310 3822 354 3863 me
367 3807 455 3876 justus
470 3805 498 3861 in
513 3805 708 3873 misericordia,
727 3814 755 3862 et
769 3807 858 3864 incre·

56 3904 120 3970 pet;
135 3895 226 3953 oleum
250 3905 340 3952 antem
354 3896 505 3966 peccatoris
524 3911 578 3951 non
601 3894 753 3968 impinguet
775 3906 857 3968 caput

911 3464 966 3512 tate
986 3456 1120 3522 occubuit,
1137 3455 1289 3512 evidentius
1312 3462 1403 3510 tamen
1427 3463 1505 3510 natus
1528 3469 1577 3526 pre
1602 3468 1635 3508 eo
1657 3459 1709 3521 est,

911 3543 1036 3599 nimirum
1053 3544 1133 3599 homo
1149 3543 1248 3598 missus
1262 3559 1278 3597 a
1291 3543 1359 3608 Deo,
1375 3542 1420 3614 qui
1440 3542 1467 3595 in
1487 3542 1538 3596 hoc
1557 3548 1635 3594 natus
1657 3547 1709 3601 est,

910 3641 939 3687 et
953 3632 987 3687 ad
1001 3634 1053 3688 hoc
1067 3631 1142 3687 venit
1164 3632 1192 3686 iu
1211 3632 1351 3696 mnndum,
1367 3639 1396 3685 ut
1410 3630 1567 3702 perhiberet
1583 3627 1708 3683 testimo-

910 3722 983 3777 nium
998 3721 1107 3778 veritati
1121 3723 1211 3790 (loon.
1226 3737 1246 3786 1,
1261 3720 1301 3790 7).
1322 3719 1377 3775 Sed
1397 3735 1485 3789 neque
1501 3716 1709 3773 conversionem

909 3810 1103 3883 apostolorum,
1120 3819 1165 3866 aut
1176 3825 1269 3866 eornm
1283 3808 1412 3862 miracula
1427 3806 1506 3862 hodie
1520 3820 1706 3869 recensemus,

910 3900 979 3956 sient
993 3900 1075 3955 certis
1089 3899 1186 3954 diebus
1204 3898 1272 3965 aliis,
1288 3896 1399 3952 alterins
1424 3895 1532 3967 quidem
1554 3893 1707 3960 conversio,

56 4002 159 4043 meum.
175 3987 213 4042 Ex
232 4000 265 4042 aa
283 3985 419 4058 siqnidem
442 3984 617 4056 pinguedine,
639 4001 720 4058 quam
742 3994 857 4059 generat
911 3988 1022 4045 alterius
1036 3989 1070 4043 de
1085 4003 1195 4044 carcere
1206 3985 1331 4042 liberatio
1346 3986 1415 4043 facta
1429 4002 1479 4058 per
1493 3983 1620 4060 angelum
1637 3983 1710 4039 festi·

56 4077 148 4133 eleum
171 4075 332 4148 peccatoris,
357 4073 539 4130 abundantius
566 4074 697 4147 pullulant
720 4075 806 4148 spinae
829 4084 858 4134 et
910 4077 951 4133 vis
965 4077 1094 4133 Ecclesia
1107 4075 1213 4149 gaudiis
1232 4076 1267 4131 ad
1283 4076 1440 4132 memoriam
1464 4082 1616 4130 revocatur.
1633 4073 1708 4127 llor-

56 4165 160 4232 tribnli,
175 4173 204 4221 et
216 4164 306 4221 omnis
319 4163 393 4220 radix
408 4163 595 4219 amaritudinis
609 4163 745 4236 germinat
760 4166 856 4238 copio—
911 4173 966 4223 tem
980 4166 1124 4238 specialius
1147 4181 1319 4234 veneramur,
1335 4181 1388 4236 qua
1411 4164 1477 4218 nihil
1491 4163 1563 4218 inter
1585 4160 1708 4218 homines

56 4255 124 4312 sius.
139 4256 234 4329 ltaque
246 4255 294 4328 qui
306 4255 441 4325 justorum
461 4252 675 4324 increpationem
699 4254 855 4311 misericor·
871 4270 894 4348 n
911 4257 1029 4311 hnmano
1042 4254 1143 4325 judicio
1156 4254 1217 4325 plus
1232 4255 1368 4310 horretur.

56 4347 130 4402 diam
154 4344 286 4412 nominat,
311 4343 377 4400 satis
395 4342 495 4400 indicat
515 4342 743 4415 quemadmodum
766 4345 855 4401 susci-

54 4435 157 4507 pienda
183 4434 229 4508 sit,
258 4450 339 4507 qnam
367 4433 488 4504 benigno
521 4432 622 4498 anime,
652 4448 733 4506 quam
756 4434 855 4491 devota

52 4532 162 4592 mente;
178 4532 332 4597 quantaque
348 4523 372 4580 ei
395 4521 482 4595 gratia
505 4521 541 4577 sit
564 4522 698 4578 habenda.
715 4522 761 4579 Sic
781 4524 855 4581 enim

50 4612 251 4686 accipientibus
273 4612 355 4670 nobis
380 4611 432 4669 erit
460 4611 638 4683 impinguatio
657 4611 783 4680 salubris,
799 4629 854 4670 non

51 4701 152 4760 fertilis
168 4702 306 4775 vitiorum,
330 4700 558 4775 quemadmodum
580 4700 669 4757 oleum
691 4704 854 4774 peccatoris,

49 4793 100 4848 sed
114 4791 220 4849 fructus
234 4792 314 4864 illius,
331 4808 411 4865 quem
426 4789 576 4848 secundum
590 4789 750 4862 Apostolum
770 4793 854 4849 habe-

49 4897 111 4938 mus
129 4881 159 4938 in
182 4881 397 4939 sanctificatione
421 4883 511 4952 (Rem.
527 4894 565 4934 vr.
586 4880 642 4950 ιι).
669 4879 739 4947 Quid
763 4890 853 4939 autem

47 4969 164 5027 facinus
179 4971 239 5039 tibi,
255 4987 272 5028 o
290 4971 380 5046 piger,
396 4970 461 5046 quid
487 4971 521 5025 ad
545 4969 615 5024 hanc
639 4968 853 5027 misericerdiam

45 5058 164 5116 irritaris
178 5061 311 5135 magis,et
323 5059 493 5133 exasperaris
506 5059 520 5116 f
531 5059 628 5115 Nonne
642 5060 744 5116 bonum
761 5060 852 5117 timnm

45 5149 137 5222 sparsi
150 5149 179 5206 in
193 5167 260 5227 agro
277 5150 346 5208 tuo?
361 5150 437 5207 Unde
457 5165 523 5223 ergo
538 5147 644 5221 lapides
666 5148 769 5205 habet?
796 5150 851 5207 Sed

45 5247 84 5305 tu,
99 5239 210 5296 inimice
226 5241 323 5308 homo;
338 5239 465 5312 qnoniam
484 5239 530 5311 qui
557 5237 645 5310 diligit
668 5237 848 5312 iniquitatem,

43 5329 101 5386 odit
124 5329 244 5387 animam
267 5347 344 5388 suam
367 5329 456 5403 (Psoi.
472 5345 502 5397 x,
518 5329 566 5402 b):
585 5336 622 5396 tu,
643 5327 766 5402 inquam,
790 5330 847 5386 ini-

46 5419 115 5478 mice
137 5420 233 5488 homo,
251 5421 305 5479 hoe
338 5418 443 5488 fecisti;
466 5418 513 5493 qui
537 5417 668 5476 desidiam
697 5424 770 5476 tuam
792 5435 848 5478 uon

946 4349 973 4401 5.
989 4344 1177 4414 Considerate,
1187 4343 1295 4412 fratres,
1307 4342 1435 4398 Ecclesiae
1449 4347 1551 4397 sanetae
1564 4337 1705 4410 judicium,

909 4431 1057 4490 seeundum
1082 4431 1177 4501 fidem,
1191 4448 1245 4488 non
1267 4431 1417 4487 secundum
1440 4429 1536 4485 faeiem
1550 4427 1706 4499 iudicantis.

909 4525 1024 4579 Mortem
1047 4521 1180 4594 siqnidem
1208 4520 1392 4593 apostolorum
1424 4520 1452 4574 in
1480 4535 1574 4576 eorum
1611 4516 1708 4573 recolit

909 4611 1079 4668 solemnitate
1096 4610 1240 4682 praecipua.
1256 4608 1343 4665 llodie
1362 4608 1488 4663 nimirum
1508 4609 1603 4663 Petrus
1621 4605 1707 4663 oruci-

909 4702 977 4758 frxns
990 4709 1041 4769 est,
1058 4699 1138 4757 hodie
1152 4699 1301 4756 decollatus
1314 4705 1357 4754 est
1372 4698 1478 4754 Paulus.
1489 4697 1555 4754 Hae
1565 4695 1706 4752 hodiernae

909 4809 990 4849 cansa
1006 4790 1169 4856 festivitatis,
1186 4792 1243 4846 haee
1258 4788 1432 4862 praesentium
1457 4786 1570 4843 materia
1592 4785 1706 4858 gaudio-

909 4900 978 4940 rum.
995 4881 1025 4937 ln
1040 4881 1081 4937 his
1096 4881 1177 4954 igitur
1192 4879 1290 4936 festum
1306 4895 1391 4952 agens
1405 4877 1477 4934 diem
1493 4884 1520 4932 et
1533 4877 1634 4943 laetum,
1646 4873 1705 4932 sine

908 4971 990 5028 dnbio
1003 4970 1125 5043 spiritum
1141 4969 1234 5042 sponsi
1257 4970 1339 5026 habet
1357 4966 1488 5039 Ecclesia,
1503 4965 1626 5038 spiritum
1650 4966 1705 5022 De·

908 5061 989 5119 mini:
1015 5061 1093 5131 cnjus
1120 5067 1279 5131 conspectu,
1304 5058 1374 5114 sicut
1408 5057 1493 5112 habes
1520 5055 1549 5111 in
1566 5056 1702 5127 psalmo:

906 5153 1032 5208 Pretiosa
1040 5153 1082 5206 est
1092 5164 1166 5204 mors
1176 5147 1435 5218 sanctorumff’sol.
1446 5146 1575 5218 axv,'15).
1582 5144 1704 5216 Quantos

906 5238 990 5306 enim,
1004 5238 1068 5294 dum
1092 5245 1251 5309 paterentur
1273 5235 1398 5308 apostoli,
1413 5235 1549 5292 credimus
1572 5233 1701 5300 adfuisse,

904 5328 950 5403 qui
965 5343 1136 5402 nequaquam
1162 5326 1288 5398 pretiosis
1310 5325 1441 5382 mortibus
1464 5325 1570 5381 illorum
1594 5322 1700 5379 invide·

903 5421 986 5476 renti
1001 5415 1058 5475 fisi
1077 5424 1139 5473 sunt
1162 5415 1236 5473 enim
1258 5414 1344 5474 oculis
1363 5415 1547 5491 insipientium
1567 5411 1646 5481 mori,
1671 5420 1698 5470 ει

77 5519 139 5590 (ιιι)
152 5517 267 5578 Codices
282 5515 395 5577 nonnuli
413 5515 534 5585 addunt,
544 5515 657 5576 andam
671 5533 816 5585 omarum,
832 5516 906 5592 quod
920 5516 949 5576 in
967 5515 1025 5576 aliis
1039 5512 1120 5576 editis
1140 5521 1168 5572 et
1181 5511 1289 5588 scriptis
1303 5513 1393 5572 deest.
