<?xml version="1.0" encoding="UTF-8"?>
<!DOCTYPE html PUBLIC "-//W3C//DTD XHTML 1.0 Transitional//EN"
    "http://www.w3.org/TR/xhtml1/DTD/xhtml1-transitional.dtd">
<html xmlns="http://www.w3.org/1999/xhtml" xml:lang="en" lang="en">
 <head>
  <title>
</title>
<meta http-equiv="Content-Type" content="text/html;charset=utf-8" />
  <meta name='ocr-system' content='tesseract 3.04.00' />
  <meta name='ocr-capabilities' content='ocr_page ocr_carea ocr_par ocr_line ocrx_word'/>
</head>
<body>
  <div class='ocr_page' id='page_1' title='image "./patrologiaecurs56unkngoog/patrologiaecurs56unkngoog_0435.png"; bbox 0 0 3734 5948; ppageno 0'>
   <div class='ocr_carea' id='block_1_1' title="bbox 164 208 1817 278">
    <p class='ocr_par' dir='ltr' id='par_1_1' title="bbox 164 208 1817 278">
     <span class='ocr_line' id='line_1_1' title="bbox 164 208 1817 278; baseline 0.004 -7"><span class='ocrx_word' id='word_1_1' title='bbox 164 208 221 271; x_wconf 65' lang='lat'><strong>50</strong></span> <span class='ocrx_word' id='word_1_2' title='bbox 643 209 671 270; x_wconf 85' lang='lat' dir='ltr'><strong>S.</strong></span> <span class='ocrx_word' id='word_1_3' title='bbox 689 209 857 277; x_wconf 73' lang='lat' dir='ltr'><strong>eelblbbl</strong></span> <span class='ocrx_word' id='word_1_4' title='bbox 875 208 1012 276; x_wconf 73' lang='lat' dir='ltr'><strong>tiberis</strong></span> <span class='ocrx_word' id='word_1_5' title='bbox 1024 208 1344 275; x_wconf 62' lang='lat' dir='ltr'><strong>metelentinse</strong></span> <span class='ocrx_word' id='word_1_6' title='bbox 1761 215 1817 278; x_wconf 72' lang='lat'><strong>85⁰</strong></span> 
     </span>
    </p>
   </div>
   <div class='ocr_carea' id='block_1_2' title="bbox 166 336 1828 5192">
    <p class='ocr_par' dir='ltr' id='par_1_2' title="bbox 166 336 1828 5192">
     <span class='ocr_line' id='line_1_2' title="bbox 166 336 1814 428; baseline 0.004 -33"><span class='ocrx_word' id='word_1_7' title='bbox 166 337 225 395; x_wconf 81' lang='lat' dir='ltr'><strong>riss</strong></span> <span class='ocrx_word' id='word_1_8' title='bbox 237 346 361 409; x_wconf 87' lang='lat' dir='ltr'><strong>nostrss;</strong></span> <span class='ocrx_word' id='word_1_9' title='bbox 377 346 406 393; x_wconf 89' lang='lat' dir='ltr'><strong>et</strong></span> <span class='ocrx_word' id='word_1_10' title='bbox 419 344 451 393; x_wconf 92' lang='lat' dir='ltr'><strong>ut</strong></span> <span class='ocrx_word' id='word_1_11' title='bbox 471 336 498 392; x_wconf 92' lang='lat' dir='ltr'><strong>in</strong></span> <span class='ocrx_word' id='word_1_12' title='bbox 512 336 623 392; x_wconf 80' lang='lat' dir='ltr'><strong>ueritate</strong></span> <span class='ocrx_word' id='word_1_13' title='bbox 645 336 671 391; x_wconf 93' lang='lat' dir='ltr'><strong>id</strong></span> <span class='ocrx_word' id='word_1_14' title='bbox 691 336 837 406; x_wconf 84' lang='lat' dir='ltr'><strong>possimus,</strong></span> <span class='ocrx_word' id='word_1_15' title='bbox 860 337 966 396; x_wconf 81' lang='lat' dir='ltr'><strong>insone-</strong></span> <span class='ocrx_word' id='word_1_16' title='bbox 976 349 1002 428; x_wconf 57' lang='grc' dir='ltr'>Ι</span> <span class='ocrx_word' id='word_1_17' title='bbox 1014 343 1062 393; x_wconf 92' lang='lat' dir='ltr'><strong>eut</strong></span> <span class='ocrx_word' id='word_1_18' title='bbox 1075 337 1197 411; x_wconf 81' lang='lat' dir='ltr'><strong>segnitie,</strong></span> <span class='ocrx_word' id='word_1_19' title='bbox 1211 348 1259 396; x_wconf 90' lang='lat' dir='ltr'><strong>aut</strong></span> <span class='ocrx_word' id='word_1_20' title='bbox 1283 340 1370 396; x_wconf 84' lang='lat' dir='ltr'><strong>minus</strong></span> <span class='ocrx_word' id='word_1_21' title='bbox 1392 340 1511 397; x_wconf 78' lang='lat' dir='ltr'><strong>discrete</strong></span> <span class='ocrx_word' id='word_1_22' title='bbox 1525 343 1688 409; x_wconf 78' lang='lat' dir='ltr'><strong>bumilitate,</strong></span> <span class='ocrx_word' id='word_1_23' title='bbox 1702 345 1814 401; x_wconf 81' lang='lat' dir='ltr'><strong>verbum</strong></span> 
     </span>
     <span class='ocr_line' id='line_1_3' title="bbox 168 423 1817 500; baseline 0.003 -17"><span class='ocrx_word' id='word_1_24' title='bbox 168 442 228 483; x_wconf 78' lang='lat' dir='ltr'><strong>sius</strong></span> <span class='ocrx_word' id='word_1_25' title='bbox 249 425 379 496; x_wconf 81' lang='lat' dir='ltr'><strong>Spiritum</strong></span> <span class='ocrx_word' id='word_1_26' title='bbox 402 423 531 491; x_wconf 78' lang='lat' dir='ltr'><strong>ueritatis,</strong></span> <span class='ocrx_word' id='word_1_27' title='bbox 553 433 581 479; x_wconf 91' lang='lat' dir='ltr'><strong>et</strong></span> <span class='ocrx_word' id='word_1_28' title='bbox 606 426 813 483; x_wconf 74' lang='lat' dir='ltr'><strong>revocemusub</strong></span> <span class='ocrx_word' id='word_1_29' title='bbox 837 425 963 498; x_wconf 80' lang='lat' dir='ltr'><strong>altoque</strong></span> <span class='ocrx_word' id='word_1_30' title='bbox 1016 427 1128 492; x_wconf 86' lang='lat' dir='ltr'><strong>bonum,</strong></span> <span class='ocrx_word' id='word_1_31' title='bbox 1143 428 1216 498; x_wconf 90' lang='lat' dir='ltr'><strong>quod</strong></span> <span class='ocrx_word' id='word_1_32' title='bbox 1230 436 1323 500; x_wconf 88' lang='lat' dir='ltr'><strong>posset</strong></span> <span class='ocrx_word' id='word_1_33' title='bbox 1338 429 1466 500; x_wconf 74' lang='lat' dir='ltr'><strong>prodesse</strong></span> <span class='ocrx_word' id='word_1_34' title='bbox 1480 431 1583 498; x_wconf 89' lang='lat' dir='ltr'><strong>multis,</strong></span> <span class='ocrx_word' id='word_1_35' title='bbox 1601 432 1703 498; x_wconf 87' lang='lat' dir='ltr'><strong>inutili,</strong></span> <span class='ocrx_word' id='word_1_36' title='bbox 1719 432 1817 488; x_wconf 87' lang='lat' dir='ltr'><strong>imost</strong></span> 
     </span>
     <span class='ocr_line' id='line_1_4' title="bbox 167 512 1816 591; baseline 0.001 -19"><span class='ocrx_word' id='word_1_37' title='bbox 167 531 220 572; x_wconf 84' lang='lat' dir='ltr'><strong>uos</strong></span> <span class='ocrx_word' id='word_1_38' title='bbox 235 514 374 580; x_wconf 76' lang='lat' dir='ltr'><strong>eduensi,</strong></span> <span class='ocrx_word' id='word_1_39' title='bbox 387 521 523 585; x_wconf 79' lang='lat' dir='ltr'><strong>qautenus</strong></span> <span class='ocrx_word' id='word_1_40' title='bbox 533 512 679 573; x_wconf 80' lang='lat' dir='ltr'><strong>sotetedat</strong></span> <span class='ocrx_word' id='word_1_41' title='bbox 692 529 742 573; x_wconf 87' lang='lat' dir='ltr'><strong>nos</strong></span> <span class='ocrx_word' id='word_1_42' title='bbox 756 513 838 573; x_wconf 88' lang='lat' dir='ltr'><strong>etiam</strong></span> <span class='ocrx_word' id='word_1_43' title='bbox 852 515 885 570; x_wconf 87' lang='lat' dir='ltr'><strong>ed</strong></span> <span class='ocrx_word' id='word_1_44' title='bbox 900 528 962 580; x_wconf 87' lang='lat' dir='ltr'><strong>ons,</strong></span> <span class='ocrx_word' id='word_1_45' title='bbox 1016 513 1161 572; x_wconf 74' lang='lat' dir='ltr'><strong>damnabili</strong></span> <span class='ocrx_word' id='word_1_46' title='bbox 1189 515 1261 588; x_wconf 71' lang='lat' dir='ltr'><strong>ligae</strong></span> <span class='ocrx_word' id='word_1_47' title='bbox 1288 516 1412 586; x_wconf 74' lang='lat' dir='ltr'><strong>ubertim</strong></span> <span class='ocrx_word' id='word_1_48' title='bbox 1442 530 1514 575; x_wconf 81' lang='lat' dir='ltr'><strong>serie</strong></span> <span class='ocrx_word' id='word_1_49' title='bbox 1539 518 1713 585; x_wconf 87' lang='lat' dir='ltr'><strong>melediesus,</strong></span> <span class='ocrx_word' id='word_1_50' title='bbox 1741 520 1816 591; x_wconf 84' lang='lat' dir='ltr'><strong>quod</strong></span> 
     </span>
     <span class='ocr_line' id='line_1_5' title="bbox 166 598 1816 676; baseline 0.002 -18"><span class='ocrx_word' id='word_1_51' title='bbox 166 603 291 676; x_wconf 85' lang='lat' dir='ltr'><strong>quoniam</strong></span> <span class='ocrx_word' id='word_1_52' title='bbox 313 601 373 658; x_wconf 87' lang='lat' dir='ltr'><strong>eine</strong></span> <span class='ocrx_word' id='word_1_53' title='bbox 396 601 455 672; x_wconf 86' lang='lat' dir='ltr'><strong>ipse</strong></span> <span class='ocrx_word' id='word_1_54' title='bbox 477 616 623 673; x_wconf 86' lang='lat' dir='ltr'><strong>possumus</strong></span> <span class='ocrx_word' id='word_1_55' title='bbox 641 602 718 661; x_wconf 82' lang='lat' dir='ltr'><strong>nihil.</strong></span> <span class='ocrx_word' id='word_1_56' title='bbox 739 602 795 662; x_wconf 82' lang='lat' dir='ltr'><strong>Neo</strong></span> <span class='ocrx_word' id='word_1_57' title='bbox 815 603 964 662; x_wconf 85' lang='lat' dir='ltr'><strong>uerendum</strong></span> <span class='ocrx_word' id='word_1_58' title='bbox 1017 598 1152 658; x_wconf 86' lang='lat' dir='ltr'><strong>immensa</strong></span> <span class='ocrx_word' id='word_1_59' title='bbox 1164 603 1345 662; x_wconf 81' lang='lat' dir='ltr'><strong>ahsoondisin</strong></span> <span class='ocrx_word' id='word_1_60' title='bbox 1357 604 1568 676; x_wconf 83' lang='lat' dir='ltr'><strong>popuiie(l’ren.</strong></span> <span class='ocrx_word' id='word_1_61' title='bbox 1579 622 1617 674; x_wconf 86' lang='lat' dir='ltr'><strong>nr,</strong></span> <span class='ocrx_word' id='word_1_62' title='bbox 1629 607 1816 675; x_wconf 61' lang='lat' dir='ltr'><strong>bellimensis</strong></span> 
     </span>
     <span class='ocr_line' id='line_1_6' title="bbox 167 687 1816 766; baseline 0.002 -20"><span class='ocrx_word' id='word_1_63' title='bbox 167 689 239 761; x_wconf 84' lang='lat' dir='ltr'><strong>quod</strong></span> <span class='ocrx_word' id='word_1_64' title='bbox 252 687 415 761; x_wconf 71' lang='lat' dir='ltr'>dedignetur</span> <span class='ocrx_word' id='word_1_65' title='bbox 432 688 650 748; x_wconf 78' lang='lat' dir='ltr'><strong>coedeseeudere</strong></span> <span class='ocrx_word' id='word_1_66' title='bbox 664 690 755 760; x_wconf 89' lang='lat' dir='ltr'><strong>nobis,</strong></span> <span class='ocrx_word' id='word_1_67' title='bbox 770 691 817 763; x_wconf 85' lang='lat' dir='ltr'><strong>qui</strong></span> <span class='ocrx_word' id='word_1_68' title='bbox 827 692 927 763; x_wconf 89' lang='lat' dir='ltr'><strong>potius,</strong></span> <span class='ocrx_word' id='word_1_69' title='bbox 940 690 964 748; x_wconf 87' lang='lat' dir='ltr'><strong>si</strong></span> <span class='ocrx_word' id='word_1_70' title='bbox 1018 690 1090 759; x_wconf 84' lang='lat' dir='ltr'><strong>quod</strong></span> <span class='ocrx_word' id='word_1_71' title='bbox 1101 699 1177 749; x_wconf 91' lang='lat' dir='ltr'><strong>tuum</strong></span> <span class='ocrx_word' id='word_1_72' title='bbox 1196 702 1237 748; x_wconf 90' lang='lat' dir='ltr'><strong>est</strong></span> <span class='ocrx_word' id='word_1_73' title='bbox 1259 691 1365 765; x_wconf 78' lang='lat' dir='ltr'><strong>eperqis</strong></span> <span class='ocrx_word' id='word_1_74' title='bbox 1386 701 1415 749; x_wconf 87' lang='lat' dir='ltr'><strong>et</strong></span> <span class='ocrx_word' id='word_1_75' title='bbox 1436 693 1537 764; x_wconf 87' lang='lat' dir='ltr'><strong>perdis,</strong></span> <span class='ocrx_word' id='word_1_76' title='bbox 1555 693 1578 749; x_wconf 93' lang='lat' dir='ltr'><strong>si</strong></span> <span class='ocrx_word' id='word_1_77' title='bbox 1595 693 1753 766; x_wconf 75' lang='lat' dir='ltr'><strong>priusquam</strong></span> <span class='ocrx_word' id='word_1_78' title='bbox 1774 695 1816 750; x_wconf 81' lang='lat' dir='ltr'><strong>in·</strong></span> 
     </span>
     <span class='ocr_line' id='line_1_7' title="bbox 168 774 1815 860; baseline 0.004 -27"><span class='ocrx_word' id='word_1_79' title='bbox 168 777 351 851; x_wconf 74' lang='lat' dir='ltr'><strong>relexipnum</strong></span> <span class='ocrx_word' id='word_1_80' title='bbox 369 776 434 850; x_wconf 90' lang='lat' dir='ltr'><strong>quid</strong></span> <span class='ocrx_word' id='word_1_81' title='bbox 448 779 552 848; x_wconf 81' lang='lat' dir='ltr'><strong>ubsque</strong></span> <span class='ocrx_word' id='word_1_82' title='bbox 570 779 630 849; x_wconf 90' lang='lat' dir='ltr'><strong>ipso</strong></span> <span class='ocrx_word' id='word_1_83' title='bbox 644 778 967 860; x_wconf 69' lang='lat' dir='ltr'><strong>eommunindiqisatur.</strong></span> <span class='ocrx_word' id='word_1_84' title='bbox 1018 774 1137 836; x_wconf 85' lang='lat' dir='ltr'><strong>fundaris</strong></span> <span class='ocrx_word' id='word_1_85' title='bbox 1165 787 1193 836; x_wconf 91' lang='lat' dir='ltr'><strong>tu</strong></span> <span class='ocrx_word' id='word_1_86' title='bbox 1221 785 1304 850; x_wconf 89' lang='lat' dir='ltr'><strong>totns,</strong></span> <span class='ocrx_word' id='word_1_87' title='bbox 1330 780 1497 854; x_wconf 86' lang='lat' dir='ltr'><strong>semiplenus</strong></span> <span class='ocrx_word' id='word_1_88' title='bbox 1524 782 1636 838; x_wconf 82' lang='lat' dir='ltr'><strong>lestines</strong></span> <span class='ocrx_word' id='word_1_89' title='bbox 1662 781 1815 853; x_wconf 79' lang='lat' dir='ltr'><strong>effundere,</strong></span> 
     </span>
     <span class='ocr_line' id='line_1_8' title="bbox 168 863 1816 944; baseline 0.002 -24"><span class='ocrx_word' id='word_1_90' title='bbox 168 865 227 921; x_wconf 83' lang='lat' dir='ltr'><strong>Nee</strong></span> <span class='ocrx_word' id='word_1_91' title='bbox 240 873 282 920; x_wconf 87' lang='lat' dir='ltr'><strong>est</strong></span> <span class='ocrx_word' id='word_1_92' title='bbox 296 863 369 920; x_wconf 89' lang='lat' dir='ltr'><strong>euim</strong></span> <span class='ocrx_word' id='word_1_93' title='bbox 386 863 433 922; x_wconf 89' lang='lat' dir='ltr'><strong>iile</strong></span> <span class='ocrx_word' id='word_1_94' title='bbox 447 863 550 923; x_wconf 79' lang='lat' dir='ltr'><strong>sabens</strong></span> <span class='ocrx_word' id='word_1_95' title='bbox 569 871 596 925; x_wconf 90' lang='lat' dir='ltr'><strong>et</strong></span> <span class='ocrx_word' id='word_1_96' title='bbox 620 879 673 922; x_wconf 88' lang='lat' dir='ltr'><strong>non</strong></span> <span class='ocrx_word' id='word_1_97' title='bbox 697 865 816 934; x_wconf 88' lang='lat' dir='ltr'><strong>rediens,</strong></span> <span class='ocrx_word' id='word_1_98' title='bbox 829 867 876 927; x_wconf 91' lang='lat' dir='ltr'><strong>sed</strong></span> <span class='ocrx_word' id='word_1_99' title='bbox 890 867 967 925; x_wconf 84' lang='lat' dir='ltr'><strong>dunis</strong></span> <span class='ocrx_word' id='word_1_100' title='bbox 1018 875 1112 922; x_wconf 87' lang='lat' dir='ltr'><strong>oontre</strong></span> <span class='ocrx_word' id='word_1_101' title='bbox 1135 867 1224 942; x_wconf 81' lang='lat' dir='ltr'><strong>legem</strong></span> <span class='ocrx_word' id='word_1_102' title='bbox 1246 885 1327 925; x_wconf 78' lang='lat' dir='ltr'><strong>erens</strong></span> <span class='ocrx_word' id='word_1_103' title='bbox 1348 869 1376 924; x_wconf 92' lang='lat' dir='ltr'><strong>in</strong></span> <span class='ocrx_word' id='word_1_104' title='bbox 1399 869 1581 944; x_wconf 71' lang='lat' dir='ltr'><strong>primogenito</strong></span> <span class='ocrx_word' id='word_1_105' title='bbox 1603 869 1690 938; x_wconf 77' lang='lat' dir='ltr'><strong>boris,</strong></span> <span class='ocrx_word' id='word_1_106' title='bbox 1707 877 1735 922; x_wconf 89' lang='lat' dir='ltr'><strong>et</strong></span> <span class='ocrx_word' id='word_1_107' title='bbox 1758 869 1816 928; x_wconf 85' lang='lat' dir='ltr'><strong>oris</strong></span> 
     </span>
     <span class='ocr_line' id='line_1_9' title="bbox 169 951 1816 1028; baseline 0.002 -18"><span class='ocrx_word' id='word_1_108' title='bbox 169 969 220 1010; x_wconf 88' lang='lat' dir='ltr'><strong>nos</strong></span> <span class='ocrx_word' id='word_1_109' title='bbox 236 962 265 1009; x_wconf 88' lang='lat' dir='ltr'><strong>st</strong></span> <span class='ocrx_word' id='word_1_110' title='bbox 282 952 385 1010; x_wconf 83' lang='lat' dir='ltr'><strong>redusit</strong></span> <span class='ocrx_word' id='word_1_111' title='bbox 405 951 440 1010; x_wconf 90' lang='lat' dir='ltr'><strong>de</strong></span> <span class='ocrx_word' id='word_1_112' title='bbox 458 951 582 1013; x_wconf 88' lang='lat' dir='ltr'><strong>elaritate</strong></span> <span class='ocrx_word' id='word_1_113' title='bbox 603 953 630 1011; x_wconf 88' lang='lat' dir='ltr'><strong>in</strong></span> <span class='ocrx_word' id='word_1_114' title='bbox 653 953 814 1022; x_wconf 68' lang='lat' dir='ltr'><strong>claritatem,</strong></span> <span class='ocrx_word' id='word_1_115' title='bbox 840 966 965 1027; x_wconf 78' lang='lat' dir='ltr'><strong>tanquam</strong></span> <span class='ocrx_word' id='word_1_116' title='bbox 1019 953 1225 1026; x_wconf 70' lang='lat' dir='ltr'><strong>primogenitum</strong></span> <span class='ocrx_word' id='word_1_117' title='bbox 1242 954 1347 1012; x_wconf 73' lang='lat' dir='ltr'><strong>lim</strong></span> <span class='ocrx_word' id='word_1_118' title='bbox 1365 958 1479 1013; x_wconf 89' lang='lat' dir='ltr'><strong>tondens</strong></span> <span class='ocrx_word' id='word_1_119' title='bbox 1491 959 1583 1028; x_wconf 77' lang='lat' dir='ltr'><strong>ibent.</strong></span> <span class='ocrx_word' id='word_1_120' title='bbox 1599 974 1643 1022; x_wconf 83' lang='lat' dir='ltr'><strong>nv,</strong></span> <span class='ocrx_word' id='word_1_121' title='bbox 1657 957 1816 1027; x_wconf 65' lang='lat' dir='ltr'><strong>replemi-</strong></span> 
     </span>
     <span class='ocr_line' id='line_1_10' title="bbox 169 1040 1813 1119; baseline 0.002 -19"><span class='ocrx_word' id='word_1_122' title='bbox 169 1040 276 1100; x_wconf 72' lang='lat' dir='ltr'><strong>nemim</strong></span> <span class='ocrx_word' id='word_1_123' title='bbox 290 1040 417 1112; x_wconf 85' lang='lat' dir='ltr'><strong>Spiritus,</strong></span> <span class='ocrx_word' id='word_1_124' title='bbox 433 1042 595 1114; x_wconf 78' lang='lat' dir='ltr'><strong>quaudoque</strong></span> <span class='ocrx_word' id='word_1_125' title='bbox 608 1041 713 1114; x_wconf 80' lang='lat' dir='ltr'><strong>rapiens</strong></span> <span class='ocrx_word' id='word_1_126' title='bbox 728 1042 761 1098; x_wconf 85' lang='lat' dir='ltr'><strong>ed</strong></span> <span class='ocrx_word' id='word_1_127' title='bbox 775 1057 806 1098; x_wconf 89' lang='lat' dir='ltr'><strong>se</strong></span> <span class='ocrx_word' id='word_1_128' title='bbox 821 1043 847 1101; x_wconf 88' lang='lat' dir='ltr'><strong>in</strong></span> <span class='ocrx_word' id='word_1_129' title='bbox 863 1043 965 1101; x_wconf 88' lang='lat' dir='ltr'><strong>lumine</strong></span> <span class='ocrx_word' id='word_1_130' title='bbox 1020 1058 1079 1099; x_wconf 88' lang='lat' dir='ltr'><strong>rure</strong></span> <span class='ocrx_word' id='word_1_131' title='bbox 1094 1043 1147 1100; x_wconf 84' lang='lat' dir='ltr'><strong>site</strong></span> <span class='ocrx_word' id='word_1_132' title='bbox 1160 1054 1242 1117; x_wconf 89' lang='lat' dir='ltr'><strong>atque</strong></span> <span class='ocrx_word' id='word_1_133' title='bbox 1264 1046 1358 1112; x_wconf 86' lang='lat' dir='ltr'><strong>salute,</strong></span> <span class='ocrx_word' id='word_1_134' title='bbox 1374 1062 1454 1119; x_wconf 85' lang='lat' dir='ltr'><strong>quam</strong></span> <span class='ocrx_word' id='word_1_135' title='bbox 1464 1045 1545 1102; x_wconf 85' lang='lat' dir='ltr'><strong>alteri</strong></span> <span class='ocrx_word' id='word_1_136' title='bbox 1564 1047 1622 1117; x_wconf 86' lang='lat' dir='ltr'><strong>des,</strong></span> <span class='ocrx_word' id='word_1_137' title='bbox 1643 1056 1669 1103; x_wconf 90' lang='grc' dir='ltr'><strong>ιι</strong></span> <span class='ocrx_word' id='word_1_138' title='bbox 1692 1046 1813 1112; x_wconf 76' lang='lat' dir='ltr'><strong>insudas,</strong></span> 
     </span>
     <span class='ocr_line' id='line_1_11' title="bbox 169 1128 1817 1207; baseline 0.004 -19"><span class='ocrx_word' id='word_1_139' title='bbox 169 1128 965 1203; x_wconf 75' lang='lat' dir='ltr'><strong>suo,quuodoque,loliesodditur,uobislnoutempersns,</strong></span> <span class='ocrx_word' id='word_1_140' title='bbox 1020 1131 1084 1189; x_wconf 91' lang='lat' dir='ltr'><strong>dum</strong></span> <span class='ocrx_word' id='word_1_141' title='bbox 1109 1148 1174 1189; x_wconf 88' lang='lat' dir='ltr'><strong>sana</strong></span> <span class='ocrx_word' id='word_1_142' title='bbox 1199 1149 1299 1190; x_wconf 80' lang='lat' dir='ltr'><strong>vannus</strong></span> <span class='ocrx_word' id='word_1_143' title='bbox 1327 1134 1484 1204; x_wconf 86' lang='lat' dir='ltr'><strong>intentione,</strong></span> <span class='ocrx_word' id='word_1_144' title='bbox 1504 1134 1597 1207; x_wconf 73' lang='lat' dir='ltr'><strong>glorie</strong></span> <span class='ocrx_word' id='word_1_145' title='bbox 1624 1135 1712 1191; x_wconf 86' lang='lat' dir='ltr'><strong>imnis</strong></span> <span class='ocrx_word' id='word_1_146' title='bbox 1736 1145 1817 1193; x_wconf 79' lang='lat' dir='ltr'><strong>rento</strong></span> 
     </span>
     <span class='ocr_line' id='line_1_12' title="bbox 169 1217 1819 1295; baseline 0.003 -20"><span class='ocrx_word' id='word_1_147' title='bbox 169 1225 196 1275; x_wconf 92' lang='lat' dir='ltr'><strong>et</strong></span> <span class='ocrx_word' id='word_1_148' title='bbox 209 1217 365 1275; x_wconf 86' lang='lat' dir='ltr'><strong>illuminans</strong></span> <span class='ocrx_word' id='word_1_149' title='bbox 388 1219 513 1276; x_wconf 87' lang='lat' dir='ltr'><strong>tenebras</strong></span> <span class='ocrx_word' id='word_1_150' title='bbox 535 1227 652 1286; x_wconf 79' lang='lat' dir='ltr'><strong>nusum,</strong></span> <span class='ocrx_word' id='word_1_151' title='bbox 678 1227 707 1276; x_wconf 91' lang='lat' dir='ltr'><strong>ut</strong></span> <span class='ocrx_word' id='word_1_152' title='bbox 727 1220 784 1277; x_wconf 84' lang='lat' dir='ltr'><strong>sive</strong></span> <span class='ocrx_word' id='word_1_153' title='bbox 807 1236 890 1294; x_wconf 86' lang='lat' dir='ltr'><strong>euprs</strong></span> <span class='ocrx_word' id='word_1_154' title='bbox 904 1236 965 1291; x_wconf 88' lang='lat' dir='ltr'><strong>nos,</strong></span> <span class='ocrx_word' id='word_1_155' title='bbox 1019 1220 1132 1290; x_wconf 86' lang='lat' dir='ltr'><strong>iuberis,</strong></span> <span class='ocrx_word' id='word_1_156' title='bbox 1148 1229 1195 1278; x_wconf 90' lang='lat' dir='ltr'><strong>aut</strong></span> <span class='ocrx_word' id='word_1_157' title='bbox 1217 1233 1328 1280; x_wconf 84' lang='lat' dir='ltr'><strong>terrenae</strong></span> <span class='ocrx_word' id='word_1_158' title='bbox 1345 1223 1501 1295; x_wconf 74' lang='lat' dir='ltr'><strong>cupiditatis</strong></span> <span class='ocrx_word' id='word_1_159' title='bbox 1524 1238 1627 1280; x_wconf 87' lang='lat' dir='ltr'><strong>veneno</strong></span> <span class='ocrx_word' id='word_1_160' title='bbox 1641 1222 1773 1292; x_wconf 79' lang='lat' dir='ltr'><strong>inficeris,</strong></span> <span class='ocrx_word' id='word_1_161' title='bbox 1791 1235 1819 1281; x_wconf 85' lang='lat' dir='ltr'><strong>es</strong></span> 
     </span>
     <span class='ocr_line' id='line_1_13' title="bbox 170 1307 1543 1385; baseline 0.003 -23"><span class='ocrx_word' id='word_1_162' title='bbox 170 1308 228 1364; x_wconf 81' lang='lat' dir='ltr'><strong>sire</strong></span> <span class='ocrx_word' id='word_1_163' title='bbox 240 1307 313 1378; x_wconf 90' lang='lat' dir='ltr'><strong>apud</strong></span> <span class='ocrx_word' id='word_1_164' title='bbox 327 1322 387 1379; x_wconf 87' lang='lat' dir='ltr'><strong>nos,</strong></span> <span class='ocrx_word' id='word_1_165' title='bbox 410 1323 519 1378; x_wconf 86' lang='lat' dir='ltr'><strong>semper</strong></span> <span class='ocrx_word' id='word_1_166' title='bbox 540 1307 568 1363; x_wconf 89' lang='lat' dir='ltr'><strong>in</strong></span> <span class='ocrx_word' id='word_1_167' title='bbox 592 1307 662 1376; x_wconf 85' lang='lat' dir='ltr'><strong>lune,</strong></span> <span class='ocrx_word' id='word_1_168' title='bbox 673 1325 780 1378; x_wconf 83' lang='lat' dir='ltr'><strong>semper</strong></span> <span class='ocrx_word' id='word_1_169' title='bbox 793 1316 821 1364; x_wconf 95' lang='lat' dir='ltr'><strong>ut</strong></span> <span class='ocrx_word' id='word_1_170' title='bbox 833 1307 881 1368; x_wconf 85' lang='lat' dir='ltr'><strong>filii</strong></span> <span class='ocrx_word' id='word_1_171' title='bbox 897 1308 967 1367; x_wconf 89' lang='lat' dir='ltr'><strong>ineis</strong></span> <span class='ocrx_word' id='word_1_172' title='bbox 1019 1309 1110 1375; x_wconf 76' lang='lat' dir='ltr'><strong>lethali</strong></span> <span class='ocrx_word' id='word_1_173' title='bbox 1124 1319 1293 1384; x_wconf 75' lang='lat' dir='ltr'><strong>apostemate</strong></span> <span class='ocrx_word' id='word_1_174' title='bbox 1312 1319 1423 1385; x_wconf 79' lang='lat' dir='ltr'><strong>turgens</strong></span> <span class='ocrx_word' id='word_1_175' title='bbox 1438 1312 1543 1369; x_wconf 88' lang='lat' dir='ltr'><strong>interis.</strong></span> 
     </span>
     <span class='ocr_line' id='line_1_14' title="bbox 170 1394 1819 1474; baseline 0.005 -22"><span class='ocrx_word' id='word_1_176' title='bbox 170 1396 350 1452; x_wconf 75' lang='lat' dir='ltr'><strong>ambulemus.</strong></span> <span class='ocrx_word' id='word_1_177' title='bbox 360 1394 544 1454; x_wconf 78' lang='lat' dir='ltr'><strong>ireosirimus</strong></span> <span class='ocrx_word' id='word_1_178' title='bbox 554 1395 746 1470; x_wconf 65' lang='lat' dir='ltr'><strong>allegoriarum</strong></span> <span class='ocrx_word' id='word_1_179' title='bbox 766 1397 893 1464; x_wconf 77' lang='lat' dir='ltr'><strong>umbree3</strong></span> <span class='ocrx_word' id='word_1_180' title='bbox 905 1414 966 1456; x_wconf 83' lang='lat' dir='ltr'><strong>ven·</strong></span> <span class='ocrx_word' id='word_1_181' title='bbox 1055 1403 1082 1456; x_wconf 82' lang='grc'><strong>3.</strong></span> <span class='ocrx_word' id='word_1_182' title='bbox 1097 1399 1289 1471; x_wconf 80' lang='lat' dir='ltr'><strong>Quamobrem,</strong></span> <span class='ocrx_word' id='word_1_183' title='bbox 1305 1400 1328 1455; x_wconf 91' lang='lat' dir='ltr'><strong>si</strong></span> <span class='ocrx_word' id='word_1_184' title='bbox 1341 1401 1426 1472; x_wconf 88' lang='lat' dir='ltr'><strong>sepis,</strong></span> <span class='ocrx_word' id='word_1_185' title='bbox 1439 1401 1570 1459; x_wconf 81' lang='lat' dir='ltr'><strong>moelem</strong></span> <span class='ocrx_word' id='word_1_186' title='bbox 1585 1411 1611 1459; x_wconf 88' lang='lat' dir='ltr'><strong>te</strong></span> <span class='ocrx_word' id='word_1_187' title='bbox 1624 1401 1781 1474; x_wconf 69' lang='lat' dir='ltr'><strong>eshbsbis,</strong></span> <span class='ocrx_word' id='word_1_188' title='bbox 1792 1408 1819 1460; x_wconf 89' lang='lat' dir='ltr'><strong>et</strong></span> 
     </span>
     <span class='ocr_line' id='line_1_15' title="bbox 170 1483 1819 1563; baseline 0.005 -23"><span class='ocrx_word' id='word_1_189' title='bbox 170 1493 227 1541; x_wconf 87' lang='lat' dir='ltr'><strong>tum</strong></span> <span class='ocrx_word' id='word_1_190' title='bbox 244 1493 287 1541; x_wconf 86' lang='lat' dir='ltr'><strong>est</strong></span> <span class='ocrx_word' id='word_1_191' title='bbox 301 1485 335 1540; x_wconf 85' lang='lat' dir='ltr'><strong>ad</strong></span> <span class='ocrx_word' id='word_1_192' title='bbox 358 1483 511 1557; x_wconf 73' lang='lat' dir='ltr'><strong>indaganda</strong></span> <span class='ocrx_word' id='word_1_193' title='bbox 532 1485 653 1543; x_wconf 87' lang='lat' dir='ltr'><strong>moralis.</strong></span> <span class='ocrx_word' id='word_1_194' title='bbox 678 1484 819 1545; x_wconf 79' lang='lat' dir='ltr'><strong>AEdiiioste</strong></span> <span class='ocrx_word' id='word_1_195' title='bbox 832 1497 874 1544; x_wconf 85' lang='lat' dir='ltr'><strong>eet</strong></span> <span class='ocrx_word' id='word_1_196' title='bbox 886 1485 965 1554; x_wconf 82' lang='lat' dir='ltr'><strong>fides,</strong></span> <span class='ocrx_word' id='word_1_197' title='bbox 1020 1502 1074 1544; x_wconf 90' lang='lat' dir='ltr'><strong>non</strong></span> <span class='ocrx_word' id='word_1_198' title='bbox 1088 1488 1217 1551; x_wconf 84' lang='lat' dir='ltr'><strong>uanelem.</strong></span> <span class='ocrx_word' id='word_1_199' title='bbox 1233 1488 1284 1547; x_wconf 83' lang='lat' dir='ltr'><strong>ilie</strong></span> <span class='ocrx_word' id='word_1_200' title='bbox 1297 1489 1430 1562; x_wconf 82' lang='lat' dir='ltr'><strong>siquidem</strong></span> <span class='ocrx_word' id='word_1_201' title='bbox 1446 1505 1514 1561; x_wconf 89' lang='lat' dir='ltr'><strong>pene</strong></span> <span class='ocrx_word' id='word_1_202' title='bbox 1533 1490 1612 1546; x_wconf 85' lang='lat' dir='ltr'><strong>simul</strong></span> <span class='ocrx_word' id='word_1_203' title='bbox 1626 1492 1774 1563; x_wconf 85' lang='lat' dir='ltr'><strong>etrooipit,</strong></span> <span class='ocrx_word' id='word_1_204' title='bbox 1792 1501 1819 1549; x_wconf 90' lang='grc' dir='ltr'><strong>ιι</strong></span> 
     </span>
     <span class='ocr_line' id='line_1_16' title="bbox 169 1571 1820 1652; baseline 0.007 -26"><span class='ocrx_word' id='word_1_205' title='bbox 169 1574 320 1629; x_wconf 87' lang='lat' dir='ltr'><strong>instruatur</strong></span> <span class='ocrx_word' id='word_1_206' title='bbox 333 1571 404 1643; x_wconf 80' lang='lat' dir='ltr'><strong>vits3</strong></span> <span class='ocrx_word' id='word_1_207' title='bbox 418 1572 589 1639; x_wconf 75' lang='lat' dir='ltr'><strong>exercitales,</strong></span> <span class='ocrx_word' id='word_1_208' title='bbox 605 1584 647 1629; x_wconf 88' lang='grc' dir='ltr'><strong>ιιι</strong></span> <span class='ocrx_word' id='word_1_209' title='bbox 667 1572 832 1642; x_wconf 81' lang='lat' dir='ltr'><strong>intellectus,</strong></span> <span class='ocrx_word' id='word_1_210' title='bbox 844 1574 966 1637; x_wconf 65' lang='lat' dir='ltr'><strong>,metetur</strong></span> <span class='ocrx_word' id='word_1_211' title='bbox 1021 1576 1152 1645; x_wconf 87' lang='lat' dir='ltr'><strong>reinndit;</strong></span> <span class='ocrx_word' id='word_1_212' title='bbox 1169 1578 1214 1633; x_wconf 90' lang='lat' dir='ltr'><strong>iila</strong></span> <span class='ocrx_word' id='word_1_213' title='bbox 1235 1593 1301 1635; x_wconf 86' lang='lat' dir='ltr'><strong>vero</strong></span> <span class='ocrx_word' id='word_1_214' title='bbox 1324 1579 1412 1636; x_wconf 84' lang='lat' dir='ltr'><strong>donae</strong></span> <span class='ocrx_word' id='word_1_215' title='bbox 1436 1578 1591 1649; x_wconf 83' lang='lat' dir='ltr'><strong>impleatur,</strong></span> <span class='ocrx_word' id='word_1_216' title='bbox 1610 1589 1768 1652; x_wconf 58' lang='lat' dir='ltr'><strong>exspectan</strong></span> <span class='ocrx_word' id='word_1_217' title='bbox 1793 1591 1820 1640; x_wconf 91' lang='grc' dir='ltr'><strong>ιι</strong></span> 
     </span>
     <span class='ocr_line' id='line_1_17' title="bbox 169 1631 1818 1736; baseline 0.004 -18"><span class='ocrx_word' id='word_1_218' title='bbox 169 1667 247 1718; x_wconf 81' lang='lat' dir='ltr'><strong>setus</strong></span> <span class='ocrx_word' id='word_1_219' title='bbox 272 1660 366 1732; x_wconf 86' lang='lat' dir='ltr'><strong>(olins,</strong></span> <span class='ocrx_word' id='word_1_220' title='bbox 394 1660 496 1718; x_wconf 84' lang='lat' dir='ltr'><strong>ditetur</strong></span> <span class='ocrx_word' id='word_1_221' title='bbox 516 1662 614 1732; x_wconf 81' lang='grc' dir='ltr'>ιιιιιι).</span> <span class='ocrx_word' id='word_1_222' title='bbox 647 1661 785 1734; x_wconf 83' lang='lat' dir='ltr'><strong>Siquidem</strong></span> <span class='ocrx_word' id='word_1_223' title='bbox 815 1663 968 1721; x_wconf 80' lang='lat' dir='ltr'><strong>intellectus</strong></span> <span class='ocrx_word' id='word_1_224' title='bbox 983 1631 1007 1710; x_wconf 64' lang='grc' dir='ltr'><strong>Β</strong></span> <span class='ocrx_word' id='word_1_225' title='bbox 1023 1664 1147 1736; x_wconf 84' lang='lat' dir='ltr'><strong>siequod</strong></span> <span class='ocrx_word' id='word_1_226' title='bbox 1161 1665 1373 1736; x_wconf 84' lang='lat' dir='ltr'><strong>superabundat,</strong></span> <span class='ocrx_word' id='word_1_227' title='bbox 1395 1666 1455 1724; x_wconf 89' lang='lat' dir='ltr'><strong>sine</strong></span> <span class='ocrx_word' id='word_1_228' title='bbox 1480 1683 1529 1724; x_wconf 89' lang='lat' dir='ltr'><strong>suo</strong></span> <span class='ocrx_word' id='word_1_229' title='bbox 1544 1667 1643 1723; x_wconf 83' lang='lat' dir='ltr'><strong>damno</strong></span> <span class='ocrx_word' id='word_1_230' title='bbox 1662 1671 1818 1725; x_wconf 85' lang='lat' dir='ltr'><strong>eommuni-</strong></span> 
     </span>
     <span class='ocr_line' id='line_1_18' title="bbox 171 1747 1819 1828; baseline 0.006 -22"><span class='ocrx_word' id='word_1_231' title='bbox 171 1751 258 1806; x_wconf 87' lang='lat' dir='ltr'><strong>bonus</strong></span> <span class='ocrx_word' id='word_1_232' title='bbox 280 1747 404 1805; x_wconf 89' lang='lat' dir='ltr'><strong>omnibus</strong></span> <span class='ocrx_word' id='word_1_233' title='bbox 424 1747 586 1807; x_wconf 85' lang='lat' dir='ltr'><strong>lenientibus</strong></span> <span class='ocrx_word' id='word_1_234' title='bbox 607 1766 669 1806; x_wconf 88' lang='lat' dir='ltr'><strong>eum</strong></span> <span class='ocrx_word' id='word_1_235' title='bbox 690 1751 779 1821; x_wconf 82' lang='lat' dir='ltr'><strong>(Paul.</strong></span> <span class='ocrx_word' id='word_1_236' title='bbox 802 1767 851 1818; x_wconf 78' lang='lat' dir='ltr'><strong>ux,</strong></span> <span class='ocrx_word' id='word_1_237' title='bbox 873 1751 969 1824; x_wconf 66' lang='lat' dir='ltr'><strong>itini</strong></span> <span class='ocrx_word' id='word_1_238' title='bbox 1023 1753 1178 1823; x_wconf 63' lang='lat' dir='ltr'><strong>certesiensi</strong></span> <span class='ocrx_word' id='word_1_239' title='bbox 1192 1754 1361 1812; x_wconf 81' lang='lat' dir='ltr'><strong>maledictum</strong></span> <span class='ocrx_word' id='word_1_240' title='bbox 1383 1755 1429 1827; x_wconf 93' lang='lat' dir='ltr'><strong>qui</strong></span> <span class='ocrx_word' id='word_1_241' title='bbox 1451 1763 1554 1828; x_wconf 82' lang='lat' dir='ltr'><strong>purtem</strong></span> <span class='ocrx_word' id='word_1_242' title='bbox 1568 1772 1644 1812; x_wconf 90' lang='lat' dir='ltr'><strong>suem</strong></span> <span class='ocrx_word' id='word_1_243' title='bbox 1658 1757 1722 1816; x_wconf 83' lang='lat' dir='ltr'><strong>iecit</strong></span> <span class='ocrx_word' id='word_1_244' title='bbox 1738 1758 1819 1815; x_wconf 88' lang='lat' dir='ltr'><strong>dete·</strong></span> 
     </span>
     <span class='ocr_line' id='line_1_19' title="bbox 171 1835 1818 1916; baseline 0.008 -24"><span class='ocrx_word' id='word_1_245' title='bbox 171 1848 259 1893; x_wconf 85' lang='lat' dir='ltr'><strong>tamen</strong></span> <span class='ocrx_word' id='word_1_246' title='bbox 273 1843 396 1904; x_wconf 82' lang='lat' dir='ltr'><strong>elautus,</strong></span> <span class='ocrx_word' id='word_1_247' title='bbox 412 1845 440 1893; x_wconf 89' lang='lat' dir='ltr'><strong>et</strong></span> <span class='ocrx_word' id='word_1_248' title='bbox 457 1835 638 1910; x_wconf 69' lang='lat' dir='ltr'><strong>intelligentia</strong></span> <span class='ocrx_word' id='word_1_249' title='bbox 651 1836 806 1911; x_wconf 69' lang='lat' dir='ltr'><strong>dirigantur</strong></span> <span class='ocrx_word' id='word_1_250' title='bbox 820 1840 848 1897; x_wconf 91' lang='lat' dir='ltr'><strong>in</strong></span> <span class='ocrx_word' id='word_1_251' title='bbox 863 1839 968 1896; x_wconf 88' lang='lat' dir='ltr'><strong>laudem</strong></span> <span class='ocrx_word' id='word_1_252' title='bbox 1024 1843 1133 1900; x_wconf 83' lang='lat' dir='ltr'><strong>riorum.</strong></span> <span class='ocrx_word' id='word_1_253' title='bbox 1149 1845 1229 1900; x_wconf 82' lang='lat' dir='ltr'><strong>Eine</strong></span> <span class='ocrx_word' id='word_1_254' title='bbox 1246 1860 1335 1900; x_wconf 88' lang='lat' dir='ltr'><strong>meum</strong></span> <span class='ocrx_word' id='word_1_255' title='bbox 1351 1843 1494 1901; x_wconf 87' lang='lat' dir='ltr'><strong>eonsilium</strong></span> <span class='ocrx_word' id='word_1_256' title='bbox 1506 1845 1709 1916; x_wconf 73' lang='lat' dir='ltr'><strong>contemptibile</strong></span> <span class='ocrx_word' id='word_1_257' title='bbox 1722 1848 1818 1916; x_wconf 82' lang='lat' dir='ltr'><strong>deese,</strong></span> 
     </span>
     <span class='ocr_line' id='line_1_20' title="bbox 171 1924 1820 2009; baseline 0.009 -30"><span class='ocrx_word' id='word_1_258' title='bbox 171 1936 197 1982; x_wconf 86' lang='lat' dir='ltr'><strong>rt</strong></span> <span class='ocrx_word' id='word_1_259' title='bbox 209 1924 322 1998; x_wconf 75' lang='lat' dir='ltr'><strong>gloriam</strong></span> <span class='ocrx_word' id='word_1_260' title='bbox 333 1925 444 1983; x_wconf 48' lang='lat' dir='ltr'><strong>¹Domitii</strong></span> <span class='ocrx_word' id='word_1_261' title='bbox 459 1926 543 1983; x_wconf 85' lang='lat' dir='ltr'><strong>nostri</strong></span> <span class='ocrx_word' id='word_1_262' title='bbox 565 1925 633 1984; x_wconf 81' lang='lat' dir='ltr'><strong>iesu</strong></span> <span class='ocrx_word' id='word_1_263' title='bbox 646 1925 756 1996; x_wconf 86' lang='lat' dir='ltr'><strong>Christi,</strong></span> <span class='ocrx_word' id='word_1_264' title='bbox 773 1930 821 2002; x_wconf 91' lang='lat' dir='ltr'><strong>qui</strong></span> <span class='ocrx_word' id='word_1_265' title='bbox 832 1934 876 1985; x_wconf 86' lang='lat' dir='ltr'><strong>&#39;est</strong></span> <span class='ocrx_word' id='word_1_266' title='bbox 888 1944 970 2000; x_wconf 88' lang='lat' dir='ltr'><strong>super</strong></span> <span class='ocrx_word' id='word_1_267' title='bbox 1022 1933 1086 1989; x_wconf 91' lang='lat' dir='ltr'><strong>audi</strong></span> <span class='ocrx_word' id='word_1_268' title='bbox 1101 1933 1293 2005; x_wconf 77' lang='lat' dir='ltr'><strong>sapientiorem</strong></span> <span class='ocrx_word' id='word_1_269' title='bbox 1308 1949 1368 1991; x_wconf 86' lang='lat' dir='ltr'><strong>me:</strong></span> <span class='ocrx_word' id='word_1_270' title='bbox 1381 1935 1503 1999; x_wconf 85' lang='lat' dir='ltr'><strong>Stultus,</strong></span> <span class='ocrx_word' id='word_1_271' title='bbox 1514 1933 1551 1990; x_wconf 90' lang='lat' dir='ltr'><strong>ait</strong></span> <span class='ocrx_word' id='word_1_272' title='bbox 1564 1933 1701 2002; x_wconf 78' lang='lat' dir='ltr'><strong>sunnon,</strong></span> <span class='ocrx_word' id='word_1_273' title='bbox 1712 1942 1820 2009; x_wconf 67' lang='lat' dir='ltr'><strong>profert</strong></span> 
     </span>
     <span class='ocr_line' id='line_1_21' title="bbox 170 2014 1819 2098; baseline 0.005 -24"><span class='ocrx_word' id='word_1_274' title='bbox 170 2016 262 2074; x_wconf 81' lang='lat' dir='ltr'><strong>omnis</strong></span> <span class='ocrx_word' id='word_1_275' title='bbox 275 2016 349 2073; x_wconf 87' lang='lat' dir='ltr'><strong>Deus</strong></span> <span class='ocrx_word' id='word_1_276' title='bbox 362 2014 521 2072; x_wconf 76' lang='lat' dir='ltr'><strong>benedictus</strong></span> <span class='ocrx_word' id='word_1_277' title='bbox 535 2015 562 2071; x_wconf 90' lang='lat' dir='ltr'><strong>in</strong></span> <span class='ocrx_word' id='word_1_278' title='bbox 577 2015 685 2074; x_wconf 84' lang='lat' dir='ltr'><strong>saeonla.</strong></span> <span class='ocrx_word' id='word_1_279' title='bbox 702 2018 801 2073; x_wconf 81' lang='lat' dir='ltr'><strong>Arnen.</strong></span> <span class='ocrx_word' id='word_1_280' title='bbox 1024 2024 1569 2096; x_wconf 80' lang='lat' dir='ltr'><strong>totumspiritumsuumsimul,sopiens</strong></span> <span class='ocrx_word' id='word_1_281' title='bbox 1579 2029 1704 2082; x_wconf 82' lang='lat' dir='ltr'><strong>reservet</strong></span> <span class='ocrx_word' id='word_1_282' title='bbox 1715 2027 1819 2098; x_wconf 83' lang='lat' dir='ltr'><strong>isspos·</strong></span> 
     </span>
     <span class='ocr_line' id='line_1_22' title="bbox 453 2110 1820 2182; baseline 0.004 -17"><span class='ocrx_word' id='word_1_283' title='bbox 453 2121 570 2179; x_wconf 63' lang='lat' dir='ltr'><strong>spano</strong></span> <span class='ocrx_word' id='word_1_284' title='bbox 584 2122 682 2179; x_wconf 69' lang='lat' dir='ltr'><strong>xvffl,</strong></span> <span class='ocrx_word' id='word_1_285' title='bbox 1024 2115 1119 2169; x_wconf 86' lang='lat' dir='ltr'><strong>terum</strong></span> <span class='ocrx_word' id='word_1_286' title='bbox 1133 2110 1224 2182; x_wconf 74' lang='lat' dir='ltr'><strong>(Pron.</strong></span> <span class='ocrx_word' id='word_1_287' title='bbox 1237 2126 1312 2177; x_wconf 78' lang='lat' dir='ltr'><strong>xxix,</strong></span> <span class='ocrx_word' id='word_1_288' title='bbox 1325 2111 1379 2182; x_wconf 88' lang='lat' dir='ltr'><strong>ll).</strong></span> <span class='ocrx_word' id='word_1_289' title='bbox 1392 2111 1493 2167; x_wconf 81' lang='lat' dir='ltr'><strong>Verum</strong></span> <span class='ocrx_word' id='word_1_290' title='bbox 1508 2111 1615 2166; x_wconf 89' lang='lat' dir='ltr'><strong>oanales</strong></span> <span class='ocrx_word' id='word_1_291' title='bbox 1628 2111 1712 2168; x_wconf 90' lang='lat' dir='ltr'><strong>hodie</strong></span> <span class='ocrx_word' id='word_1_292' title='bbox 1725 2112 1757 2169; x_wconf 88' lang='lat' dir='ltr'><strong>in</strong></span> <span class='ocrx_word' id='word_1_293' title='bbox 1772 2114 1820 2171; x_wconf 84' lang='lat' dir='ltr'><strong>iio·</strong></span> 
     </span>
     <span class='ocr_line' id='line_1_23' title="bbox 171 2198 1818 2288; baseline -0.009 -15"><span class='ocrx_word' id='word_1_294' title='bbox 171 2219 208 2274; x_wconf 81' lang='lat' dir='ltr'><strong>lie</strong></span> <span class='ocrx_word' id='word_1_295' title='bbox 227 2214 333 2271; x_wconf 76' lang='lat' dir='ltr'><strong>duobus</strong></span> <span class='ocrx_word' id='word_1_296' title='bbox 351 2211 558 2284; x_wconf 74' lang='lat' dir='ltr'><strong>operationibus</strong></span> <span class='ocrx_word' id='word_1_297' title='bbox 584 2213 709 2286; x_wconf 84' lang='lat' dir='ltr'><strong>Spiritus</strong></span> <span class='ocrx_word' id='word_1_298' title='bbox 728 2215 832 2280; x_wconf 82' lang='lat' dir='ltr'><strong>suncti,</strong></span> <span class='ocrx_word' id='word_1_299' title='bbox 848 2231 969 2288; x_wconf 69' lang='lat' dir='ltr'><strong>querum</strong></span> <span class='ocrx_word' id='word_1_300' title='bbox 1023 2198 1106 2255; x_wconf 85' lang='lat' dir='ltr'><strong>ulesia</strong></span> <span class='ocrx_word' id='word_1_301' title='bbox 1134 2199 1231 2255; x_wconf 84' lang='lat' dir='ltr'><strong>multos</strong></span> <span class='ocrx_word' id='word_1_302' title='bbox 1259 2199 1400 2266; x_wconf 88' lang='lat' dir='ltr'><strong>habemns,</strong></span> <span class='ocrx_word' id='word_1_303' title='bbox 1428 2199 1546 2255; x_wconf 84' lang='lat' dir='ltr'><strong>conchas</strong></span> <span class='ocrx_word' id='word_1_304' title='bbox 1569 2215 1634 2255; x_wconf 86' lang='lat' dir='ltr'><strong>uero</strong></span> <span class='ocrx_word' id='word_1_305' title='bbox 1656 2215 1818 2272; x_wconf 82' lang='lat' dir='ltr'><strong>perpenses.</strong></span> 
     </span>
     <span class='ocr_line' id='line_1_24' title="bbox 289 2284 1819 2360; baseline 0.005 -18"><span class='ocrx_word' id='word_1_306' title='bbox 289 2300 349 2342; x_wconf 82' lang='lat' dir='ltr'><strong>urso</strong></span> <span class='ocrx_word' id='word_1_307' title='bbox 361 2288 478 2341; x_wconf 78' lang='lat' dir='ltr'><strong>vocetur</strong></span> <span class='ocrx_word' id='word_1_308' title='bbox 490 2284 605 2354; x_wconf 77' lang='lat' dir='ltr'><strong>essurio,</strong></span> <span class='ocrx_word' id='word_1_309' title='bbox 619 2288 647 2340; x_wconf 87' lang='lat' dir='ltr'><strong>et</strong></span> <span class='ocrx_word' id='word_1_310' title='bbox 656 2286 717 2341; x_wconf 84' lang='lat' dir='ltr'><strong>elin</strong></span> <span class='ocrx_word' id='word_1_311' title='bbox 729 2287 848 2357; x_wconf 76' lang='lat' dir='ltr'><strong>infusio.</strong></span> <span class='ocrx_word' id='word_1_312' title='bbox 1023 2288 1116 2344; x_wconf 83' lang='lat' dir='ltr'><strong>Tantae</strong></span> <span class='ocrx_word' id='word_1_313' title='bbox 1133 2287 1270 2345; x_wconf 86' lang='lat' dir='ltr'><strong>eharitatis</strong></span> <span class='ocrx_word' id='word_1_314' title='bbox 1284 2296 1348 2344; x_wconf 87' lang='lat' dir='ltr'><strong>sunt</strong></span> <span class='ocrx_word' id='word_1_315' title='bbox 1366 2302 1415 2360; x_wconf 91' lang='lat' dir='ltr'><strong>por</strong></span> <span class='ocrx_word' id='word_1_316' title='bbox 1436 2302 1506 2359; x_wconf 90' lang='lat' dir='ltr'><strong>quos</strong></span> <span class='ocrx_word' id='word_1_317' title='bbox 1528 2287 1607 2343; x_wconf 89' lang='lat' dir='ltr'><strong>uobis</strong></span> <span class='ocrx_word' id='word_1_318' title='bbox 1620 2288 1721 2347; x_wconf 88' lang='lat' dir='ltr'><strong>lluents</strong></span> <span class='ocrx_word' id='word_1_319' title='bbox 1739 2291 1819 2349; x_wconf 79' lang='lat' dir='ltr'><strong>orele</strong></span> 
     </span>
     <span class='ocr_line' id='line_1_25' title="bbox 208 2374 1817 2448; baseline 0.002 -18"><span class='ocrx_word' id='word_1_320' title='bbox 208 2379 233 2430; x_wconf 91' lang='lat' dir='ltr'><strong>l.</strong></span> <span class='ocrx_word' id='word_1_321' title='bbox 254 2374 351 2433; x_wconf 77' lang='lat' dir='ltr'><strong>oleum</strong></span> <span class='ocrx_word' id='word_1_322' title='bbox 376 2375 500 2445; x_wconf 70' lang='lat' dir='ltr'><strong>estruem</strong></span> <span class='ocrx_word' id='word_1_323' title='bbox 522 2389 627 2431; x_wconf 78' lang='lat' dir='ltr'><strong>nomeu</strong></span> <span class='ocrx_word' id='word_1_324' title='bbox 654 2379 740 2433; x_wconf 86' lang='lat' dir='ltr'><strong>tuum</strong></span> <span class='ocrx_word' id='word_1_325' title='bbox 767 2376 863 2447; x_wconf 76' lang='lat' dir='ltr'><strong>(Cant.</strong></span> <span class='ocrx_word' id='word_1_326' title='bbox 883 2390 904 2441; x_wconf 91' lang='grc' dir='ltr'><strong>ι,</strong></span> <span class='ocrx_word' id='word_1_327' title='bbox 929 2377 967 2446; x_wconf 77' lang='grc'><strong>2).</strong></span> <span class='ocrx_word' id='word_1_328' title='bbox 1023 2376 1206 2445; x_wconf 83' lang='lat' dir='ltr'><strong>suemenant,</strong></span> <span class='ocrx_word' id='word_1_329' title='bbox 1223 2384 1327 2434; x_wconf 85' lang='lat' dir='ltr'><strong>utente</strong></span> <span class='ocrx_word' id='word_1_330' title='bbox 1345 2374 1486 2433; x_wconf 89' lang='lat' dir='ltr'><strong>ellundere</strong></span> <span class='ocrx_word' id='word_1_331' title='bbox 1503 2390 1582 2448; x_wconf 87' lang='lat' dir='ltr'><strong>quem</strong></span> <span class='ocrx_word' id='word_1_332' title='bbox 1604 2375 1711 2433; x_wconf 84' lang='lat' dir='ltr'><strong>intendi</strong></span> <span class='ocrx_word' id='word_1_333' title='bbox 1726 2378 1817 2447; x_wconf 82' lang='lat' dir='ltr'><strong>velint,</strong></span> 
     </span>
     <span class='ocr_line' id='line_1_26' title="bbox 170 2460 1819 2537; baseline 0.002 -19"><span class='ocrx_word' id='word_1_334' title='bbox 170 2463 243 2534; x_wconf 79' lang='lat' dir='ltr'><strong>Qoid</strong></span> <span class='ocrx_word' id='word_1_335' title='bbox 266 2471 367 2519; x_wconf 79' lang='lat' dir='ltr'><strong>eertum</strong></span> <span class='ocrx_word' id='word_1_336' title='bbox 383 2460 552 2518; x_wconf 85' lang='lat' dir='ltr'><strong>demonstret</strong></span> <span class='ocrx_word' id='word_1_337' title='bbox 573 2462 691 2533; x_wconf 81' lang='lat' dir='ltr'><strong>Spiritus</strong></span> <span class='ocrx_word' id='word_1_338' title='bbox 709 2474 820 2520; x_wconf 80' lang='lat' dir='ltr'><strong>senetur</strong></span> <span class='ocrx_word' id='word_1_339' title='bbox 844 2463 924 2520; x_wconf 88' lang='lat' dir='ltr'><strong>nobis</strong></span> <span class='ocrx_word' id='word_1_340' title='bbox 942 2464 969 2519; x_wconf 93' lang='lat' dir='ltr'><strong>in</strong></span> <span class='ocrx_word' id='word_1_341' title='bbox 1024 2464 1099 2537; x_wconf 90' lang='lat' dir='ltr'><strong>loqui</strong></span> <span class='ocrx_word' id='word_1_342' title='bbox 1117 2479 1199 2533; x_wconf 83' lang='lat' dir='ltr'><strong>quem</strong></span> <span class='ocrx_word' id='word_1_343' title='bbox 1216 2463 1312 2520; x_wconf 90' lang='lat' dir='ltr'><strong>eudire</strong></span> <span class='ocrx_word' id='word_1_344' title='bbox 1342 2462 1500 2536; x_wconf 79' lang='lat' dir='ltr'><strong>paratiores,</strong></span> <span class='ocrx_word' id='word_1_345' title='bbox 1525 2469 1552 2518; x_wconf 90' lang='lat' dir='ltr'><strong>et</strong></span> <span class='ocrx_word' id='word_1_346' title='bbox 1578 2463 1696 2534; x_wconf 84' lang='lat' dir='ltr'><strong>prompti</strong></span> <span class='ocrx_word' id='word_1_347' title='bbox 1724 2466 1819 2522; x_wconf 84' lang='lat' dir='ltr'><strong>dooere</strong></span> 
     </span>
     <span class='ocr_line' id='line_1_27' title="bbox 172 2550 1817 2626; baseline 0.001 -18"><span class='ocrx_word' id='word_1_348' title='bbox 172 2553 251 2609; x_wconf 86' lang='lat' dir='ltr'><strong>nobis</strong></span> <span class='ocrx_word' id='word_1_349' title='bbox 264 2550 406 2608; x_wconf 76' lang='lat' dir='ltr'><strong>mesdeus</strong></span> <span class='ocrx_word' id='word_1_350' title='bbox 417 2551 499 2621; x_wconf 81' lang='lat' dir='ltr'><strong>hujus</strong></span> <span class='ocrx_word' id='word_1_351' title='bbox 512 2551 646 2621; x_wconf 81' lang='lat' dir='ltr'><strong>capitolii</strong></span> <span class='ocrx_word' id='word_1_352' title='bbox 659 2552 793 2619; x_wconf 82' lang='lat' dir='ltr'><strong>Proiecto,</strong></span> <span class='ocrx_word' id='word_1_353' title='bbox 810 2552 969 2623; x_wconf 87' lang='lat' dir='ltr'><strong>quod.inte·</strong></span> <span class='ocrx_word' id='word_1_354' title='bbox 1023 2551 1099 2626; x_wconf 85' lang='lat' dir='ltr'><strong>quod</strong></span> <span class='ocrx_word' id='word_1_355' title='bbox 1123 2568 1178 2608; x_wconf 93' lang='lat' dir='ltr'><strong>non</strong></span> <span class='ocrx_word' id='word_1_356' title='bbox 1196 2551 1357 2618; x_wconf 76' lang='lat' dir='ltr'><strong>didicerunt,</strong></span> <span class='ocrx_word' id='word_1_357' title='bbox 1379 2562 1406 2608; x_wconf 90' lang='lat' dir='ltr'><strong>et</strong></span> <span class='ocrx_word' id='word_1_358' title='bbox 1439 2550 1501 2608; x_wconf 92' lang='lat' dir='ltr'><strong>aliis</strong></span> <span class='ocrx_word' id='word_1_359' title='bbox 1525 2568 1642 2624; x_wconf 76' lang='lat' dir='ltr'><strong>praeesse</strong></span> <span class='ocrx_word' id='word_1_360' title='bbox 1659 2555 1817 2625; x_wconf 80' lang='lat' dir='ltr'><strong>gestientes,</strong></span> 
     </span>
     <span class='ocr_line' id='line_1_28' title="bbox 173 2639 1818 2715; baseline 0.001 -19"><span class='ocrx_word' id='word_1_361' title='bbox 173 2642 224 2697; x_wconf 89' lang='lat' dir='ltr'><strong>rim</strong></span> <span class='ocrx_word' id='word_1_362' title='bbox 250 2640 374 2709; x_wconf 84' lang='lat' dir='ltr'><strong>ooourrit,</strong></span> <span class='ocrx_word' id='word_1_363' title='bbox 404 2639 520 2711; x_wconf 75' lang='lat' dir='ltr'><strong>gemines</strong></span> <span class='ocrx_word' id='word_1_364' title='bbox 548 2640 689 2711; x_wconf 81' lang='lat' dir='ltr'><strong>cujusdem</strong></span> <span class='ocrx_word' id='word_1_365' title='bbox 714 2657 770 2696; x_wconf 73' lang='lat' dir='ltr'><strong>snei</strong></span> <span class='ocrx_word' id='word_1_366' title='bbox 801 2639 970 2713; x_wconf 55' lang='lat' dir='ltr'><strong>operationis</strong></span> <span class='ocrx_word' id='word_1_367' title='bbox 1024 2640 1071 2715; x_wconf 91' lang='lat' dir='ltr'><strong>qui</strong></span> <span class='ocrx_word' id='word_1_368' title='bbox 1093 2641 1198 2713; x_wconf 87' lang='lat' dir='ltr'><strong>seipsos</strong></span> <span class='ocrx_word' id='word_1_369' title='bbox 1213 2655 1308 2714; x_wconf 80' lang='lat' dir='ltr'><strong>regere</strong></span> <span class='ocrx_word' id='word_1_370' title='bbox 1327 2641 1460 2698; x_wconf 72' lang='lat' dir='ltr'><strong>nescium.</strong></span> <span class='ocrx_word' id='word_1_371' title='bbox 1476 2642 1536 2714; x_wconf 80' lang='lat' dir='ltr'><strong>Ego</strong></span> <span class='ocrx_word' id='word_1_372' title='bbox 1561 2640 1664 2696; x_wconf 91' lang='lat' dir='ltr'><strong>nullum</strong></span> <span class='ocrx_word' id='word_1_373' title='bbox 1687 2643 1722 2696; x_wconf 90' lang='lat' dir='ltr'><strong>ad</strong></span> <span class='ocrx_word' id='word_1_374' title='bbox 1745 2642 1818 2698; x_wconf 89' lang='lat' dir='ltr'><strong>selu·</strong></span> 
     </span>
     <span class='ocr_line' id='line_1_29' title="bbox 168 2724 1819 2802; baseline 0.001 -19"><span class='ocrx_word' id='word_1_375' title='bbox 168 2729 401 2802; x_wconf 65' lang='lat' dir='ltr'><strong>experimentum</strong></span> <span class='ocrx_word' id='word_1_376' title='bbox 417 2727 498 2784; x_wconf 89' lang='lat' dir='ltr'><strong>unius</strong></span> <span class='ocrx_word' id='word_1_377' title='bbox 518 2724 639 2796; x_wconf 85' lang='lat' dir='ltr'><strong>quidem,</strong></span> <span class='ocrx_word' id='word_1_378' title='bbox 654 2743 707 2798; x_wconf 90' lang='lat' dir='ltr'><strong>qua</strong></span> <span class='ocrx_word' id='word_1_379' title='bbox 731 2742 780 2782; x_wconf 85' lang='lat' dir='ltr'><strong>nos</strong></span> <span class='ocrx_word' id='word_1_380' title='bbox 795 2726 882 2798; x_wconf 85' lang='lat' dir='ltr'><strong>primo</strong></span> <span class='ocrx_word' id='word_1_381' title='bbox 899 2727 970 2782; x_wconf 88' lang='lat' dir='ltr'><strong>intus</strong></span> <span class='ocrx_word' id='word_1_382' title='bbox 1024 2739 1079 2786; x_wconf 88' lang='lat' dir='ltr'><strong>tom</strong></span> <span class='ocrx_word' id='word_1_383' title='bbox 1113 2728 1225 2800; x_wconf 90' lang='lat' dir='ltr'><strong>pietatis</strong></span> <span class='ocrx_word' id='word_1_384' title='bbox 1262 2729 1376 2801; x_wconf 81' lang='lat' dir='ltr'><strong>gradum</strong></span> <span class='ocrx_word' id='word_1_385' title='bbox 1406 2728 1445 2784; x_wconf 92' lang='lat' dir='ltr'><strong>illi</strong></span> <span class='ocrx_word' id='word_1_386' title='bbox 1477 2728 1574 2802; x_wconf 79' lang='lat' dir='ltr'><strong>gradui</strong></span> <span class='ocrx_word' id='word_1_387' title='bbox 1602 2731 1819 2800; x_wconf 87' lang='lat' dir='ltr'><strong>anteponendum</strong></span> 
     </span>
     <span class='ocr_line' id='line_1_30' title="bbox 170 2814 1820 2890; baseline 0.001 -16"><span class='ocrx_word' id='word_1_388' title='bbox 170 2818 315 2875; x_wconf 82' lang='lat' dir='ltr'><strong>uirtutibus</strong></span> <span class='ocrx_word' id='word_1_389' title='bbox 339 2816 435 2873; x_wconf 81' lang='lat' dir='ltr'><strong>solidet</strong></span> <span class='ocrx_word' id='word_1_390' title='bbox 461 2816 494 2870; x_wconf 87' lang='lat' dir='ltr'><strong>ed</strong></span> <span class='ocrx_word' id='word_1_391' title='bbox 518 2814 651 2881; x_wconf 78' lang='lat' dir='ltr'><strong>salutem3</strong></span> <span class='ocrx_word' id='word_1_392' title='bbox 677 2815 787 2871; x_wconf 83' lang='lat' dir='ltr'><strong>alterius</strong></span> <span class='ocrx_word' id='word_1_393' title='bbox 811 2831 889 2885; x_wconf 82' lang='lat' dir='ltr'><strong>vero,</strong></span> <span class='ocrx_word' id='word_1_394' title='bbox 918 2829 970 2887; x_wconf 92' lang='lat' dir='ltr'><strong>qua</strong></span> <span class='ocrx_word' id='word_1_395' title='bbox 1023 2817 1157 2885; x_wconf 80' lang='lat' dir='ltr'><strong>existimo,</strong></span> <span class='ocrx_word' id='word_1_396' title='bbox 1185 2832 1265 2888; x_wconf 87' lang='lat' dir='ltr'><strong>quern</strong></span> <span class='ocrx_word' id='word_1_397' title='bbox 1290 2816 1403 2890; x_wconf 88' lang='lat' dir='ltr'><strong>Sapiens</strong></span> <span class='ocrx_word' id='word_1_398' title='bbox 1427 2818 1529 2886; x_wconf 85' lang='lat' dir='ltr'><strong>posuit,</strong></span> <span class='ocrx_word' id='word_1_399' title='bbox 1545 2817 1638 2873; x_wconf 81' lang='lat' dir='ltr'><strong>disens</strong></span> <span class='ocrx_word' id='word_1_400' title='bbox 1664 2819 1820 2877; x_wconf 74' lang='lat' dir='ltr'><strong>:Miserere</strong></span> 
     </span>
     <span class='ocr_line' id='line_1_31' title="bbox 169 2903 1822 2988; baseline 0 -27"><span class='ocrx_word' id='word_1_401' title='bbox 169 2908 237 2964; x_wconf 88' lang='lat' dir='ltr'><strong>ioris</strong></span> <span class='ocrx_word' id='word_1_402' title='bbox 250 2921 356 2979; x_wconf 89' lang='lat' dir='ltr'><strong>quoque</strong></span> <span class='ocrx_word' id='word_1_403' title='bbox 368 2903 523 2960; x_wconf 85' lang='lat' dir='ltr'><strong>muneribus</strong></span> <span class='ocrx_word' id='word_1_404' title='bbox 533 2911 612 2958; x_wconf 84' lang='lat' dir='ltr'><strong>ornet</strong></span> <span class='ocrx_word' id='word_1_405' title='bbox 626 2905 660 2959; x_wconf 83' lang='lat' dir='ltr'><strong>ed</strong></span> <span class='ocrx_word' id='word_1_406' title='bbox 676 2903 788 2960; x_wconf 89' lang='lat' dir='ltr'><strong>luorum.</strong></span> <span class='ocrx_word' id='word_1_407' title='bbox 803 2904 865 2959; x_wconf 86' lang='lat' dir='ltr'><strong>lllas</strong></span> <span class='ocrx_word' id='word_1_408' title='bbox 881 2903 969 2973; x_wconf 85' lang='lat' dir='ltr'><strong>nobis,</strong></span> <span class='ocrx_word' id='word_1_409' title='bbox 984 2906 1008 2988; x_wconf 56' lang='grc' dir='ltr'><strong><em>Β</em></strong></span> <span class='ocrx_word' id='word_1_410' title='bbox 1022 2905 1129 2961; x_wconf 72' lang='lat' dir='ltr'><strong>nisime</strong></span> <span class='ocrx_word' id='word_1_411' title='bbox 1144 2910 1202 2961; x_wconf 84' lang='lat' dir='ltr'><strong>tuoe</strong></span> <span class='ocrx_word' id='word_1_412' title='bbox 1212 2906 1331 2976; x_wconf 77' lang='lat' dir='ltr'><strong>placens</strong></span> <span class='ocrx_word' id='word_1_413' title='bbox 1352 2907 1407 2961; x_wconf 86' lang='lat' dir='ltr'><strong>lieo</strong></span> <span class='ocrx_word' id='word_1_414' title='bbox 1427 2905 1523 2975; x_wconf 74' lang='lat' dir='ltr'><strong>(dccli.</strong></span> <span class='ocrx_word' id='word_1_415' title='bbox 1543 2921 1610 2973; x_wconf 80' lang='lat' dir='ltr'><strong>xxx,</strong></span> <span class='ocrx_word' id='word_1_416' title='bbox 1626 2907 1682 2977; x_wconf 82' lang='lat' dir='ltr'><strong>et).</strong></span> <span class='ocrx_word' id='word_1_417' title='bbox 1704 2904 1822 2973; x_wconf 86' lang='lat' dir='ltr'><strong>Quodsi</strong></span> 
     </span>
     <span class='ocr_line' id='line_1_32' title="bbox 171 2991 1822 3068; baseline 0.001 -20"><span class='ocrx_word' id='word_1_418' title='bbox 171 2996 229 3052; x_wconf 80' lang='lat' dir='ltr'><strong>lime</strong></span> <span class='ocrx_word' id='word_1_419' title='bbox 249 2995 352 3052; x_wconf 88' lang='lat' dir='ltr'><strong>uostris</strong></span> <span class='ocrx_word' id='word_1_420' title='bbox 373 2991 531 3064; x_wconf 76' lang='lat' dir='ltr'><strong>recipimus.</strong></span> <span class='ocrx_word' id='word_1_421' title='bbox 556 2992 642 3048; x_wconf 25' lang='lat' dir='ltr'><strong>,veihi</strong></span> <span class='ocrx_word' id='word_1_422' title='bbox 665 2994 770 3066; x_wconf 79' lang='lat' dir='ltr'><strong>qratia,</strong></span> <span class='ocrx_word' id='word_1_423' title='bbox 792 2991 870 3055; x_wconf 81' lang='lat' dir='ltr'><strong>tides,</strong></span> <span class='ocrx_word' id='word_1_424' title='bbox 895 3009 968 3063; x_wconf 86' lang='lat' dir='ltr'><strong>spes,</strong></span> <span class='ocrx_word' id='word_1_425' title='bbox 1023 3006 1077 3049; x_wconf 88' lang='lat' dir='ltr'><strong>nou</strong></span> <span class='ocrx_word' id='word_1_426' title='bbox 1091 2991 1181 3048; x_wconf 84' lang='lat' dir='ltr'><strong>habeo</strong></span> <span class='ocrx_word' id='word_1_427' title='bbox 1196 2992 1248 3047; x_wconf 90' lang='lat' dir='ltr'><strong>nisi</strong></span> <span class='ocrx_word' id='word_1_428' title='bbox 1264 3007 1410 3062; x_wconf 86' lang='lat' dir='ltr'><strong>parumper</strong></span> <span class='ocrx_word' id='word_1_429' title='bbox 1423 2992 1477 3048; x_wconf 89' lang='lat' dir='ltr'><strong>olei</strong></span> <span class='ocrx_word' id='word_1_430' title='bbox 1493 3009 1547 3064; x_wconf 95' lang='lat' dir='ltr'><strong>quo</strong></span> <span class='ocrx_word' id='word_1_431' title='bbox 1561 3010 1657 3068; x_wconf 72' lang='lat' dir='ltr'><strong>ungar,</strong></span> <span class='ocrx_word' id='word_1_432' title='bbox 1670 3002 1759 3064; x_wconf 86' lang='lat' dir='ltr'><strong>putes,</strong></span> <span class='ocrx_word' id='word_1_433' title='bbox 1773 2993 1822 3049; x_wconf 88' lang='lat' dir='ltr'><strong>libi</strong></span> 
     </span>
     <span class='ocr_line' id='line_1_33' title="bbox 170 3079 1825 3154; baseline 0 -16"><span class='ocrx_word' id='word_1_434' title='bbox 170 3084 288 3142; x_wconf 70' lang='lat' dir='ltr'><strong>obantes</strong></span> <span class='ocrx_word' id='word_1_435' title='bbox 300 3083 379 3141; x_wconf 78' lang='lat' dir='ltr'><strong>uobis</strong></span> <span class='ocrx_word' id='word_1_436' title='bbox 393 3091 504 3154; x_wconf 83' lang='lat' dir='ltr'><strong>propter</strong></span> <span class='ocrx_word' id='word_1_437' title='bbox 522 3096 572 3137; x_wconf 89' lang='lat' dir='ltr'><strong>noe</strong></span> <span class='ocrx_word' id='word_1_438' title='bbox 584 3082 683 3138; x_wconf 77' lang='grc' dir='ltr'>ιιιιιωι</span> <span class='ocrx_word' id='word_1_439' title='bbox 695 3099 702 3150; x_wconf 86' lang='grc'><strong>;</strong></span> <span class='ocrx_word' id='word_1_440' title='bbox 716 3082 820 3151; x_wconf 89' lang='lat' dir='ltr'><strong>absquo</strong></span> <span class='ocrx_word' id='word_1_441' title='bbox 833 3082 877 3136; x_wconf 90' lang='lat' dir='ltr'><strong>his</strong></span> <span class='ocrx_word' id='word_1_442' title='bbox 886 3081 969 3154; x_wconf 88' lang='lat' dir='ltr'><strong>quip·</strong></span> <span class='ocrx_word' id='word_1_443' title='bbox 1022 3081 1109 3137; x_wconf 88' lang='lat' dir='ltr'><strong>debeo</strong></span> <span class='ocrx_word' id='word_1_444' title='bbox 1122 3080 1196 3150; x_wconf 85' lang='lat' dir='ltr'><strong>dere,</strong></span> <span class='ocrx_word' id='word_1_445' title='bbox 1207 3087 1235 3135; x_wconf 90' lang='lat' dir='ltr'><strong>et</strong></span> <span class='ocrx_word' id='word_1_446' title='bbox 1244 3094 1386 3136; x_wconf 87' lang='lat' dir='ltr'><strong>remanere</strong></span> <span class='ocrx_word' id='word_1_447' title='bbox 1400 3079 1505 3134; x_wconf 78' lang='lat' dir='ltr'><strong>insulsi</strong></span> <span class='ocrx_word' id='word_1_448' title='bbox 1518 3080 1603 3136; x_wconf 76' lang='lat' dir='ltr'><strong>vao</strong></span> <span class='ocrx_word' id='word_1_449' title='bbox 1623 3081 1686 3135; x_wconf 88' lang='lat' dir='ltr'><strong>illud</strong></span> <span class='ocrx_word' id='word_1_450' title='bbox 1704 3081 1782 3147; x_wconf 85' lang='lat' dir='ltr'><strong>milri,</strong></span> <span class='ocrx_word' id='word_1_451' title='bbox 1797 3091 1825 3138; x_wconf 89' lang='lat' dir='ltr'><strong>et</strong></span> 
     </span>
     <span class='ocr_line' id='line_1_34' title="bbox 172 3165 1825 3245; baseline -0.004 -14"><span class='ocrx_word' id='word_1_452' title='bbox 172 3191 206 3245; x_wconf 85' lang='lat' dir='ltr'><strong>pe</strong></span> <span class='ocrx_word' id='word_1_453' title='bbox 220 3175 287 3231; x_wconf 74' lang='lat' dir='ltr'><strong>selei</strong></span> <span class='ocrx_word' id='word_1_454' title='bbox 303 3189 362 3228; x_wconf 86' lang='lat' dir='ltr'><strong>esse</strong></span> <span class='ocrx_word' id='word_1_455' title='bbox 374 3188 427 3226; x_wconf 87' lang='lat' dir='ltr'><strong>non</strong></span> <span class='ocrx_word' id='word_1_456' title='bbox 445 3186 599 3240; x_wconf 86' lang='lat' dir='ltr'><strong>possumus.</strong></span> <span class='ocrx_word' id='word_1_457' title='bbox 616 3171 697 3228; x_wconf 83' lang='lat' dir='ltr'><strong>Porro</strong></span> <span class='ocrx_word' id='word_1_458' title='bbox 712 3170 831 3228; x_wconf 83' lang='lat' dir='ltr'><strong>seientiae</strong></span> <span class='ocrx_word' id='word_1_459' title='bbox 850 3186 899 3228; x_wconf 85' lang='lat' dir='ltr'><strong>seu</strong></span> <span class='ocrx_word' id='word_1_460' title='bbox 922 3187 968 3226; x_wconf 86' lang='lat' dir='ltr'><strong>sa·</strong></span> <span class='ocrx_word' id='word_1_461' title='bbox 1022 3169 1133 3229; x_wconf 79' lang='lat' dir='ltr'><strong>omnino</strong></span> <span class='ocrx_word' id='word_1_462' title='bbox 1146 3168 1195 3228; x_wconf 75' lang='lat' dir='ltr'><strong>diei</strong></span> <span class='ocrx_word' id='word_1_463' title='bbox 1210 3167 1245 3223; x_wconf 86' lang='lat' dir='ltr'><strong>ad</strong></span> <span class='ocrx_word' id='word_1_464' title='bbox 1260 3167 1398 3238; x_wconf 77' lang='lat' dir='ltr'><strong>prophelae</strong></span> <span class='ocrx_word' id='word_1_465' title='bbox 1410 3165 1560 3237; x_wconf 84' lang='lat' dir='ltr'><strong>jussionem</strong></span> <span class='ocrx_word' id='word_1_466' title='bbox 1576 3181 1630 3221; x_wconf 88' lang='lat' dir='ltr'><strong>non</strong></span> <span class='ocrx_word' id='word_1_467' title='bbox 1651 3169 1773 3236; x_wconf 83' lang='lat' dir='ltr'><strong>profero.</strong></span> <span class='ocrx_word' id='word_1_468' title='bbox 1794 3171 1825 3227; x_wconf 89' lang='lat' dir='ltr'><strong>Si</strong></span> 
     </span>
     <span class='ocr_line' id='line_1_35' title="bbox 172 3252 1825 3332; baseline -0.002 -15"><span class='ocrx_word' id='word_1_469' title='bbox 172 3261 280 3332; x_wconf 76' lang='lat' dir='ltr'><strong>pientioe</strong></span> <span class='ocrx_word' id='word_1_470' title='bbox 291 3273 393 3328; x_wconf 78' lang='lat' dir='ltr'><strong>serino,</strong></span> <span class='ocrx_word' id='word_1_471' title='bbox 418 3258 505 3332; x_wconf 74' lang='lat' dir='ltr'><strong>qratia</strong></span> <span class='ocrx_word' id='word_1_472' title='bbox 527 3259 686 3320; x_wconf 79' lang='lat' dir='ltr'><strong>curationis,</strong></span> <span class='ocrx_word' id='word_1_473' title='bbox 712 3259 863 3330; x_wconf 82' lang='lat' dir='ltr'><strong>prophetie,</strong></span> <span class='ocrx_word' id='word_1_474' title='bbox 889 3260 967 3316; x_wconf 91' lang='lat' dir='ltr'><strong>simi·</strong></span> <span class='ocrx_word' id='word_1_475' title='bbox 1022 3257 1167 3315; x_wconf 84' lang='lat' dir='ltr'><strong>institerint</strong></span> <span class='ocrx_word' id='word_1_476' title='bbox 1188 3256 1336 3329; x_wconf 73' lang='lat' dir='ltr'><strong>rogitantes</strong></span> <span class='ocrx_word' id='word_1_477' title='bbox 1357 3255 1486 3326; x_wconf 83' lang='lat' dir='ltr'><strong>aliquiex</strong></span> <span class='ocrx_word' id='word_1_478' title='bbox 1511 3254 1562 3318; x_wconf 88' lang='lat' dir='ltr'><strong>bis,</strong></span> <span class='ocrx_word' id='word_1_479' title='bbox 1578 3257 1624 3326; x_wconf 89' lang='lat' dir='ltr'><strong>qni</strong></span> <span class='ocrx_word' id='word_1_480' title='bbox 1642 3252 1711 3310; x_wconf 83' lang='lat' dir='ltr'><strong>torte</strong></span> <span class='ocrx_word' id='word_1_481' title='bbox 1728 3259 1825 3316; x_wconf 81' lang='lat' dir='ltr'><strong>existi·</strong></span> 
     </span>
     <span class='ocr_line' id='line_1_36' title="bbox 170 3343 1825 3420; baseline -0.003 -18"><span class='ocrx_word' id='word_1_482' title='bbox 170 3351 268 3420; x_wconf 84' lang='lat' dir='ltr'><strong>lisque,</strong></span> <span class='ocrx_word' id='word_1_483' title='bbox 283 3347 383 3420; x_wconf 89' lang='lat' dir='ltr'><strong>quibus</strong></span> <span class='ocrx_word' id='word_1_484' title='bbox 405 3361 499 3402; x_wconf 86' lang='lat' dir='ltr'><strong>serere</strong></span> <span class='ocrx_word' id='word_1_485' title='bbox 520 3361 582 3402; x_wconf 73' lang='lat' dir='ltr'><strong>euru</strong></span> <span class='ocrx_word' id='word_1_486' title='bbox 607 3347 860 3418; x_wconf 77' lang='lat' dir='ltr'><strong>integritsteetiam</strong></span> <span class='ocrx_word' id='word_1_487' title='bbox 873 3348 969 3404; x_wconf 85' lang='lat' dir='ltr'><strong>salutis</strong></span> <span class='ocrx_word' id='word_1_488' title='bbox 1022 3346 1142 3403; x_wconf 87' lang='lat' dir='ltr'><strong>mnutde</strong></span> <span class='ocrx_word' id='word_1_489' title='bbox 1158 3360 1201 3401; x_wconf 82' lang='lat' dir='ltr'><strong>nie</strong></span> <span class='ocrx_word' id='word_1_490' title='bbox 1223 3358 1305 3414; x_wconf 85' lang='lat' dir='ltr'><strong>supra</strong></span> <span class='ocrx_word' id='word_1_491' title='bbox 1323 3343 1349 3403; x_wconf 86' lang='lat' dir='ltr'><strong>id</strong></span> <span class='ocrx_word' id='word_1_492' title='bbox 1369 3343 1442 3416; x_wconf 87' lang='lat' dir='ltr'><strong>qnod</strong></span> <span class='ocrx_word' id='word_1_493' title='bbox 1466 3343 1612 3398; x_wconf 72' lang='lat' dir='ltr'><strong>tridentin</strong></span> <span class='ocrx_word' id='word_1_494' title='bbox 1636 3358 1688 3406; x_wconf 88' lang='lat' dir='ltr'><strong>me,</strong></span> <span class='ocrx_word' id='word_1_495' title='bbox 1710 3354 1760 3409; x_wconf 84' lang='lat' dir='ltr'><strong>ans</strong></span> <span class='ocrx_word' id='word_1_496' title='bbox 1778 3364 1825 3404; x_wconf 80' lang='lat' dir='ltr'><strong>au·</strong></span> 
     </span>
     <span class='ocr_line' id='line_1_37' title="bbox 170 3430 1822 3506; baseline 0 -16"><span class='ocrx_word' id='word_1_497' title='bbox 170 3435 287 3506; x_wconf 84' lang='lat' dir='ltr'><strong>proprioe</strong></span> <span class='ocrx_word' id='word_1_498' title='bbox 316 3448 471 3504; x_wconf 69' lang='lat' dir='ltr'><strong>possum,</strong></span> <span class='ocrx_word' id='word_1_499' title='bbox 499 3434 685 3505; x_wconf 80' lang='lat' dir='ltr'><strong>prosimomm</strong></span> <span class='ocrx_word' id='word_1_500' title='bbox 711 3435 805 3505; x_wconf 84' lang='lat' dir='ltr'><strong>procul</strong></span> <span class='ocrx_word' id='word_1_501' title='bbox 833 3435 915 3492; x_wconf 89' lang='lat' dir='ltr'><strong>dubio</strong></span> <span class='ocrx_word' id='word_1_502' title='bbox 940 3436 967 3491; x_wconf 89' lang='lat' dir='ltr'><strong>in</strong></span> <span class='ocrx_word' id='word_1_503' title='bbox 1022 3433 1101 3497; x_wconf 89' lang='lat' dir='ltr'><strong>diunt</strong></span> <span class='ocrx_word' id='word_1_504' title='bbox 1112 3432 1214 3506; x_wconf 81' lang='lat' dir='ltr'><strong>aliquid</strong></span> <span class='ocrx_word' id='word_1_505' title='bbox 1228 3449 1262 3491; x_wconf 83' lang='lat' dir='ltr'><strong>er</strong></span> <span class='ocrx_word' id='word_1_506' title='bbox 1279 3447 1331 3500; x_wconf 89' lang='lat' dir='ltr'><strong>me,</strong></span> <span class='ocrx_word' id='word_1_507' title='bbox 1344 3430 1548 3504; x_wconf 81' lang='lat' dir='ltr'><strong>respondebitur</strong></span> <span class='ocrx_word' id='word_1_508' title='bbox 1559 3432 1666 3489; x_wconf 60' lang='lat' dir='ltr'><strong>erube</strong></span> <span class='ocrx_word' id='word_1_509' title='bbox 1672 3435 1751 3502; x_wconf 69' lang='lat' dir='ltr'><strong>sorte</strong></span> <span class='ocrx_word' id='word_1_510' title='bbox 1767 3453 1822 3494; x_wconf 76' lang='lat' dir='ltr'><strong>raon</strong></span> 
     </span>
     <span class='ocr_line' id='line_1_38' title="bbox 170 3520 1822 3595; baseline 0.001 -16"><span class='ocrx_word' id='word_1_511' title='bbox 170 3522 284 3579; x_wconf 69' lang='lat' dir='ltr'><strong>minum</strong></span> <span class='ocrx_word' id='word_1_512' title='bbox 311 3521 487 3595; x_wconf 82' lang='lat' dir='ltr'><strong>expendenda</strong></span> <span class='ocrx_word' id='word_1_513' title='bbox 508 3521 669 3579; x_wconf 80' lang='lat' dir='ltr'><strong>beentur.</strong></span> <span class='ocrx_word' id='word_1_514' title='bbox 708 3521 740 3576; x_wconf 84' lang='lat' dir='ltr'><strong>Et</strong></span> <span class='ocrx_word' id='word_1_515' title='bbox 765 3521 817 3579; x_wconf 82' lang='lat' dir='ltr'><strong>lise</strong></span> <span class='ocrx_word' id='word_1_516' title='bbox 851 3520 969 3592; x_wconf 79' lang='lat' dir='ltr'><strong>Spiritus</strong></span> <span class='ocrx_word' id='word_1_517' title='bbox 1021 3524 1149 3593; x_wconf 72' lang='lat' dir='ltr'><strong>sufficiat</strong></span> <span class='ocrx_word' id='word_1_518' title='bbox 1163 3524 1240 3581; x_wconf 80' lang='lat' dir='ltr'><strong>uobis</strong></span> <span class='ocrx_word' id='word_1_519' title='bbox 1255 3525 1283 3579; x_wconf 87' lang='lat' dir='ltr'><strong>et</strong></span> <span class='ocrx_word' id='word_1_520' title='bbox 1297 3521 1384 3591; x_wconf 61' lang='lat' dir='ltr'><strong>nobb,</strong></span> <span class='ocrx_word' id='word_1_521' title='bbox 1403 3523 1442 3578; x_wconf 86' lang='lat' dir='ltr'><strong>ite</strong></span> <span class='ocrx_word' id='word_1_522' title='bbox 1456 3522 1551 3594; x_wconf 87' lang='lat' dir='ltr'><strong>potius</strong></span> <span class='ocrx_word' id='word_1_523' title='bbox 1566 3521 1602 3577; x_wconf 86' lang='lat' dir='ltr'><strong>ad</strong></span> <span class='ocrx_word' id='word_1_524' title='bbox 1617 3521 1780 3590; x_wconf 82' lang='lat' dir='ltr'><strong>uendentes,</strong></span> <span class='ocrx_word' id='word_1_525' title='bbox 1793 3529 1822 3581; x_wconf 85' lang='lat' dir='ltr'><strong>et</strong></span> 
     </span>
     <span class='ocr_line' id='line_1_39' title="bbox 170 3607 1818 3685; baseline 0 -17"><span class='ocrx_word' id='word_1_526' title='bbox 170 3613 254 3668; x_wconf 72' lang='lat' dir='ltr'><strong>senui</strong></span> <span class='ocrx_word' id='word_1_527' title='bbox 274 3610 456 3684; x_wconf 85' lang='lat' dir='ltr'><strong>operstiones,</strong></span> <span class='ocrx_word' id='word_1_528' title='bbox 479 3626 552 3683; x_wconf 84' lang='lat' dir='ltr'><strong>qens</strong></span> <span class='ocrx_word' id='word_1_529' title='bbox 574 3612 614 3665; x_wconf 81' lang='lat' dir='ltr'><strong>sel</strong></span> <span class='ocrx_word' id='word_1_530' title='bbox 635 3607 775 3672; x_wconf 78' lang='lat' dir='ltr'><strong>innubis,</strong></span> <span class='ocrx_word' id='word_1_531' title='bbox 797 3609 838 3664; x_wconf 82' lang='lat' dir='ltr'><strong>vel</strong></span> <span class='ocrx_word' id='word_1_532' title='bbox 858 3609 886 3666; x_wconf 89' lang='lat' dir='ltr'><strong>in</strong></span> <span class='ocrx_word' id='word_1_533' title='bbox 909 3609 969 3664; x_wconf 87' lang='lat' dir='ltr'><strong>aliie</strong></span> <span class='ocrx_word' id='word_1_534' title='bbox 1023 3613 1108 3672; x_wconf 81' lang='lat' dir='ltr'><strong>emite</strong></span> <span class='ocrx_word' id='word_1_535' title='bbox 1131 3613 1204 3671; x_wconf 67' lang='lat' dir='ltr'><strong>nolu</strong></span> <span class='ocrx_word' id='word_1_536' title='bbox 1218 3607 1329 3682; x_wconf 69' lang='lat' dir='ltr'><strong>(bottis.</strong></span> <span class='ocrx_word' id='word_1_537' title='bbox 1352 3627 1413 3679; x_wconf 80' lang='lat' dir='ltr'><strong>sss,</strong></span> <span class='ocrx_word' id='word_1_538' title='bbox 1437 3611 1475 3681; x_wconf 79' lang='grc' dir='ltr'><strong>ι).</strong></span> <span class='ocrx_word' id='word_1_539' title='bbox 1491 3609 1544 3665; x_wconf 91' lang='lat' dir='ltr'><strong>Sed</strong></span> <span class='ocrx_word' id='word_1_540' title='bbox 1568 3610 1705 3675; x_wconf 76' lang='lat' dir='ltr'><strong>ebaritas,</strong></span> <span class='ocrx_word' id='word_1_541' title='bbox 1721 3609 1818 3685; x_wconf 83' lang='lat' dir='ltr'><strong>inquis,</strong></span> 
     </span>
     <span class='ocr_line' id='line_1_40' title="bbox 171 3696 1816 3773; baseline -0.002 -17"><span class='ocrx_word' id='word_1_542' title='bbox 171 3701 384 3772; x_wconf 83' lang='lat' dir='ltr'><strong>experimur,.ut</strong></span> <span class='ocrx_word' id='word_1_543' title='bbox 397 3714 429 3755; x_wconf 84' lang='lat' dir='ltr'><strong>es</strong></span> <span class='ocrx_word' id='word_1_544' title='bbox 448 3715 479 3755; x_wconf 86' lang='lat' dir='ltr'><strong>re</strong></span> <span class='ocrx_word' id='word_1_545' title='bbox 497 3697 606 3757; x_wconf 89' lang='lat' dir='ltr'><strong>nomina</strong></span> <span class='ocrx_word' id='word_1_546' title='bbox 626 3697 770 3768; x_wconf 85' lang='lat' dir='ltr'><strong>seeipiant,</strong></span> <span class='ocrx_word' id='word_1_547' title='bbox 794 3696 968 3763; x_wconf 87' lang='lat' dir='ltr'><strong>inlusionem,</strong></span> <span class='ocrx_word' id='word_1_548' title='bbox 1024 3718 1082 3760; x_wconf 76' lang='lat' dir='ltr'><strong>uon</strong></span> <span class='ocrx_word' id='word_1_549' title='bbox 1095 3701 1198 3773; x_wconf 67' lang='lat' dir='ltr'><strong>quierit</strong></span> <span class='ocrx_word' id='word_1_550' title='bbox 1208 3716 1270 3772; x_wconf 83' lang='lat' dir='ltr'><strong>quoe</strong></span> <span class='ocrx_word' id='word_1_551' title='bbox 1283 3716 1339 3756; x_wconf 85' lang='lat' dir='ltr'><strong>sue</strong></span> <span class='ocrx_word' id='word_1_552' title='bbox 1353 3704 1422 3756; x_wconf 84' lang='lat' dir='ltr'><strong>seret</strong></span> <span class='ocrx_word' id='word_1_553' title='bbox 1434 3702 1458 3768; x_wconf 85' lang='lat' dir='ltr'><strong>(l</strong></span> <span class='ocrx_word' id='word_1_554' title='bbox 1472 3699 1532 3756; x_wconf 86' lang='lat' dir='ltr'><strong>Cor.</strong></span> <span class='ocrx_word' id='word_1_555' title='bbox 1552 3713 1610 3770; x_wconf 82' lang='grc' dir='ltr'>ιιιι,</span> <span class='ocrx_word' id='word_1_556' title='bbox 1625 3699 1663 3769; x_wconf 81' lang='lat' dir='ltr'><strong>b).</strong></span> <span class='ocrx_word' id='word_1_557' title='bbox 1674 3697 1711 3752; x_wconf 86' lang='lat' dir='ltr'><strong>lit</strong></span> <span class='ocrx_word' id='word_1_558' title='bbox 1725 3706 1757 3756; x_wconf 90' lang='lat' dir='ltr'><strong>tn</strong></span> <span class='ocrx_word' id='word_1_559' title='bbox 1767 3699 1816 3756; x_wconf 88' lang='lat' dir='ltr'><strong>seis</strong></span> 
     </span>
     <span class='ocr_line' id='line_1_41' title="bbox 172 3787 1819 3861; baseline 0.001 -18"><span class='ocrx_word' id='word_1_560' title='bbox 172 3791 398 3861; x_wconf 64' lang='lat' dir='ltr'><strong>ephesumque</strong></span> <span class='ocrx_word' id='word_1_561' title='bbox 415 3787 577 3845; x_wconf 85' lang='lat' dir='ltr'><strong>eliusionenr</strong></span> <span class='ocrx_word' id='word_1_562' title='bbox 592 3787 905 3845; x_wconf 70' lang='lat' dir='ltr'><strong>neminemneculmn</strong></span> <span class='ocrx_word' id='word_1_563' title='bbox 918 3802 970 3859; x_wconf 80' lang='lat' dir='ltr'><strong>eqo</strong></span> <span class='ocrx_word' id='word_1_564' title='bbox 1023 3806 1105 3861; x_wconf 83' lang='lat' dir='ltr'><strong>quem</strong></span> <span class='ocrx_word' id='word_1_565' title='bbox 1119 3789 1245 3848; x_wconf 78' lang='lat' dir='ltr'><strong>obrem?</strong></span> <span class='ocrx_word' id='word_1_566' title='bbox 1260 3802 1313 3844; x_wconf 90' lang='lat' dir='ltr'><strong>non</strong></span> <span class='ocrx_word' id='word_1_567' title='bbox 1334 3789 1435 3860; x_wconf 78' lang='lat' dir='ltr'><strong>qum-is</strong></span> <span class='ocrx_word' id='word_1_568' title='bbox 1453 3803 1515 3859; x_wconf 87' lang='lat' dir='ltr'><strong>quae</strong></span> <span class='ocrx_word' id='word_1_569' title='bbox 1536 3795 1600 3843; x_wconf 86' lang='lat' dir='ltr'><strong>sunt</strong></span> <span class='ocrx_word' id='word_1_570' title='bbox 1618 3803 1677 3853; x_wconf 89' lang='lat' dir='ltr'><strong>sue,</strong></span> <span class='ocrx_word' id='word_1_571' title='bbox 1702 3789 1819 3859; x_wconf 84' lang='lat' dir='ltr'><strong>protento</strong></span> 
     </span>
     <span class='ocr_line' id='line_1_42' title="bbox 172 3875 1821 3951; baseline -0.003 -15"><span class='ocrx_word' id='word_1_572' title='bbox 172 3879 662 3951; x_wconf 73' lang='lat' dir='ltr'><strong>lurumoonseuitzdisumessusum</strong></span> <span class='ocrx_word' id='word_1_573' title='bbox 671 3878 971 3939; x_wconf 81' lang='lat' dir='ltr'><strong>uomeetuuthoo·</strong></span> <span class='ocrx_word' id='word_1_574' title='bbox 1024 3880 1167 3951; x_wconf 86' lang='lat' dir='ltr'><strong>quianon</strong></span> <span class='ocrx_word' id='word_1_575' title='bbox 1195 3878 1304 3935; x_wconf 83' lang='lat' dir='ltr'><strong>desunt.</strong></span> <span class='ocrx_word' id='word_1_576' title='bbox 1330 3876 1462 3946; x_wconf 77' lang='lat' dir='ltr'><strong>Quisnam</strong></span> <span class='ocrx_word' id='word_1_577' title='bbox 1490 3885 1594 3950; x_wconf 82' lang='lat' dir='ltr'><strong>qureret</strong></span> <span class='ocrx_word' id='word_1_578' title='bbox 1619 3875 1692 3948; x_wconf 92' lang='lat' dir='ltr'><strong>quod</strong></span> <span class='ocrx_word' id='word_1_579' title='bbox 1719 3877 1821 3934; x_wconf 75' lang='grc' dir='ltr'>ιιιιιιιι</span> 
     </span>
     <span class='ocr_line' id='line_1_43' title="bbox 172 3965 1823 4039; baseline -0.002 -14"><span class='ocrx_word' id='word_1_580' title='bbox 172 3984 208 4025; x_wconf 89' lang='lat' dir='ltr'><strong>oe</strong></span> <span class='ocrx_word' id='word_1_581' title='bbox 222 3967 444 4025; x_wconf 72' lang='lat' dir='ltr'><strong>ebusiouitliarn</strong></span> <span class='ocrx_word' id='word_1_582' title='bbox 458 3969 492 4024; x_wconf 90' lang='lat' dir='ltr'><strong>de</strong></span> <span class='ocrx_word' id='word_1_583' title='bbox 506 3966 767 4025; x_wconf 77' lang='lat' dir='ltr'><strong>inlasioueinlusum</strong></span> <span class='ocrx_word' id='word_1_584' title='bbox 780 3968 879 4038; x_wconf 82' lang='lat' dir='ltr'><strong>potine,</strong></span> <span class='ocrx_word' id='word_1_585' title='bbox 889 3983 970 4039; x_wconf 85' lang='lat' dir='ltr'><strong>quem</strong></span> <span class='ocrx_word' id='word_1_586' title='bbox 1025 3966 1146 4027; x_wconf 80' lang='lat' dir='ltr'><strong>Charites</strong></span> <span class='ocrx_word' id='word_1_587' title='bbox 1159 3982 1220 4038; x_wconf 82' lang='lat' dir='ltr'><strong>qum</strong></span> <span class='ocrx_word' id='word_1_588' title='bbox 1234 3981 1285 4024; x_wconf 89' lang='lat' dir='ltr'><strong>sus</strong></span> <span class='ocrx_word' id='word_1_589' title='bbox 1303 3975 1375 4031; x_wconf 83' lang='lat' dir='ltr'><strong>eunt,</strong></span> <span class='ocrx_word' id='word_1_590' title='bbox 1391 3965 1418 4021; x_wconf 89' lang='lat' dir='ltr'><strong>id</strong></span> <span class='ocrx_word' id='word_1_591' title='bbox 1436 3981 1477 4021; x_wconf 86' lang='grc' dir='ltr'><strong>ιιι</strong></span> <span class='ocrx_word' id='word_1_592' title='bbox 1502 3965 1617 4037; x_wconf 84' lang='lat' dir='ltr'><strong>propriae</strong></span> <span class='ocrx_word' id='word_1_593' title='bbox 1632 3965 1711 4022; x_wconf 82' lang='lat' dir='ltr'><strong>minii</strong></span> <span class='ocrx_word' id='word_1_594' title='bbox 1726 3981 1823 4023; x_wconf 84' lang='lat' dir='ltr'><strong>neees-</strong></span> 
     </span>
     <span class='ocr_line' id='line_1_44' title="bbox 171 4055 1823 4130; baseline -0.002 -18"><span class='ocrx_word' id='word_1_595' title='bbox 171 4057 289 4121; x_wconf 81' lang='lat' dir='ltr'><strong>eiiussm</strong></span> <span class='ocrx_word' id='word_1_596' title='bbox 302 4056 416 4115; x_wconf 67' lang='lat' dir='ltr'><strong>dishset</strong></span> <span class='ocrx_word' id='word_1_597' title='bbox 439 4058 525 4127; x_wconf 72' lang='lat' dir='ltr'><strong>(lit).</strong></span> <span class='ocrx_word' id='word_1_598' title='bbox 550 4056 722 4130; x_wconf 82' lang='lat' dir='ltr'><strong>Deniqnoolr</strong></span> <span class='ocrx_word' id='word_1_599' title='bbox 743 4057 842 4114; x_wconf 85' lang='lat' dir='ltr'><strong>bouum</strong></span> <span class='ocrx_word' id='word_1_600' title='bbox 857 4056 969 4114; x_wconf 86' lang='lat' dir='ltr'><strong>odorem</strong></span> <span class='ocrx_word' id='word_1_601' title='bbox 1026 4057 1108 4125; x_wconf 86' lang='lat' dir='ltr'><strong>seris,</strong></span> <span class='ocrx_word' id='word_1_602' title='bbox 1131 4069 1269 4127; x_wconf 79' lang='lat' dir='ltr'><strong>nunquam</strong></span> <span class='ocrx_word' id='word_1_603' title='bbox 1293 4068 1347 4110; x_wconf 89' lang='lat' dir='ltr'><strong>non</strong></span> <span class='ocrx_word' id='word_1_604' title='bbox 1371 4055 1463 4122; x_wconf 79' lang='lat' dir='ltr'><strong>hebet3</strong></span> <span class='ocrx_word' id='word_1_605' title='bbox 1490 4069 1538 4110; x_wconf 89' lang='lat' dir='ltr'><strong>uec</strong></span> <span class='ocrx_word' id='word_1_606' title='bbox 1562 4056 1644 4110; x_wconf 87' lang='lat' dir='ltr'><strong>modo</strong></span> <span class='ocrx_word' id='word_1_607' title='bbox 1665 4055 1758 4122; x_wconf 63' lang='lat' dir='ltr'><strong>habu,</strong></span> <span class='ocrx_word' id='word_1_608' title='bbox 1776 4056 1823 4108; x_wconf 81' lang='lat' dir='ltr'><strong>ue</strong></span> 
     </span>
     <span class='ocr_line' id='line_1_45' title="bbox 173 4142 1824 4263; baseline -0.004 -60"><span class='ocrx_word' id='word_1_609' title='bbox 173 4147 287 4203; x_wconf 84' lang='lat' dir='ltr'><strong>nbemm</strong></span> <span class='ocrx_word' id='word_1_610' title='bbox 298 4145 470 4203; x_wconf 77' lang='lat' dir='ltr'><strong>extrinsecus</strong></span> <span class='ocrx_word' id='word_1_611' title='bbox 491 4145 673 4217; x_wconf 81' lang='lat' dir='ltr'><strong>perfusorum,</strong></span> <span class='ocrx_word' id='word_1_612' title='bbox 689 4146 724 4200; x_wconf 90' lang='lat' dir='ltr'><strong>ait</strong></span> <span class='ocrx_word' id='word_1_613' title='bbox 735 4160 856 4217; x_wconf 84' lang='lat' dir='ltr'><strong>sponsa:</strong></span> <span class='ocrx_word' id='word_1_614' title='bbox 873 4145 970 4204; x_wconf 78' lang='lat' dir='ltr'><strong>Oleum</strong></span> <span class='ocrx_word' id='word_1_615' title='bbox 984 4184 1009 4263; x_wconf 60' lang='grc' dir='ltr'><strong>υ</strong></span> <span class='ocrx_word' id='word_1_616' title='bbox 1026 4147 1105 4201; x_wconf 91' lang='lat' dir='ltr'><strong>etiam</strong></span> <span class='ocrx_word' id='word_1_617' title='bbox 1120 4145 1250 4203; x_wconf 82' lang='lat' dir='ltr'><strong>abundat.</strong></span> <span class='ocrx_word' id='word_1_618' title='bbox 1270 4143 1332 4198; x_wconf 81' lang='lat' dir='ltr'><strong>Vult</strong></span> <span class='ocrx_word' id='word_1_619' title='bbox 1347 4142 1485 4200; x_wconf 73' lang='lat' dir='ltr'><strong>abundare</strong></span> <span class='ocrx_word' id='word_1_620' title='bbox 1497 4142 1559 4207; x_wconf 88' lang='lat' dir='ltr'><strong>sibi,</strong></span> <span class='ocrx_word' id='word_1_621' title='bbox 1576 4152 1604 4198; x_wconf 89' lang='grc' dir='ltr'><strong>ιιι</strong></span> <span class='ocrx_word' id='word_1_622' title='bbox 1619 4143 1704 4213; x_wconf 87' lang='lat' dir='ltr'><strong>possit</strong></span> <span class='ocrx_word' id='word_1_623' title='bbox 1717 4150 1747 4197; x_wconf 87' lang='lat' dir='ltr'><strong>et</strong></span> <span class='ocrx_word' id='word_1_624' title='bbox 1761 4157 1824 4198; x_wconf 89' lang='lat' dir='ltr'><strong>om-</strong></span> 
     </span>
     <span class='ocr_line' id='line_1_46' title="bbox 172 4229 1824 4306; baseline -0.004 -14"><span class='ocrx_word' id='word_1_625' title='bbox 172 4239 297 4306; x_wconf 67' lang='lat' dir='ltr'><strong>effusoris</strong></span> <span class='ocrx_word' id='word_1_626' title='bbox 310 4239 525 4302; x_wconf 72' lang='lat' dir='ltr'><strong>summissos,-</strong></span> <span class='ocrx_word' id='word_1_627' title='bbox 539 4233 679 4292; x_wconf 74' lang='lat' dir='ltr'><strong>nseribens</strong></span> <span class='ocrx_word' id='word_1_628' title='bbox 694 4235 783 4306; x_wconf 90' lang='lat' dir='ltr'><strong>ipsum</strong></span> <span class='ocrx_word' id='word_1_629' title='bbox 796 4233 910 4293; x_wconf 86' lang='lat' dir='ltr'><strong>odorem</strong></span> <span class='ocrx_word' id='word_1_630' title='bbox 922 4249 970 4288; x_wconf 89' lang='lat' dir='ltr'><strong>no-</strong></span> <span class='ocrx_word' id='word_1_631' title='bbox 1025 4232 1119 4299; x_wconf 85' lang='lat' dir='ltr'><strong>oibns;</strong></span> <span class='ocrx_word' id='word_1_632' title='bbox 1130 4239 1221 4288; x_wconf 81' lang='lat' dir='ltr'><strong>servet</strong></span> <span class='ocrx_word' id='word_1_633' title='bbox 1236 4230 1285 4286; x_wconf 87' lang='lat' dir='ltr'><strong>sibi</strong></span> <span class='ocrx_word' id='word_1_634' title='bbox 1299 4239 1430 4302; x_wconf 89' lang='lat' dir='ltr'><strong>quantum</strong></span> <span class='ocrx_word' id='word_1_635' title='bbox 1441 4229 1570 4295; x_wconf 83' lang='lat' dir='ltr'><strong>suiiiniat,</strong></span> <span class='ocrx_word' id='word_1_636' title='bbox 1583 4240 1612 4287; x_wconf 90' lang='lat' dir='ltr'><strong>ut</strong></span> <span class='ocrx_word' id='word_1_637' title='bbox 1624 4230 1692 4286; x_wconf 89' lang='lat' dir='ltr'><strong>nulli</strong></span> <span class='ocrx_word' id='word_1_638' title='bbox 1705 4229 1824 4287; x_wconf 77' lang='lat' dir='ltr'><strong>deficiet.</strong></span> 
     </span>
     <span class='ocr_line' id='line_1_47' title="bbox 174 4318 1680 4394; baseline -0.001 -18"><span class='ocrx_word' id='word_1_639' title='bbox 174 4324 238 4378; x_wconf 78' lang='lat' dir='ltr'><strong>sisini</strong></span> <span class='ocrx_word' id='word_1_640' title='bbox 258 4322 361 4394; x_wconf 73' lang='lat' dir='ltr'><strong>sponsi,</strong></span> <span class='ocrx_word' id='word_1_641' title='bbox 381 4333 506 4394; x_wconf 70' lang='lat' dir='ltr'><strong>tanlquam</strong></span> <span class='ocrx_word' id='word_1_642' title='bbox 528 4325 590 4379; x_wconf 89' lang='lat' dir='ltr'><strong>oleo</strong></span> <span class='ocrx_word' id='word_1_643' title='bbox 614 4320 704 4379; x_wconf 83' lang='lat' dir='ltr'><strong>eiiuso</strong></span> <span class='ocrx_word' id='word_1_644' title='bbox 727 4337 809 4391; x_wconf 89' lang='lat' dir='ltr'><strong>super</strong></span> <span class='ocrx_word' id='word_1_645' title='bbox 832 4320 925 4380; x_wconf 84' lang='lat' dir='ltr'><strong>ubere.</strong></span> <span class='ocrx_word' id='word_1_646' title='bbox 939 4320 973 4378; x_wconf 82' lang='lat' dir='ltr'><strong>its</strong></span> <span class='ocrx_word' id='word_1_647' title='bbox 1024 4320 1152 4391; x_wconf 77' lang='lat' dir='ltr'><strong>¹Alioquin</strong></span> <span class='ocrx_word' id='word_1_648' title='bbox 1165 4320 1188 4376; x_wconf 88' lang='lat' dir='ltr'><strong>si</strong></span> <span class='ocrx_word' id='word_1_649' title='bbox 1201 4318 1278 4389; x_wconf 88' lang='lat' dir='ltr'><strong>plena</strong></span> <span class='ocrx_word' id='word_1_650' title='bbox 1291 4334 1344 4374; x_wconf 89' lang='lat' dir='ltr'><strong>non</strong></span> <span class='ocrx_word' id='word_1_651' title='bbox 1359 4330 1411 4390; x_wconf 87' lang='lat' dir='ltr'><strong>ost,</strong></span> <span class='ocrx_word' id='word_1_652' title='bbox 1427 4320 1546 4392; x_wconf 83' lang='lat' dir='ltr'><strong>perlecta</strong></span> <span class='ocrx_word' id='word_1_653' title='bbox 1560 4335 1614 4375; x_wconf 91' lang='lat' dir='ltr'><strong>non</strong></span> <span class='ocrx_word' id='word_1_654' title='bbox 1628 4329 1680 4377; x_wconf 88' lang='lat' dir='ltr'><strong>ost.</strong></span> 
     </span>
     <span class='ocr_line' id='line_1_48' title="bbox 173 4406 1824 4485; baseline -0.002 -17"><span class='ocrx_word' id='word_1_655' title='bbox 173 4412 325 4485; x_wconf 78' lang='lat' dir='ltr'><strong>quiemique</strong></span> <span class='ocrx_word' id='word_1_656' title='bbox 334 4426 446 4467; x_wconf 85' lang='lat' dir='ltr'><strong>munere</strong></span> <span class='ocrx_word' id='word_1_657' title='bbox 454 4411 549 4483; x_wconf 72' lang='lat' dir='ltr'><strong>gretie</strong></span> <span class='ocrx_word' id='word_1_658' title='bbox 556 4411 697 4467; x_wconf 81' lang='lat' dir='ltr'><strong>exterioris</strong></span> <span class='ocrx_word' id='word_1_659' title='bbox 718 4409 859 4482; x_wconf 75' lang='lat' dir='ltr'><strong>perfusum</strong></span> <span class='ocrx_word' id='word_1_660' title='bbox 875 4411 971 4481; x_wconf 83' lang='lat' dir='ltr'><strong>(elios.</strong></span> <span class='ocrx_word' id='word_1_661' title='bbox 1062 4411 1089 4465; x_wconf 82' lang='grc' dir='ltr'><strong>ι.</strong></span> <span class='ocrx_word' id='word_1_662' title='bbox 1105 4408 1238 4466; x_wconf 78' lang='lat' dir='ltr'><strong>Gestarum</strong></span> <span class='ocrx_word' id='word_1_663' title='bbox 1252 4413 1292 4477; x_wconf 80' lang='lat' dir='ltr'><strong>tu,</strong></span> <span class='ocrx_word' id='word_1_664' title='bbox 1308 4406 1400 4475; x_wconf 83' lang='lat' dir='ltr'><strong>iretur,</strong></span> <span class='ocrx_word' id='word_1_665' title='bbox 1416 4409 1461 4466; x_wconf 81' lang='lat' dir='ltr'><strong>eui</strong></span> <span class='ocrx_word' id='word_1_666' title='bbox 1477 4407 1554 4464; x_wconf 85' lang='lat' dir='ltr'><strong>firma</strong></span> <span class='ocrx_word' id='word_1_667' title='bbox 1568 4409 1632 4464; x_wconf 85' lang='lat' dir='ltr'><strong>setis</strong></span> <span class='ocrx_word' id='word_1_668' title='bbox 1650 4406 1764 4479; x_wconf 87' lang='lat' dir='ltr'><strong>propris</strong></span> <span class='ocrx_word' id='word_1_669' title='bbox 1778 4422 1824 4464; x_wconf 84' lang='lat' dir='ltr'><strong>ss·</strong></span> 
     </span>
     <span class='ocr_line' id='line_1_49' title="bbox 175 4496 1824 4572; baseline 0.001 -16"><span class='ocrx_word' id='word_1_670' title='bbox 175 4499 310 4572; x_wconf 72' lang='lat' dir='ltr'><strong>pertundi)</strong></span> <span class='ocrx_word' id='word_1_671' title='bbox 324 4515 355 4557; x_wconf 89' lang='lat' dir='ltr'><strong>se</strong></span> <span class='ocrx_word' id='word_1_672' title='bbox 369 4499 463 4564; x_wconf 87' lang='lat' dir='ltr'><strong>sentit,</strong></span> <span class='ocrx_word' id='word_1_673' title='bbox 479 4515 532 4571; x_wconf 93' lang='lat' dir='ltr'><strong>quo</strong></span> <span class='ocrx_word' id='word_1_674' title='bbox 545 4513 572 4555; x_wconf 88' lang='grc' dir='ltr'><strong>ιι</strong></span> <span class='ocrx_word' id='word_1_675' title='bbox 594 4499 652 4570; x_wconf 89' lang='lat' dir='ltr'><strong>ipse</strong></span> <span class='ocrx_word' id='word_1_676' title='bbox 674 4498 736 4555; x_wconf 88' lang='lat' dir='ltr'><strong>eliis</strong></span> <span class='ocrx_word' id='word_1_677' title='bbox 747 4497 891 4555; x_wconf 86' lang='lat' dir='ltr'><strong>retundere</strong></span> <span class='ocrx_word' id='word_1_678' title='bbox 906 4513 971 4569; x_wconf 90' lang='lat' dir='ltr'><strong>pos·</strong></span> <span class='ocrx_word' id='word_1_679' title='bbox 1025 4499 1068 4552; x_wconf 89' lang='lat' dir='ltr'><strong>lus</strong></span> <span class='ocrx_word' id='word_1_680' title='bbox 1086 4498 1205 4556; x_wconf 87' lang='lat' dir='ltr'><strong>noudum</strong></span> <span class='ocrx_word' id='word_1_681' title='bbox 1229 4506 1277 4560; x_wconf 84' lang='lat' dir='ltr'><strong>est,</strong></span> <span class='ocrx_word' id='word_1_682' title='bbox 1296 4496 1339 4552; x_wconf 84' lang='lat' dir='ltr'><strong>eui</strong></span> <span class='ocrx_word' id='word_1_683' title='bbox 1363 4498 1481 4554; x_wconf 79' lang='lat' dir='ltr'><strong>ebaritas</strong></span> <span class='ocrx_word' id='word_1_684' title='bbox 1503 4497 1592 4554; x_wconf 90' lang='lat' dir='ltr'><strong>adhue</strong></span> <span class='ocrx_word' id='word_1_685' title='bbox 1613 4507 1659 4552; x_wconf 88' lang='lat' dir='ltr'><strong>aus</strong></span> <span class='ocrx_word' id='word_1_686' title='bbox 1680 4496 1758 4552; x_wconf 80' lang='lat' dir='ltr'><strong>uelle</strong></span> <span class='ocrx_word' id='word_1_687' title='bbox 1773 4505 1824 4558; x_wconf 89' lang='lat' dir='ltr'><strong>est.</strong></span> 
     </span>
     <span class='ocr_line' id='line_1_50' title="bbox 174 4585 1825 4660; baseline -0.003 -15"><span class='ocrx_word' id='word_1_688' title='bbox 174 4590 315 4660; x_wconf 85' lang='lat' dir='ltr'><strong>sit,otism</strong></span> <span class='ocrx_word' id='word_1_689' title='bbox 331 4590 393 4645; x_wconf 81' lang='lat' dir='ltr'><strong>luris</strong></span> <span class='ocrx_word' id='word_1_690' title='bbox 414 4588 507 4645; x_wconf 76' lang='lat' dir='ltr'><strong>dicero</strong></span> <span class='ocrx_word' id='word_1_691' title='bbox 528 4596 589 4646; x_wconf 88' lang='lat' dir='ltr'><strong>eet:</strong></span> <span class='ocrx_word' id='word_1_692' title='bbox 616 4590 713 4648; x_wconf 78' lang='lat' dir='ltr'><strong>Oeam</strong></span> <span class='ocrx_word' id='word_1_693' title='bbox 730 4590 973 4660; x_wconf 76' lang='lat' dir='ltr'><strong>essesumnomerr</strong></span> <span class='ocrx_word' id='word_1_694' title='bbox 1025 4594 1072 4642; x_wconf 88' lang='lat' dir='ltr'><strong>aut</strong></span> <span class='ocrx_word' id='word_1_695' title='bbox 1091 4586 1159 4642; x_wconf 88' lang='lat' dir='ltr'><strong>eden</strong></span> <span class='ocrx_word' id='word_1_696' title='bbox 1182 4595 1375 4658; x_wconf 81' lang='lat' dir='ltr'><strong>tenerentque</strong></span> <span class='ocrx_word' id='word_1_697' title='bbox 1403 4585 1560 4656; x_wconf 75' lang='lat' dir='ltr'><strong>remedium,</strong></span> <span class='ocrx_word' id='word_1_698' title='bbox 1589 4594 1725 4658; x_wconf 90' lang='lat' dir='ltr'><strong>quatenus</strong></span> <span class='ocrx_word' id='word_1_699' title='bbox 1753 4585 1825 4643; x_wconf 84' lang='lat' dir='ltr'><strong>ossei</strong></span> 
     </span>
     <span class='ocr_line' id='line_1_51' title="bbox 176 4672 1825 4743; baseline 0.002 -15"><span class='ocrx_word' id='word_1_700' title='bbox 176 4684 270 4737; x_wconf 66' lang='lat' dir='ltr'><strong>taum.</strong></span> <span class='ocrx_word' id='word_1_701' title='bbox 1026 4673 1101 4730; x_wconf 85' lang='lat' dir='ltr'><strong>lletui</strong></span> <span class='ocrx_word' id='word_1_702' title='bbox 1121 4675 1210 4739; x_wconf 87' lang='lat' dir='ltr'><strong>oedat,</strong></span> <span class='ocrx_word' id='word_1_703' title='bbox 1224 4674 1298 4729; x_wconf 90' lang='lat' dir='ltr'><strong>omui</strong></span> <span class='ocrx_word' id='word_1_704' title='bbox 1316 4672 1408 4729; x_wconf 87' lang='lat' dir='ltr'><strong>eredat</strong></span> <span class='ocrx_word' id='word_1_705' title='bbox 1422 4673 1539 4743; x_wconf 82' lang='lat' dir='ltr'><strong>spiritui,</strong></span> <span class='ocrx_word' id='word_1_706' title='bbox 1559 4675 1633 4731; x_wconf 88' lang='lat' dir='ltr'><strong>omni</strong></span> <span class='ocrx_word' id='word_1_707' title='bbox 1653 4673 1825 4731; x_wconf 79' lang='lat' dir='ltr'><strong>circumiera-</strong></span> 
     </span>
     <span class='ocr_line' id='line_1_52' title="bbox 212 4761 1828 4837; baseline -0.005 -14"><span class='ocrx_word' id='word_1_708' title='bbox 212 4771 238 4823; x_wconf 75' lang='lat' dir='ltr'><strong>t.</strong></span> <span class='ocrx_word' id='word_1_709' title='bbox 254 4767 307 4823; x_wconf 89' lang='lat' dir='ltr'><strong>Sed</strong></span> <span class='ocrx_word' id='word_1_710' title='bbox 321 4767 545 4825; x_wconf 71' lang='lat' dir='ltr'><strong>neemvsudum</strong></span> <span class='ocrx_word' id='word_1_711' title='bbox 561 4766 588 4822; x_wconf 90' lang='lat' dir='ltr'><strong>in</strong></span> <span class='ocrx_word' id='word_1_712' title='bbox 601 4768 655 4834; x_wconf 83' lang='lat' dir='ltr'><strong>liis,</strong></span> <span class='ocrx_word' id='word_1_713' title='bbox 668 4771 716 4824; x_wconf 80' lang='lat' dir='ltr'><strong>lust</strong></span> <span class='ocrx_word' id='word_1_714' title='bbox 730 4764 880 4837; x_wconf 84' lang='lat' dir='ltr'><strong>darequod</strong></span> <span class='ocrx_word' id='word_1_715' title='bbox 894 4765 974 4822; x_wconf 90' lang='lat' dir='ltr'><strong>nobis</strong></span> <span class='ocrx_word' id='word_1_716' title='bbox 1029 4775 1069 4818; x_wconf 87' lang='lat' dir='ltr'><strong>tur</strong></span> <span class='ocrx_word' id='word_1_717' title='bbox 1084 4771 1164 4819; x_wconf 87' lang='lat' dir='ltr'><strong>vento</strong></span> <span class='ocrx_word' id='word_1_718' title='bbox 1188 4761 1332 4833; x_wconf 80' lang='lat' dir='ltr'><strong>doctrinae3</strong></span> <span class='ocrx_word' id='word_1_719' title='bbox 1352 4764 1406 4818; x_wconf 95' lang='lat' dir='ltr'><strong>imo</strong></span> <span class='ocrx_word' id='word_1_720' title='bbox 1426 4764 1468 4818; x_wconf 90' lang='lat' dir='ltr'><strong>oui</strong></span> <span class='ocrx_word' id='word_1_721' title='bbox 1492 4763 1609 4819; x_wconf 87' lang='lat' dir='ltr'><strong>ebaritas</strong></span> <span class='ocrx_word' id='word_1_722' title='bbox 1632 4770 1705 4819; x_wconf 85' lang='lat' dir='ltr'><strong>tants</strong></span> <span class='ocrx_word' id='word_1_723' title='bbox 1727 4773 1779 4829; x_wconf 86' lang='lat' dir='ltr'><strong>est,</strong></span> <span class='ocrx_word' id='word_1_724' title='bbox 1800 4769 1828 4816; x_wconf 87' lang='lat' dir='ltr'><strong>nt</strong></span> 
     </span>
     <span class='ocr_line' id='line_1_53' title="bbox 176 4850 1825 4928; baseline -0.004 -16"><span class='ocrx_word' id='word_1_725' title='bbox 176 4856 345 4928; x_wconf 80' lang='lat' dir='ltr'><strong>soeepisus3</strong></span> <span class='ocrx_word' id='word_1_726' title='bbox 361 4864 409 4917; x_wconf 83' lang='lat' dir='ltr'><strong>est</strong></span> <span class='ocrx_word' id='word_1_727' title='bbox 429 4859 504 4927; x_wconf 92' lang='lat' dir='ltr'><strong>quod</strong></span> <span class='ocrx_word' id='word_1_728' title='bbox 525 4862 693 4926; x_wconf 75' lang='lat' dir='ltr'><strong>erogandum</strong></span> <span class='ocrx_word' id='word_1_729' title='bbox 719 4854 883 4922; x_wconf 85' lang='lat' dir='ltr'><strong>eooepimus,</strong></span> <span class='ocrx_word' id='word_1_730' title='bbox 908 4855 974 4913; x_wconf 86' lang='lat' dir='ltr'><strong>reti·</strong></span> <span class='ocrx_word' id='word_1_731' title='bbox 1028 4853 1096 4908; x_wconf 92' lang='lat' dir='ltr'><strong>ultra</strong></span> <span class='ocrx_word' id='word_1_732' title='bbox 1123 4850 1278 4908; x_wconf 81' lang='lat' dir='ltr'><strong>insudatum</strong></span> <span class='ocrx_word' id='word_1_733' title='bbox 1306 4852 1416 4923; x_wconf 89' lang='lat' dir='ltr'><strong>quinem</strong></span> <span class='ocrx_word' id='word_1_734' title='bbox 1439 4851 1537 4925; x_wconf 75' lang='lat' dir='ltr'><strong>diligas</strong></span> <span class='ocrx_word' id='word_1_735' title='bbox 1566 4851 1721 4922; x_wconf 81' lang='lat' dir='ltr'><strong>proximum</strong></span> <span class='ocrx_word' id='word_1_736' title='bbox 1752 4861 1825 4907; x_wconf 89' lang='lat' dir='ltr'><strong>tuum</strong></span> 
     </span>
     <span class='ocr_line' id='line_1_54' title="bbox 177 4939 1826 5016; baseline -0.004 -17"><span class='ocrx_word' id='word_1_737' title='bbox 177 4959 252 5001; x_wconf 84' lang='lat' dir='ltr'><strong>uere.</strong></span> <span class='ocrx_word' id='word_1_738' title='bbox 278 4945 343 5002; x_wconf 77' lang='lat' dir='ltr'><strong>ileos</strong></span> <span class='ocrx_word' id='word_1_739' title='bbox 364 4944 483 5016; x_wconf 83' lang='lat' dir='ltr'><strong>protento</strong></span> <span class='ocrx_word' id='word_1_740' title='bbox 512 4943 628 5014; x_wconf 85' lang='lat' dir='ltr'><strong>prosimi</strong></span> <span class='ocrx_word' id='word_1_741' title='bbox 655 4941 754 4999; x_wconf 88' lang='lat' dir='ltr'><strong>retines</strong></span> <span class='ocrx_word' id='word_1_742' title='bbox 777 4940 838 5013; x_wconf 87' lang='lat' dir='ltr'><strong>sibi,</strong></span> <span class='ocrx_word' id='word_1_743' title='bbox 859 4941 883 5001; x_wconf 88' lang='lat' dir='ltr'><strong>si</strong></span> <span class='ocrx_word' id='word_1_744' title='bbox 902 4943 974 4998; x_wconf 83' lang='lat' dir='ltr'><strong>verbi</strong></span> <span class='ocrx_word' id='word_1_745' title='bbox 1031 4941 1089 5009; x_wconf 90' lang='lat' dir='ltr'><strong>plus</strong></span> <span class='ocrx_word' id='word_1_746' title='bbox 1105 4954 1188 5011; x_wconf 84' lang='lat' dir='ltr'><strong>quem</strong></span> <span class='ocrx_word' id='word_1_747' title='bbox 1211 4939 1350 5010; x_wconf 87' lang='lat' dir='ltr'><strong>teipsum:</strong></span> <span class='ocrx_word' id='word_1_748' title='bbox 1371 4948 1399 4996; x_wconf 90' lang='grc' dir='ltr'><strong>ιι</strong></span> <span class='ocrx_word' id='word_1_749' title='bbox 1422 4956 1530 4996; x_wconf 93' lang='lat' dir='ltr'><strong>rursum</strong></span> <span class='ocrx_word' id='word_1_750' title='bbox 1554 4939 1666 5006; x_wconf 86' lang='lat' dir='ltr'><strong>tantille,</strong></span> <span class='ocrx_word' id='word_1_751' title='bbox 1684 4947 1713 4995; x_wconf 91' lang='lat' dir='ltr'><strong>ut</strong></span> <span class='ocrx_word' id='word_1_752' title='bbox 1733 4949 1826 4995; x_wconf 82' lang='lat' dir='ltr'><strong>sonim</strong></span> 
     </span>
     <span class='ocr_line' id='line_1_55' title="bbox 167 5025 1828 5104; baseline -0.003 -17"><span class='ocrx_word' id='word_1_753' title='bbox 167 5049 258 5089; x_wconf 77' lang='lat' dir='ltr'><strong>:musa</strong></span> <span class='ocrx_word' id='word_1_754' title='bbox 273 5033 519 5104; x_wconf 83' lang='lat' dir='ltr'><strong>plenueuirtntibns</strong></span> <span class='ocrx_word' id='word_1_755' title='bbox 533 5047 595 5088; x_wconf 90' lang='lat' dir='ltr'><strong>oum</strong></span> <span class='ocrx_word' id='word_1_756' title='bbox 605 5030 655 5096; x_wconf 91' lang='lat' dir='ltr'><strong>sis,</strong></span> <span class='ocrx_word' id='word_1_757' title='bbox 669 5030 787 5102; x_wconf 86' lang='lat' dir='ltr'><strong>lorisque</strong></span> <span class='ocrx_word' id='word_1_758' title='bbox 801 5029 976 5087; x_wconf 86' lang='lat' dir='ltr'><strong>nihilomiuus</strong></span> <span class='ocrx_word' id='word_1_759' title='bbox 1031 5027 1184 5084; x_wconf 77' lang='lat' dir='ltr'><strong>mandatnm</strong></span> <span class='ocrx_word' id='word_1_760' title='bbox 1208 5025 1296 5083; x_wconf 73' lang='lat' dir='ltr'><strong>livore</strong></span> <span class='ocrx_word' id='word_1_761' title='bbox 1314 5026 1456 5099; x_wconf 83' lang='lat' dir='ltr'><strong>liquescet,</strong></span> <span class='ocrx_word' id='word_1_762' title='bbox 1468 5044 1570 5101; x_wconf 84' lang='lat' dir='ltr'><strong>perere</strong></span> <span class='ocrx_word' id='word_1_763' title='bbox 1585 5026 1706 5095; x_wconf 80' lang='lat' dir='ltr'><strong>deliniat,</strong></span> <span class='ocrx_word' id='word_1_764' title='bbox 1723 5037 1828 5099; x_wconf 87' lang='lat' dir='ltr'><strong>pertur-</strong></span> 
     </span>
     <span class='ocr_line' id='line_1_56' title="bbox 179 5114 1828 5192; baseline -0.004 -14"><span class='ocrx_word' id='word_1_765' title='bbox 179 5125 258 5181; x_wconf 85' lang='lat' dir='ltr'><strong>donis</strong></span> <span class='ocrx_word' id='word_1_766' title='bbox 276 5122 394 5179; x_wconf 78' lang='lat' dir='ltr'><strong>selemim</strong></span> <span class='ocrx_word' id='word_1_767' title='bbox 409 5132 436 5179; x_wconf 82' lang='lat' dir='ltr'><strong>st</strong></span> <span class='ocrx_word' id='word_1_768' title='bbox 462 5118 621 5192; x_wconf 74' lang='lat' dir='ltr'><strong>eloqui-utine</strong></span> <span class='ocrx_word' id='word_1_769' title='bbox 641 5119 798 5182; x_wconf 85' lang='lat' dir='ltr'><strong>adornetue,</strong></span> <span class='ocrx_word' id='word_1_770' title='bbox 818 5127 892 5175; x_wconf 88' lang='lat' dir='ltr'><strong>metu</strong></span> <span class='ocrx_word' id='word_1_771' title='bbox 905 5117 976 5177; x_wconf 81' lang='lat' dir='ltr'><strong>torte</strong></span> <span class='ocrx_word' id='word_1_772' title='bbox 1030 5117 1108 5172; x_wconf 86' lang='lat' dir='ltr'><strong>betur</strong></span> <span class='ocrx_word' id='word_1_773' title='bbox 1122 5114 1240 5184; x_wconf 85' lang='lat' dir='ltr'><strong>tristitia,</strong></span> <span class='ocrx_word' id='word_1_774' title='bbox 1258 5114 1369 5171; x_wconf 80' lang='lat' dir='ltr'><strong>everius</strong></span> <span class='ocrx_word' id='word_1_775' title='bbox 1383 5118 1566 5182; x_wconf 87' lang='lat' dir='ltr'><strong>eontrabatur,</strong></span> <span class='ocrx_word' id='word_1_776' title='bbox 1580 5116 1754 5188; x_wconf 76' lang='lat' dir='ltr'><strong>protrahetur</strong></span> <span class='ocrx_word' id='word_1_777' title='bbox 1773 5131 1828 5171; x_wconf 84' lang='lat' dir='ltr'><strong>eor·</strong></span> 
     </span>
    </p>
   </div>
   <div class='ocr_carea' id='block_1_3' title="bbox 182 5253 1827 5546">
    <p class='ocr_par' dir='ltr' id='par_1_3' title="bbox 182 5253 1827 5546">
     <span class='ocr_line' id='line_1_57' title="bbox 216 5253 1827 5336; baseline -0.007 -17"><span class='ocrx_word' id='word_1_778' title='bbox 216 5263 292 5334; x_wconf 75' lang='lat' dir='ltr'><strong>(its)</strong></span> <span class='ocrx_word' id='word_1_779' title='bbox 301 5260 380 5334; x_wconf 74' lang='lat' dir='ltr'><strong>Apud</strong></span> <span class='ocrx_word' id='word_1_780' title='bbox 391 5261 528 5319; x_wconf 86' lang='lat' dir='ltr'><strong>llorstinm</strong></span> <span class='ocrx_word' id='word_1_781' title='bbox 541 5274 569 5317; x_wconf 85' lang='grc' dir='ltr'><strong>ιι</strong></span> <span class='ocrx_word' id='word_1_782' title='bbox 582 5261 645 5327; x_wconf 91' lang='lat' dir='ltr'><strong>alio,</strong></span> <span class='ocrx_word' id='word_1_783' title='bbox 658 5262 701 5316; x_wconf 83' lang='lat' dir='ltr'><strong>liic</strong></span> <span class='ocrx_word' id='word_1_784' title='bbox 709 5259 836 5315; x_wconf 86' lang='lat' dir='ltr'><strong>inseritur</strong></span> <span class='ocrx_word' id='word_1_785' title='bbox 849 5259 978 5331; x_wconf 85' lang='lat' dir='ltr'><strong>periodus</strong></span> <span class='ocrx_word' id='word_1_786' title='bbox 1031 5257 1153 5320; x_wconf 80' lang='lat' dir='ltr'><strong>odorem,</strong></span> <span class='ocrx_word' id='word_1_787' title='bbox 1165 5264 1227 5323; x_wconf 73' lang='lat' dir='ltr'><strong>ete,</strong></span> <span class='ocrx_word' id='word_1_788' title='bbox 1240 5255 1286 5313; x_wconf 84' lang='lat' dir='ltr'><strong>sed</strong></span> <span class='ocrx_word' id='word_1_789' title='bbox 1302 5271 1359 5310; x_wconf 81' lang='lat' dir='ltr'><strong>eam</strong></span> <span class='ocrx_word' id='word_1_790' title='bbox 1375 5256 1502 5311; x_wconf 87' lang='lat' dir='ltr'><strong>omittunt</strong></span> <span class='ocrx_word' id='word_1_791' title='bbox 1517 5254 1638 5326; x_wconf 86' lang='lat' dir='ltr'><strong>plerique</strong></span> <span class='ocrx_word' id='word_1_792' title='bbox 1651 5253 1827 5336; x_wconf 78' lang='lat' dir='ltr'><strong>manuscripti</strong></span> 
     </span>
     <span class='ocr_line' id='line_1_58' title="bbox 182 5323 1827 5404; baseline -0.006 -15"><span class='ocrx_word' id='word_1_793' title='bbox 182 5348 314 5404; x_wconf 77' lang='lat' dir='ltr'><strong>sequere:</strong></span> <span class='ocrx_word' id='word_1_794' title='bbox 329 5334 396 5390; x_wconf 81' lang='lat' dir='ltr'><strong>beni</strong></span> <span class='ocrx_word' id='word_1_795' title='bbox 462 5332 728 5403; x_wconf 73' lang='lat' dir='ltr'><strong>deulerumsoriss</strong></span> <span class='ocrx_word' id='word_1_796' title='bbox 759 5334 977 5403; x_wconf 78' lang='lat' dir='ltr'><strong>rnntesrepron·</strong></span> <span class='ocrx_word' id='word_1_797' title='bbox 1031 5341 1057 5383; x_wconf 89' lang='lat' dir='ltr'><strong>et</strong></span> <span class='ocrx_word' id='word_1_798' title='bbox 1073 5331 1155 5398; x_wconf 84' lang='lat' dir='ltr'><strong>prime</strong></span> <span class='ocrx_word' id='word_1_799' title='bbox 1176 5327 1268 5383; x_wconf 86' lang='lat' dir='ltr'><strong>editio.</strong></span> <span class='ocrx_word' id='word_1_800' title='bbox 1291 5327 1377 5382; x_wconf 82' lang='lat' dir='ltr'><strong>tisbet</strong></span> <span class='ocrx_word' id='word_1_801' title='bbox 1397 5328 1501 5397; x_wconf 86' lang='lat' dir='ltr'><strong>quidem</strong></span> <span class='ocrx_word' id='word_1_802' title='bbox 1516 5325 1761 5391; x_wconf 81' lang='lat' dir='ltr'><strong>oodeslitreensrs,</strong></span> <span class='ocrx_word' id='word_1_803' title='bbox 1781 5323 1827 5381; x_wconf 86' lang='lat' dir='ltr'><strong>sed</strong></span> 
     </span>
     <span class='ocr_line' id='line_1_59' title="bbox 183 5348 1827 5476; baseline 0.001 -17"><span class='ocrx_word' id='word_1_804' title='bbox 183 5348 608 5476; x_wconf 49' lang='lat' dir='ltr'><strong>reetseseeeswnespomoe</strong></span> <span class='ocrx_word' id='word_1_805' title='bbox 619 5406 721 5461; x_wconf 83' lang='lat' dir='ltr'><strong>uirtuti</strong></span> <span class='ocrx_word' id='word_1_806' title='bbox 738 5404 976 5474; x_wconf 83' lang='lat' dir='ltr'><strong>usprolotemest,</strong></span> <span class='ocrx_word' id='word_1_807' title='bbox 1031 5401 1129 5454; x_wconf 65' lang='lat' dir='ltr'><strong>elisisse</strong></span> <span class='ocrx_word' id='word_1_808' title='bbox 1140 5409 1268 5471; x_wconf 74' lang='lat' dir='ltr'><strong>sequente</strong></span> <span class='ocrx_word' id='word_1_809' title='bbox 1285 5398 1405 5468; x_wconf 82' lang='lat' dir='ltr'><strong>periodo.</strong></span> <span class='ocrx_word' id='word_1_810' title='bbox 1421 5399 1545 5470; x_wconf 71' lang='lat' dir='ltr'><strong>desiere</strong></span> <span class='ocrx_word' id='word_1_811' title='bbox 1557 5397 1590 5456; x_wconf 78' lang='lat' dir='ltr'><strong>ol</strong></span> <span class='ocrx_word' id='word_1_812' title='bbox 1608 5397 1787 5460; x_wconf 66' lang='lat' dir='ltr'><strong>desumit·</strong></span> <span class='ocrx_word' id='word_1_813' title='bbox 1799 5395 1827 5450; x_wconf 75' lang='lat' dir='ltr'><strong>El</strong></span> 
     </span>
     <span class='ocr_line' id='line_1_60' title="bbox 182 5470 1564 5546; baseline -0.004 -17"><span class='ocrx_word' id='word_1_814' title='bbox 182 5475 275 5531; x_wconf 85' lang='lat' dir='ltr'><strong>oleum</strong></span> <span class='ocrx_word' id='word_1_815' title='bbox 303 5476 417 5531; x_wconf 86' lang='lat' dir='ltr'><strong>eitusuni</strong></span> <span class='ocrx_word' id='word_1_816' title='bbox 447 5490 544 5530; x_wconf 86' lang='lat' dir='ltr'><strong>nomen</strong></span> <span class='ocrx_word' id='word_1_817' title='bbox 571 5484 655 5532; x_wconf 91' lang='lat' dir='ltr'><strong>tuum.</strong></span> <span class='ocrx_word' id='word_1_818' title='bbox 681 5475 802 5546; x_wconf 77' lang='lat' dir='ltr'><strong>bmiqsie</strong></span> <span class='ocrx_word' id='word_1_819' title='bbox 821 5474 853 5531; x_wconf 84' lang='lat' dir='ltr'><strong>od</strong></span> <span class='ocrx_word' id='word_1_820' title='bbox 876 5474 977 5532; x_wconf 84' lang='lat' dir='ltr'><strong>donum</strong></span> <span class='ocrx_word' id='word_1_821' title='bbox 1031 5486 1096 5528; x_wconf 83' lang='lat' dir='ltr'><strong>vero</strong></span> <span class='ocrx_word' id='word_1_822' title='bbox 1114 5470 1253 5542; x_wconf 77' lang='lat' dir='ltr'><strong>superbus</strong></span> <span class='ocrx_word' id='word_1_823' title='bbox 1266 5471 1457 5527; x_wconf 83' lang='lat' dir='ltr'><strong>esteltemtre.</strong></span> <span class='ocrx_word' id='word_1_824' title='bbox 1561 5541 1564 5544; x_wconf 83' lang='lat'><strong>.</strong></span> 
     </span>
    </p>
   </div>
   <div class='ocr_carea' id='block_1_4' title="bbox 0 0 1885 5948">
    <p class='ocr_par' dir='ltr' id='par_1_4' title="bbox 0 0 1885 5948">
     <span class='ocr_line' id='line_1_61' title="bbox 0 0 1885 5948; baseline 0 0"><span class='ocrx_word' id='word_1_825' title='bbox 0 0 1885 5948; x_wconf 95' lang='lat' dir='ltr'><strong> </strong></span> 
     </span>
    </p>
   </div>
  </div>
 </body>
</html>
