3734 5948
60 214 122 279 sbi

684 217 730 274 DE
748 216 777 274 S.
798 217 992 276 uuuuotcto
1008 218 1124 278 subito

1658 212 1710 276 ³78

61 336 165 403 nemeti
184 337 290 400 noble:
313 357 363 414 pro
382 357 416 398 eo
429 343 507 400 robis
526 349 553 399 et
576 342 610 400 de
630 357 664 399 eo
678 340 807 399 solemnis
825 356 858 398 ex
875 361 899 439 p
916 342 1031 414 ungulas
1041 344 1113 415 equi,
1126 352 1155 399 ut
1165 344 1245 400 cadat
1258 358 1388 400 ascensor
1396 344 1457 413 eJus
1467 349 1553 400 retro:
1564 347 1711 415 propterea

60 447 138 492 more
157 448 251 490 sermo
272 430 391 488 debetur
411 432 480 502 (62).
502 434 586 501 Cuius
604 432 788 488 dulcissimum
811 445 859 486 no-

60 528 137 591 men,
166 537 228 578 cum
251 521 326 576 omni
348 521 427 576 robis
449 521 619 591 jucunditate
643 520 859 592 amplectendum

62 618 91 668 et
113 609 318 666 honorandum:
345 608 473 681 quonism
497 609 555 680 ipse
588 609 642 664 dun
669 616 773 673 noser,
801 607 860 679 ipse

10 736 12 757 .
61 689 196 774 magister
213 707 240 754 et
257 696 356 770 leliger
374 707 468 754 noster
486 705 537 755 est.
560 698 685 754 Delector
703 698 812 768 quidem
832 706 861 752 et

10 774 14 787 '
62 802 121 862 ego·
134 787 164 843 iu
181 787 268 859 ipsius
281 787 423 853 memoria,
445 785 507 843 licet
522 802 576 842 non
599 801 661 842 meo
682 787 741 842 sine
761 785 859 841 rubore

61 865 136 933 beati
155 877 237 946 hujus
257 876 341 948 patris
366 890 467 931 nomen
490 877 603 931 audeam
619 890 782 932 memorare.
811 875 861 929 Est

62 957 136 1022 enirn
159 964 227 1020 mihi
251 964 286 1020 de
309 963 394 1036 ipsius
417 963 568 1021 imitatione
600 963 738 1020 vobiscum
767 962 860 1019 saeculi

62 1042 274 1116 mmuuntratio.
285 1059 314 1108 et
324 1053 479 1109 monasticae
491 1053 625 1124 professio
634 1053 799 1124 disciplinae,
810 1054 858 1107 sed

60 1140 858 1214 singularitersinevobiscumeopurticiponomenuhhatis.

10 1268 13 1307 t
60 1223 156 1285 nobas
163 1228 225 1294 fuit,
237 1237 264 1285 et
275 1244 337 1300 ego.
355 1228 379 1285 0
393 1229 489 1298 obbas,
501 1236 529 1282 et
539 1229 635 1283 abbas'
649 1229 754 1284 Nomen
764 1243 858 1296 unum,

61 1317 110 1374 sed
132 1317 161 1373 iu
184 1317 271 1373 altero
296 1316 353 1373 sols
368 1316 459 1390 magni
479 1317 597 1373 nominis
615 1317 720 1372 umbra.
741 1317 860 1371 lliniste·

60 1407 133 1461 num
145 1410 241 1470 duum,
264 1404 314 1460 sed
333 1405 386 1460 heu
405 1405 462 1461 mel
479 1421 560 1478 quam
576 1404 719 1459 dissimiles
732 1404 857 1470 ministri,

61 1502 198 1567 quantum
226 1493 389 1550 ministratio
411 1494 469 1565 ipsa
489 1493 640 1549 dissimittst
666 1493 712 1548 Vae
736 1493 809 1559 mihi,
835 1493 858 1548 si

61 1592 117 1637 tarn
135 1582 218 1652 longe
232 1596 248 1636 a
262 1589 289 1638 te
304 1582 390 1646 lucro,
412 1597 428 1636 u
443 1582 523 1635 beate
537 1581 694 1648 benedicte,
710 1581 737 1636 in
759 1582 856 1649 laturo,

915 433 1010 488 vallem
1026 434 1112 505 nragis
1126 433 1198 507 elige
1211 435 1245 490 ad
1261 433 1463 503 ambulandum,
1483 432 1580 488 vallem
1594 431 1666 507 elige
1675 432 1710 486 ad

914 519 1103 592 plantandum.
1124 523 1220 593 Neque
1239 523 1312 577 enim
1328 521 1370 577 vel
1383 528 1411 576 et
1425 519 1550 576 serendis
1568 520 1711 575 arboribus

915 616 1042 663 nrontsna
1056 610 1175 664 solemus
1189 610 1301 681 eligere,
1314 608 1386 682 quod
1396 609 1555 681 frequenter
1567 607 1644 663 arida
1656 607 1711 662 siut

915 705 942 751 et
959 705 1080 767 petrosa.
1096 697 1127 752 ln
1142 698 1257 753 vallibus
1276 697 1415 771 pinguedo
1430 705 1488 753 est:
1509 696 1547 751 ibi
1566 695 1710 766 proliciunt

915 784 1025 855 plantae,
1037 786 1074 840 ihi
1084 785 1165 858 plena
1175 787 1260 858 spica,
1271 786 1496 842 ibicontessimus
1506 784 1709 850 oriturlructus,

913 873 986 940 justa
1007 872 1084 942 illud,
1100 877 1134 929 Et
1156 876 1242 931 nolles
1257 875 1440 930 abundabunt
1461 877 1608 944 [ramento
1624 873 1710 940 (Paul.

915 976 994 1025 txrv,
1009 962 1063 1032 tt).
1078 962 1163 1017 Audis
1180 964 1241 1034 quia
1260 963 1360 1033 ubique
1375 963 1451 1018 vallis
1465 963 1590 1017 laudatur
1606 962 1707 1031 ubique

914 1048 1049 1103 humilitas
1059 1050 1231 1120 praedicatur.
1242 1051 1280 1105 lbi
1296 1067 1361 1121 crgo
1372 1052 1504 1121 plantare,
1520 1051 1567 1106 ubi
1575 1050 1709 1106 decursus

913 1151 1060 1207 aquarum;
1077 1137 1141 1210 quia
1155 1139 1192 1193 ibi
1206 1140 1283 1209 copia
1302 1140 1396 1211 gratiae
1412 1139 1571 1209 spiritualim
1588 1149 1615 1194 et
1629 1152 1709 1209 aquae

913 1240 974 1295 quae
994 1240 1077 1295 super
1090 1225 1175 1281 coelos
1193 1237 1264 1292 sunt,
1290 1227 1400 1282 laudant
1423 1242 1521 1282 nomeu
1537 1224 1654 1290 Domini,
1679 1223 1708 1279 id

914 1322 965 1376 est,
997 1313 1121 1368 coelestes
1157 1315 1362 1370 benedictiones
1389 1315 1492 1370 iaciunt
1518 1322 1547 1369 ut
1572 1312 1706 1369 laudetur.

914 1400 1023 1456 Stemus
1048 1404 1074 1456 in
1093 1402 1153 1470 hac,
1179 1403 1339 1470 clrarissimi,
1364 1410 1392 1458 et
1407 1401 1520 1474 plantati
1542 1408 1654 1467 stemus,
1679 1408 1708 1456 ut

915 1503 968 1543 nou
988 1504 1153 1545 arescamus.
1183 1492 1243 1545 Non
1263 1506 1420 1547 mercamur
1441 1504 1605 1562 quocunque
1629 1489 1707 1557 lietu,

913 1576 981 1630 sicut
995 1577 1125 1647 scriptum
1141 1587 1196 1633 est:
1214 1581 1243 1635 Si
1259 1582 1378 1651 spiritus
1392 1580 1522 1636 habentis
1540 1581 1708 1651 potestatem

59 1667 143 1741 quarn
157 1684 174 1724 a
188 1672 241 1724 tute
264 1669 387 1742 vestigiis
401 1669 531 1724 sanctatis
551 1669 631 1740 longe
650 1684 711 1725 esse
737 1669 859 1741 reperior
875 1672 897 1749 Β
912 1667 1166 1736 stepertet'rruarit,
1178 1669 1269 1723 locum
1280 1665 1706 1735 tuomnedeserosilircle.x,l).

60 1757 88 1811 iu
108 1756 248 1828 presens.
265 1758 320 1814 Sed
337 1773 391 1813 nou
412 1759 477 1812 milri
497 1761 554 1814 haic
573 1758 644 1829 apud
661 1774 710 1814 vos
728 1773 858 1830 perorare
912 1751 989 1807 Nulla
1007 1754 1079 1808 enim
1093 1755 1206 1810 tentatio
1229 1756 1306 1811 vohis
1320 1755 1486 1826 praemlebit,
1501 1754 1525 1809 si
1539 1770 1594 1809 non
1609 1753 1637 1808 in
1652 1769 1708 1807 ma·

61 1859 177 1901 neeesse
192 1852 243 1902 est.
265 1845 326 1902 Soio
341 1846 416 1917 qood
432 1847 582 1901 scientibus
606 1861 649 1902 mc
668 1847 776 1918 toqnnn:
793 1853 857 1901 ton·
911 1841 973 1914 gnis
986 1850 1014 1896 et
1027 1840 1055 1895 in
1070 1843 1240 1899 mirabilibus
1253 1860 1337 1915 super
1350 1860 1398 1899 vos
1413 1842 1564 1908 ambuletis,
1580 1840 1628 1897 sed
1643 1856 1706 1912 per·

61 1942 118 1989 tum
145 1940 223 2006 peto,
257 1942 287 1989 ut
315 1934 448 2006 pudorem
474 1936 555 2001 liuns,
581 1943 607 1990 et
634 1934 706 1991 hunc
734 1935 857 1991 timorem
912 1930 1044 1984 maneatis
1063 1931 1200 1986 radicibus
1216 1932 1301 1987 tirmis
1320 1931 1347 1986 in
1370 1932 1520 1986 humilitate
1538 1929 1649 1985 radicati
1664 1936 1707 1982 at·

59 2039 153 2078 meum
164 2022 286 2080 fraterna
300 2024 487 2094 compassione
501 2022 606 2080 levetis.
911 2034 964 2088 que
985 2018 1099 2073 l'uudati.
1116 2020 1160 2075 Sic
1174 2020 1311 2091 plantatus
1332 2034 1411 2075 secus
1425 2019 1555 2075 decursus
1575 2031 1707 2089 aquarum

96 2115 125 2168 3.
135 2111 252 2182 Quando
264 2121 357 2168 tamen
371 2113 481 2167 omnino
495 2112 662 2183 dispensatio
675 2112 740 2167 mibi
754 2113 858 2169 credits
910 2114 1021 2160 sanctus
1042 2107 1093 2162 iste
1109 2107 1251 2163 confessor
1264 2108 1382 2177 Domini,
1408 2109 1524 2162 lructum
1538 2121 1616 2161 suum
1629 2103 1707 2159 dedit

61 2208 113 2267 est,
129 2209 157 2256 et
175 2201 198 2255 si
212 2215 267 2257 non
282 2201 370 2256 habeo
389 2203 459 2271 apud
475 2216 519 2255 me
534 2202 605 2272 quod
619 2201 697 2256 vobis
711 2216 854 2273 apponam,
910 2194 938 2248 in
955 2201 1077 2264 tempore
1092 2212 1151 2250 suo.

60 2303 183 2361 quaeram
206 2304 222 2342 s
247 2290 327 2345 heato
348 2288 494 2345 Benedicta
510 2301 565 2344 tres
579 2305 674 2361 panes,
696 2289 794 2361 quibus
807 2305 856 2345 vos
946 2286 972 2337 5.
986 2282 1136 2338 Suntenim
1151 2285 1196 2355 qui
1208 2285 1323 2340 lructum
1334 2299 1389 2339 non
1399 2283 1513 2338 iaciunt:
1528 2287 1591 2338 sunt
1606 2279 1651 2354 qui
1666 2279 1707 2335 la·

60 2393 181 2447 pascam.
206 2377 321 2434 lleliciat
339 2392 389 2434 vos
411 2378 542 2433 sanctitas
567 2380 638 2447 ejus,
662 2377 765 2446 justitia
784 2379 854 2448 ejus,
909 2370 992 2440 ciunt,
1009 2370 1058 2426 sed
1078 2386 1133 2427 non
1155 2388 1253 2428 suum:
1271 2379 1334 2428 suut
1353 2374 1398 2444 qui
1423 2372 1524 2427 lboiunl
1543 2386 1632 2437 suumn
1656 2367 1705 2423 Sed

60 2462 149 2535 pietas
162 2466 233 2535 ejus.
249 2465 381 2530 namura,
404 2466 584 2532 dilectissimi,
598 2465 671 2537 quod
691 2481 745 2522 nou
760 2481 856 2521 omnes
909 2473 965 2514 1¹⁰⁰
978 2459 1006 2513 5¹¹
1021 2467 1144 2530 ‘emi’ore
1164 2477 1222 2516 ⁸¹¹0·
1251 2463 1329 2528 Subi,
1345 2463 1467 2532 inquam,
1483 2460 1596 2515 arbOreS
1619 2457 1706 2512 iussu·

59 2553 105 2624 qoi
124 2553 154 2608 in
168 2554 345 2625 processione
355 2554 464 2610 pontini
479 2554 598 2624 tnennnc,
619 2568 668 2609 sno
679 2553 726 2609 ttttn
741 2560 857 2625 presens.
908 2555 1019 2611 ctuosae,
1044 2554 1074 2601 ut
1097 2563 1215 2619 quercus
1229 2557 1258 2604 et
1272 2550 1370 2621 ulmus,
1388 2558 1415 2605 et
1428 2549 1567 2604 silvestres
1582 2546 1641 2601 aliae
1656 2560 1704 2599 ar-

59 2641 150 2696 uerint
173 2642 347 2699 vestimento,
381 2643 411 2697 tn
439 2641 495 2710 itta,
522 2642 642 2714 inquom,
667 2643 853 2713 processione,
909 2634 1005 2700 bores;
1021 2636 1070 2690 sed
1095 2638 1250 2706 hujusmodi
1269 2652 1351 2694 nemo
1367 2640 1471 2710 plantat
1488 2637 1517 2691 iu
1541 2638 1619 2691 horto
1642 2624 1726 2700 suo,‘

58 2745 140 2801 qnmnn
154 2739 293 2786 nonnanes
306 2730 422 2786 pennino
440 2731 468 2785 tn
484 2730 605 2800 poenino
620 2746 714 2786 snnnss
732 2730 856 2786 ostense.
907 2721 971 2794 quia
985 2739 1041 2779 non
1059 2723 1160 2780 iaciunt
1184 2727 1319 2784 fructum:
1337 2733 1365 2782 et
1379 2727 1402 2781 si
1426 2741 1508 2798 quem
1523 2724 1632 2791 ludunt,
1649 2737 1705 2779 non

59 2816 122 2884 tun,
142 2819 256 2888 quando
269 2817 388 2874 venienti
400 2818 516 2874 nomime
534 2819 568 2873 sd
587 2819 751 2886 passionom,
773 2827 800 2874 ot
814 2835 856 2874 se.
910 2811 1026 2868 humano
1041 2814 1098 2868 esui
1113 2821 1192 2885 aptus
1205 2824 1257 2883 est,
1279 2816 1328 2871 sed
1342 2815 1466 2887 porcino.
1482 2814 1563 2869 Tales
1573 2820 1637 2867 suut
1656 2810 1704 2866 filii

58 2905 134 2960 denti
147 2919 233 2975 super
246 2906 359 2962 asellum
373 2907 465 2977 populi
478 2913 667 2971 occucoecnnt,
685 2922 739 2963 noo
760 2922 856 2963 opines
910 2900 991 2969 hujus
1001 2901 1104 2967 saeculi,
1118 2911 1233 2975 agentes
1243 2903 1270 2958 iu
1279 2902 1547 2959 commessationibus
1558 2901 1706 2957 etebrieta·

57 2992 223 3049 uestimenta
240 3009 289 3049 sua
308 2996 520 3065 prosternebant
535 2995 562 3049 iu
576 2995 629 3064 via,
646 2995 695 3050 sed
714 2995 856 3051 cedebant
871 2971 892 3049 c
910 2989 991 3056 tibus,
1018 2989 1045 3044 in
1070 2990 1180 3060 crapula
1200 2999 1229 3046 et
1243 2991 1399 3056 voracitate,
1420 2992 1447 3044 in
1466 2991 1599 3045 cubilibus
1613 2996 1642 3044 et
1655 2988 1706 3042 int-

57 3081 140 3154 aliqui
156 3096 246 3138 mutos
268 3083 303 3139 de
324 3083 466 3140 arboribus
489 3084 601 3154 (llotlb.
617 3098 680 3149 ant,
701 3087 764 3151 t-b).
795 3085 855 3138 Non
908 3077 1055 3148 pudicitiis.
1078 3079 1141 3135 llaec
1154 3094 1273 3150 namque
1294 3094 1438 3152 porcorum
1453 3079 1615 3143 cibassent,
1633 3091 1703 3149 quos

58 3177 117 3224 eret
136 3169 190 3226 hoo
213 3185 351 3242 maguum,
371 3172 445 3241 quod
470 3172 555 3246 gratis
576 3179 748 3243 acceperant,
765 3172 856 3243 gratis
908 3164 1018 3220 Judaeus
1043 3181 1124 3222 verus
1142 3167 1302 3238 prohibetur
1315 3167 1460 3223 comedere
1475 3170 1570 3235 (Dent.
1586 3180 1647 3231 xtv,
1665 3166 1704 3234 Β),

10 3259 12 3287 l
58 3256 171 3312 dabant.
188 3259 383 3314 Verumtamen
398 3275 433 3316 ne
453 3260 505 3331 ipsl
525 3260 634 3332 quidem
656 3260 765 3331 penitus
774 3260 856 3316 otiosi
909 3253 1076 3309 Christianus
1101 3255 1214 3325 scilicet,
1239 3257 1286 3329 qui
1310 3257 1352 3311 his
1374 3270 1428 3311 uon
1450 3256 1534 3310 debet
1554 3255 1707 3309 adhaerere.

59 3345 179 3412 lucrum,
208 3348 256 3403 sed
280 3364 332 3402 uec
355 3363 371 3402 a
392 3348 568 3419 processione
591 3348 721 3423 leguntur
743 3348 854 3404 exclusi.
909 3342 984 3397 Sicut
1011 3344 1083 3398 enim
1107 3359 1171 3400 caro
1196 3345 1308 3416 porcina
1336 3360 1398 3400 cum
1420 3343 1582 3408 comeditur,
1605 3350 1707 3398 ³0⁸1?ae

58 3434 169 3490 Fratres
182 3434 248 3506 mei,
266 3433 341 3506 pium
356 3435 455 3492 Christi
473 3437 638 3507 jumentum,
653 3435 700 3507 qui
719 3452 780 3490 cuin
795 3437 857 3490 Pro·
908 3431 1031 3486 adhaeret
1042 3433 1128 3496 carni,
1142 3443 1172 3487 ut
1180 3435 1236 3503 jam
1251 3434 1285 3488 sit
1300 3449 1353 3489 uua
1368 3449 1449 3500 earo:
1468 3433 1508 3489 sic
1522 3441 1708 3504 transgressor

57 3523 142 3594 pbets
150 3521 376 3594 dicerepotestis.
392 3525 856 3597 lltjomentumsoctnssomopad
908 3521 1039 3591 praecepti
1058 3521 1190 3578 Dominici
1214 3538 1328 3594 spurcos
1354 3523 1406 3577 sibi
1425 3522 1509 3577 sociat
1533 3520 1654 3592 spiritus,
1677 3528 1705 3575 et

58 3615 94 3677 te,
107 3613 136 3666 et
146 3626 194 3683 epo
204 3611 510 3686 canapeo-tacompsos
522 3615 680 3683 nn111,23);
695 3628 744 3668 vos
759 3613 856 3684 quibos
909 3606 1073 3663 adherendo
1093 3611 1133 3665 eis
1146 3626 1216 3666 unus
1234 3611 1351 3667 cumeis
1370 3611 1485 3665 allicitur
1500 3610 1617 3664 daemon.
1636 3607 1704 3661 Nam

56 3697 160 3754 insidet
173 3698 306 3761 Christus.
323 3700 462 3772 quonism,
482 3704 581 3758 animo
591 3704 666 3773 jruti
679 3703 755 3757 sedes
764 3707 804 3758 est
815 3718 856 3757 sa·
910 3708 937 3751 et
966 3696 1067 3753 idcirco
1094 3699 1120 3753 in
1151 3699 1291 3755 sacnhciis
1318 3699 1480 3770 prohibetur
1503 3698 1603 3753 animal
1639 3695 1719 3752 illud*

56 3788 193 3859 pienum·
208 3795 236 3843 et
254 3789 400 3860 Apostolus
414 3788 637 3859 praedicatoess
649 3789 791 3847 Christum
807 3792 856 3845 tias·
909 3782 1013 3851 oll'erri,
1025 3786 1097 3856 quod
1109 3803 1222 3858 spurcos
1232 3789 1342 3859 spiritus
1348 3786 1702 3858 immundosquedcsignet:

55 3877 205 3940 virtutem,
224 3879 252 3934 et
266 3877 317 3934 bes·
330 3878 504 3950 sapientiam
523 3880 549 3947 (l
566 3874 627 3936 Cor'.
647 3893 668 3946 r,
683 3879 747 3945 att:
764 3877 786 3931 si
801 3890 856 3932 non
909 3872 954 3942 qui
969 3873 1062 3927 relicta
1076 3874 1150 3928 omni
1160 3874 1309 3941 mumditia‚
1325 3874 1390 3932 solis
1404 3875 1454 3929 sibi
1468 3875 1552 3930 sociat
1566 3873 1705 3945 spurcitiis

54 3963 146 4020 habeo
159 3971 251 4019 vestes
265 3979 333 4036 quas
351 3966 468 4037 pedihus
485 3966 583 4022 vestris
598 3975 779 4036 prosternam,
795 3972 855 4020 ten·
908 3960 1117 4030 complacentes,
1143 3962 1269 4018 vitiorum
1293 3972 1319 4019 et
1336 3964 1479 4020 criminum
1502 3977 1612 4034 semper
1625 3976 1705 4019 coeno

56 4051 122 4108 tebo
138 4051 181 4108 cet
197 4068 287 4109 ramos
310 4052 418 4110 eodone
433 4053 634 4119 doemonibus,
650 4062 680 4109 nt
696 4061 777 4108 tontae
790 4069 854 4124 pno-
907 4045 1078 4104 delectantur
1091 4048 1200 4106 involvi.
1220 4051 1297 4107 Unde
1316 4052 1384 4107 etin
1398 4052 1556 4127 Evangelio,
1574 4052 1645 4123 legio
1660 4050 1705 4105 illa

56 4141 176 4196 cessioni
190 4140 233 4197 vel
247 4156 342 4212 parum
357 4141 457 4214 aliquid
476 4158 530 4197 non
549 4142 621 4197 desit
633 4141 774 4197 ministerii
788 4140 852 4196 mei.
908 4137 1062 4204 maledictu,
1090 4142 1155 4194 dum
1181 4139 1328 4211 ejiceretur
1355 4143 1390 4196 ab
1425 4142 1544 4209 homine,
1573 4151 1704 4211 tanquam

96 4229 124 4283 l.
146 4229 237 4286 Arbor
258 4229 310 4285 luit
332 4231 429 4287 beatus
449 4230 620 4299 Benedimus,
644 4231 754 4302 grandis
772 4238 854 4301 atque
870 4269 893 4345 ὓ
907 4228 994 4286 simile
1022 4229 1074 4285 sibi
1096 4230 1197 4284 animal
1220 4245 1318 4300 porcos
1341 4232 1471 4300 postulat,
1495 4247 1546 4287 uec
1569 4234 1704 4301 negantur

56 4315 206 4383 fructifera,
225 4323 352 4390 braquam
363 4318 464 4391 liguum
475 4319 548 4391 quod
561 4318 710 4391 plantatum
720 4325 762 4376 ost
776 4335 854 4375 secus
909 4319 1146 4388 (llurc.v,t·13).
1164 4318 1211 4373 llis
1225 4319 1341 4374 fructum
1365 4319 1455 4375 lerunt
1474 4319 1587 4374 arbores
1609 4316 1699 4371 infru-

56 4406 192 4463 deeursus
211 4423 343 4479 aquarum
363 4411 450 4477 (Psal.
473 4424 495 4474 t,
511 4410 549 4479 3).
567 4409 616 4464 Ubi
638 4415 701 4464 sunt
725 4409 855 4465 decursus
908 4413 1018 4472 ctuosae,
1034 4407 1067 4461 ad
1097 4422 1210 4478 quarum
1231 4408 1335 4463 radices
1350 4410 1454 4464 securis
1477 4407 1566 4479 posita
1586 4407 1641 4476 jam
1660 4405 1702 4463 vi·

56 4496 212 4566 uquarum?
227 4497 353 4554 Proiecto
367 4497 396 4553 in
410 4497 538 4564 vallibus3
557 4498 618 4570 quis
640 4498 713 4554 inter
736 4498 853 4553 medium
907 4493 997 4550 detur.

56 4585 192 4641 montium
205 4587 412 4658 pertransibunt
426 4602 515 4659 aquae.
531 4586 597 4655 Quis
607 4587 679 4642 euim
694 4602 749 4642 noa
763 4587 854 4643 videat
942 4586 969 4638 6.
992 4583 1110 4638 Arbores
1124 4589 1214 4636 autem
1230 4599 1291 4655 quae
1314 4583 1431 4639 fructum
1451 4583 1563 4648 saciant,
1579 4581 1629 4639 sed
1646 4596 1701 4638 uon

55 4675 138 4730 είίευι
154 4676 428 4732 torrentesmontium
441 4676 721 4739 arduadeclinare‚et
735 4677 852 4732 mediam
906 4686 984 4726 suum
1007 4671 1154 4741 hypocrite
1172 4679 1246 4740 sunt,
1267 4687 1328 4727 cum
1353 4671 1462 4727 Simone
1484 4672 1618 4740 Cyrenaeo
1637 4686 1703 4726 cru·

54 4761 89 4818 ad
114 4763 297 4820 humilitatem
321 4780 432 4837 semper
453 4764 598 4821 devertere
621 4764 718 4821 uallis?
732 4764 776 4821 Sic
790 4780 852 4834 pro·
906 4775 966 4815 cern
979 4766 1121 4831 pertentes
1146 4775 1201 4815 non
1225 4776 1318 4816 suam:
1335 4761 1381 4833 qui
1401 4759 1527 4834 religiosa
1548 4758 1699 4814 intentione

52 4849 138 4916 lecto,
162 4851 201 4907 sic
226 4853 300 4908 Deus
323 4854 447 4925 superbis
468 4853 577 4919 resistit,
598 4853 743 4908 humilibus
762 4862 850 4908 autem
905 4856 1039 4912 carentes,
1059 4849 1251 4921 angariantur3
1277 4859 1304 4905 et
1321 4866 1382 4923 quae
1406 4864 1460 4904 non
1487 4854 1588 4912 amant,
1604 4862 1698 4904 amore

54 4940 224 5010 dutgratiam
235 4941 351 5014 (locali,
368 4957 407 5008 tv,
424 4944 463 5010 6).
480 4941 598 4998 Securus
612 4942 655 4996 hic
671 4941 725 5013 lige
740 4943 849 5012 pedem,
905 4939 998 5011 gloriae
1016 4955 1096 5011 quam
1110 4939 1282 5010 desiderant,
1299 4938 1389 4994 lacere
1408 4936 1617 5009 compelluntur.
1637 4937 1696 4991 Jam

51 5028 207 5101 quicunque
222 5046 253 5087 es
268 5031 422 5101 jumentum
432 5031 541 5092 Christi.
556 5031 646 5095 Super
660 5033 730 5086 hunc
746 5046 849 5085 remum
904 5029 932 5083 in
953 5044 987 5084 eo
1005 5024 1086 5099 quod
1096 5029 1195 5084 dicitur
1208 5032 1241 5084 ia
1257 5035 1380 5100 tempore
1393 5044 1443 5085 suu
1456 5027 1542 5096 (Psoi.
1558 5043 1577 5092 r,
1594 5027 1635 5096 3),
1655 5015 1700 5081 ar·

50 5117 180 5184 butera,
202 5120 328 5177 semitam
341 5120 417 5176 vallis
435 5119 543 5176 incede.
559 5118 692 5175 Nimirum
714 5119 743 5173 in
757 5129 850 5175 monte
903 5129 1023 5192 guantur
1036 5118 1144 5191 quidam
1173 5125 1235 5174 ants
1250 5124 1358 5187 tempus
1386 5115 1547 5171 fructificare
1560 5104 1696 5173 volentes.

51 5208 105 5263 sihi
139 5206 234 5265 sedem
256 5210 396 5266 coustituit
419 5224 535 5282 serpeus
564 5208 699 5280 antiquus,
720 5210 850 5265 mordens
902 5210 1000 5266 Nonne
1013 5207 1085 5263 euim
1101 5215 1129 5263 et
1142 5207 1285 5262 arboribus
1299 5206 1408 5271 nostris,
1424 5205 1504 5262 citius
1518 5220 1694 5278 quamopor·
1776 5195 1778 5199 ’

83 5387 143 5456 (ot)
166 5387 197 5444 ln
221 5388 314 5445 codice
339 5385 619 5459 Maioris-lionasterii
634 5385 717 5442 mults
740 5396 781 5442 est
803 5378 1072 5459 inconsequentibus
1098 5383 1244 5440 verborum
1262 5381 1389 5455 tanetus,
1415 5383 1464 5440 sed
1487 5382 1560 5438 idem
1585 5397 1691 5447 musas,

49 5463 76 5513 at
91 5459 155 5516 trite
168 5459 250 5517 lectio
268 5460 448 5531 praeterendo.
611 5469 618 5475 ”
