<?xml version="1.0" encoding="UTF-8"?>
<!DOCTYPE html PUBLIC "-//W3C//DTD XHTML 1.0 Transitional//EN"
    "http://www.w3.org/TR/xhtml1/DTD/xhtml1-transitional.dtd">
<html xmlns="http://www.w3.org/1999/xhtml" xml:lang="en" lang="en">
 <head>
  <title>
</title>
<meta http-equiv="Content-Type" content="text/html;charset=utf-8" />
  <meta name='ocr-system' content='tesseract 3.04.00' />
  <meta name='ocr-capabilities' content='ocr_page ocr_carea ocr_par ocr_line ocrx_word'/>
</head>
<body>
  <div class='ocr_page' id='page_1' title='image "./patrologiaecurs56unkngoog_0250.png"; bbox 0 0 3734 5948; ppageno 0'>
   <div class='ocr_carea' id='block_1_1' title="bbox 104 150 1760 270">
    <p class='ocr_par' dir='ltr' id='par_1_1' title="bbox 104 150 1760 270">
     <span class='ocr_line' id='line_1_1' title="bbox 104 150 1760 270; baseline 0.009 -43"><span class='ocrx_word' id='word_1_1' title='bbox 104 176 168 270; x_wconf 24' lang='lat' dir='ltr'>[ccc</span> <span class='ocrx_word' id='word_1_2' title='bbox 610 150 1255 236; x_wconf 75' lang='lat' dir='ltr'>iurmmsulannrsusuontssaue.</span> <span class='ocrx_word' id='word_1_3' title='bbox 1706 183 1760 242; x_wconf 78' lang='lat' dir='ltr'>aab</span> 
     </span>
    </p>
   </div>
   <div class='ocr_carea' id='block_1_2' title="bbox 97 290 1817 2589">
    <p class='ocr_par' dir='ltr' id='par_1_2' title="bbox 97 290 1817 2589">
     <span class='ocr_line' id='line_1_2' title="bbox 114 290 1759 387; baseline -0.006 -28"><span class='ocrx_word' id='word_1_4' title='bbox 114 298 302 358; x_wconf 80' lang='lat' dir='ltr'>recordatione</span> <span class='ocrx_word' id='word_1_5' title='bbox 316 293 456 353; x_wconf 84' lang='lat' dir='ltr'>suavitatis</span> <span class='ocrx_word' id='word_1_6' title='bbox 469 299 589 351; x_wconf 85' lang='lat' dir='ltr'>nostram</span> <span class='ocrx_word' id='word_1_7' title='bbox 604 307 659 348; x_wconf 90' lang='lat' dir='ltr'>non</span> <span class='ocrx_word' id='word_1_8' title='bbox 682 290 779 349; x_wconf 76' lang='lat' dir='ltr'>desinit</span> <span class='ocrx_word' id='word_1_9' title='bbox 804 306 909 348; x_wconf 76' lang='lat' dir='ltr'>comn-</span> <span class='ocrx_word' id='word_1_10' title='bbox 925 307 951 387; x_wconf 59' lang='lat' dir='ltr'>p·</span> <span class='ocrx_word' id='word_1_11' title='bbox 967 293 1100 351; x_wconf 86' lang='lat' dir='ltr'>tuonobis</span> <span class='ocrx_word' id='word_1_12' title='bbox 1117 313 1123 349; x_wconf 95' lang='lat'>:</span> <span class='ocrx_word' id='word_1_13' title='bbox 1143 295 1264 367; x_wconf 89' lang='lat' dir='ltr'>ipsorum</span> <span class='ocrx_word' id='word_1_14' title='bbox 1291 298 1425 369; x_wconf 78' lang='lat' dir='ltr'>siquidem</span> <span class='ocrx_word' id='word_1_15' title='bbox 1444 300 1472 355; x_wconf 89' lang='lat' dir='ltr'>in</span> <span class='ocrx_word' id='word_1_16' title='bbox 1486 301 1584 374; x_wconf 83' lang='lat' dir='ltr'>spirim</span> <span class='ocrx_word' id='word_1_17' title='bbox 1612 313 1640 361; x_wconf 71' lang='lat' dir='ltr'>ec</span> <span class='ocrx_word' id='word_1_18' title='bbox 1660 305 1759 363; x_wconf 60' lang='lat' dir='ltr'>virture</span> 
     </span>
     <span class='ocr_line' id='line_1_3' title="bbox 97 378 1759 462; baseline 0.002 -16"><span class='ocrx_word' id='word_1_19' title='bbox 97 386 165 461; x_wconf 42' lang='lat' dir='ltr'>‚lari</span> <span class='ocrx_word' id='word_1_20' title='bbox 180 385 374 459; x_wconf 89' lang='lat' dir='ltr'>captivitatem.</span> <span class='ocrx_word' id='word_1_21' title='bbox 398 382 522 439; x_wconf 82' lang='lat' dir='ltr'>Exsultat</span> <span class='ocrx_word' id='word_1_22' title='bbox 543 381 571 436; x_wconf 93' lang='lat' dir='ltr'>in</span> <span class='ocrx_word' id='word_1_23' title='bbox 592 379 708 436; x_wconf 87' lang='lat' dir='ltr'>Domino</span> <span class='ocrx_word' id='word_1_24' title='bbox 727 378 908 451; x_wconf 82' lang='lat' dir='ltr'>spiritualia·</span> <span class='ocrx_word' id='word_1_25' title='bbox 965 382 1071 440; x_wconf 86' lang='lat' dir='ltr'>venisti.</span> <span class='ocrx_word' id='word_1_26' title='bbox 1084 382 1147 439; x_wconf 78' lang='lat' dir='ltr'>Vita</span> <span class='ocrx_word' id='word_1_27' title='bbox 1178 393 1235 456; x_wconf 90' lang='lat' dir='ltr'>tua,</span> <span class='ocrx_word' id='word_1_28' title='bbox 1255 385 1298 441; x_wconf 78' lang='lat' dir='ltr'>lex</span> <span class='ocrx_word' id='word_1_29' title='bbox 1313 386 1372 443; x_wconf 80' lang='lat' dir='ltr'>aitae</span> <span class='ocrx_word' id='word_1_30' title='bbox 1399 397 1425 443; x_wconf 89' lang='lat' dir='ltr'>et</span> <span class='ocrx_word' id='word_1_31' title='bbox 1439 388 1597 462; x_wconf 85' lang='lat' dir='ltr'>disciplina;</span> <span class='ocrx_word' id='word_1_32' title='bbox 1613 408 1686 450; x_wconf 89' lang='lat' dir='ltr'>mors</span> <span class='ocrx_word' id='word_1_33' title='bbox 1704 402 1759 461; x_wconf 88' lang='lat' dir='ltr'>tun,</span> 
     </span>
     <span class='ocr_line' id='line_1_4' title="bbox 111 463 1759 551; baseline -0.001 -18"><span class='ocrx_word' id='word_1_34' title='bbox 111 463 220 546; x_wconf 79' lang='lat' dir='ltr'>lscbiae,</span> <span class='ocrx_word' id='word_1_35' title='bbox 236 473 309 547; x_wconf 91' lang='lat' dir='ltr'>quod</span> <span class='ocrx_word' id='word_1_36' title='bbox 324 474 430 529; x_wconf 87' lang='lat' dir='ltr'>levatus</span> <span class='ocrx_word' id='word_1_37' title='bbox 441 472 563 543; x_wconf 86' lang='lat' dir='ltr'>pondere</span> <span class='ocrx_word' id='word_1_38' title='bbox 577 484 716 540; x_wconf 76' lang='lat' dir='ltr'>corporea</span> <span class='ocrx_word' id='word_1_39' title='bbox 729 467 819 536; x_wconf 83' lang='lat' dir='ltr'>molis,</span> <span class='ocrx_word' id='word_1_40' title='bbox 834 467 909 523; x_wconf 90' lang='lat' dir='ltr'>nulla</span> <span class='ocrx_word' id='word_1_41' title='bbox 962 469 1057 527; x_wconf 88' lang='lat' dir='ltr'>mortis</span> <span class='ocrx_word' id='word_1_42' title='bbox 1072 480 1176 542; x_wconf 85' lang='lat' dir='ltr'>portus.</span> <span class='ocrx_word' id='word_1_43' title='bbox 1192 481 1220 530; x_wconf 88' lang='lat' dir='ltr'>et</span> <span class='ocrx_word' id='word_1_44' title='bbox 1233 482 1310 545; x_wconf 91' lang='lat' dir='ltr'>ports</span> <span class='ocrx_word' id='word_1_45' title='bbox 1325 474 1402 549; x_wconf 87' lang='lat' dir='ltr'>vitae;</span> <span class='ocrx_word' id='word_1_46' title='bbox 1421 478 1550 534; x_wconf 83' lang='lat' dir='ltr'>memoria</span> <span class='ocrx_word' id='word_1_47' title='bbox 1572 488 1629 551; x_wconf 91' lang='lat' dir='ltr'>tua,</span> <span class='ocrx_word' id='word_1_48' title='bbox 1643 483 1759 540; x_wconf 80' lang='lat' dir='ltr'>dulcedo</span> 
     </span>
     <span class='ocr_line' id='line_1_5' title="bbox 109 555 1760 643; baseline 0 -23"><span class='ocrx_word' id='word_1_49' title='bbox 109 564 170 635; x_wconf 84' lang='lat' dir='ltr'>jam</span> <span class='ocrx_word' id='word_1_50' title='bbox 200 561 340 618; x_wconf 71' lang='lat' dir='ltr'>feculenta</span> <span class='ocrx_word' id='word_1_51' title='bbox 368 559 409 615; x_wconf 90' lang='lat' dir='ltr'>vel</span> <span class='ocrx_word' id='word_1_52' title='bbox 443 566 551 614; x_wconf 88' lang='lat' dir='ltr'>terrena</span> <span class='ocrx_word' id='word_1_53' title='bbox 573 555 685 612; x_wconf 83' lang='lat' dir='ltr'>materia</span> <span class='ocrx_word' id='word_1_54' title='bbox 712 560 906 625; x_wconf 72' lang='lat' dir='ltr'>pregravatur.</span> <span class='ocrx_word' id='word_1_55' title='bbox 961 559 1100 615; x_wconf 82' lang='lat' dir='ltr'>suavitatis</span> <span class='ocrx_word' id='word_1_56' title='bbox 1114 561 1267 632; x_wconf 78' lang='lat' dir='ltr'>etgratiae3</span> <span class='ocrx_word' id='word_1_57' title='bbox 1285 563 1428 633; x_wconf 77' lang='lat' dir='ltr'>prasentia</span> <span class='ocrx_word' id='word_1_58' title='bbox 1444 573 1499 632; x_wconf 89' lang='lat' dir='ltr'>tua,</span> <span class='ocrx_word' id='word_1_59' title='bbox 1512 581 1612 623; x_wconf 89' lang='lat' dir='ltr'>corona</span> <span class='ocrx_word' id='word_1_60' title='bbox 1629 569 1760 643; x_wconf 76' lang='lat' dir='ltr'>gloriaein</span> 
     </span>
     <span class='ocr_line' id='line_1_6' title="bbox 99 643 1760 725; baseline -0.01 -16"><span class='ocrx_word' id='word_1_61' title='bbox 99 652 262 725; x_wconf 73' lang='lat' dir='ltr'>quominus</span> <span class='ocrx_word' id='word_1_62' title='bbox 286 657 340 706; x_wconf 89' lang='lat' dir='ltr'>tota</span> <span class='ocrx_word' id='word_1_63' title='bbox 367 647 506 703; x_wconf 87' lang='lat' dir='ltr'>alacritate</span> <span class='ocrx_word' id='word_1_64' title='bbox 534 661 563 702; x_wconf 88' lang='lat' dir='ltr'>ac</span> <span class='ocrx_word' id='word_1_65' title='bbox 589 643 732 700; x_wconf 73' lang='lat' dir='ltr'>vivacitate</span> <span class='ocrx_word' id='word_1_66' title='bbox 750 657 908 712; x_wconf 87' lang='lat' dir='ltr'>corpoream</span> <span class='ocrx_word' id='word_1_67' title='bbox 960 662 1043 702; x_wconf 87' lang='lat' dir='ltr'>manu</span> <span class='ocrx_word' id='word_1_68' title='bbox 1066 648 1174 704; x_wconf 85' lang='lat' dir='ltr'>Domini</span> <span class='ocrx_word' id='word_1_69' title='bbox 1195 649 1244 706; x_wconf 84' lang='lat' dir='ltr'>Dei</span> <span class='ocrx_word' id='word_1_70' title='bbox 1268 651 1315 707; x_wconf 93' lang='lat' dir='ltr'>tui.</span> <span class='ocrx_word' id='word_1_71' title='bbox 1333 651 1357 709; x_wconf 92' lang='lat'>0</span> <span class='ocrx_word' id='word_1_72' title='bbox 1377 651 1448 709; x_wconf 76' lang='lat' dir='ltr'>olim</span> <span class='ocrx_word' id='word_1_73' title='bbox 1467 652 1605 710; x_wconf 57' lang='lat' dir='ltr'>fructifera</span> <span class='ocrx_word' id='word_1_74' title='bbox 1626 656 1655 711; x_wconf 70' lang='lat' dir='ltr'>in</span> <span class='ocrx_word' id='word_1_75' title='bbox 1678 659 1760 715; x_wconf 64' lang='lat' dir='ltr'>domo</span> 
     </span>
     <span class='ocr_line' id='line_1_7' title="bbox 113 733 1760 813; baseline 0.002 -15"><span class='ocrx_word' id='word_1_76' title='bbox 113 756 226 799; x_wconf 84' lang='lat' dir='ltr'>omnem</span> <span class='ocrx_word' id='word_1_77' title='bbox 241 747 269 796; x_wconf 85' lang='lat' dir='ltr'>et</span> <span class='ocrx_word' id='word_1_78' title='bbox 288 738 479 808; x_wconf 88' lang='lat' dir='ltr'>incorpoream</span> <span class='ocrx_word' id='word_1_79' title='bbox 493 733 626 790; x_wconf 82' lang='lat' dir='ltr'>transiens</span> <span class='ocrx_word' id='word_1_80' title='bbox 640 741 800 795; x_wconf 86' lang='lat' dir='ltr'>creaturam,</span> <span class='ocrx_word' id='word_1_81' title='bbox 816 740 909 802; x_wconf 72' lang='lat' dir='ltr'>pergat</span> <span class='ocrx_word' id='word_1_82' title='bbox 961 736 1025 791; x_wconf 85' lang='lat' dir='ltr'>Dei!</span> <span class='ocrx_word' id='word_1_83' title='bbox 1041 751 1058 792; x_wconf 93' lang='lat' dir='ltr'>o</span> <span class='ocrx_word' id='word_1_84' title='bbox 1072 737 1162 793; x_wconf 88' lang='lat' dir='ltr'>oleum</span> <span class='ocrx_word' id='word_1_85' title='bbox 1177 738 1275 794; x_wconf 81' lang='lat' dir='ltr'>laetitiae</span> <span class='ocrx_word' id='word_1_86' title='bbox 1288 756 1395 813; x_wconf 71' lang='lat' dir='ltr'>ungens</span> <span class='ocrx_word' id='word_1_87' title='bbox 1414 751 1442 796; x_wconf 85' lang='lat' dir='ltr'>et</span> <span class='ocrx_word' id='word_1_88' title='bbox 1464 740 1568 811; x_wconf 87' lang='lat' dir='ltr'>lucens,</span> <span class='ocrx_word' id='word_1_89' title='bbox 1598 743 1691 801; x_wconf 80' lang='lat' dir='ltr'>fovens</span> <span class='ocrx_word' id='word_1_90' title='bbox 1712 750 1760 803; x_wconf 93' lang='lat' dir='ltr'>be·</span> 
     </span>
     <span class='ocr_line' id='line_1_8' title="bbox 112 820 1761 905; baseline -0.008 -6"><span class='ocrx_word' id='word_1_91' title='bbox 112 838 188 886; x_wconf 77' lang='lat' dir='ltr'>l⁰ll¹³</span> <span class='ocrx_word' id='word_1_92' title='bbox 203 829 341 893; x_wconf 65' lang='lat' dir='ltr'>lssDQlfflb</span> <span class='ocrx_word' id='word_1_93' title='bbox 356 832 383 881; x_wconf 70' lang='lat' dir='ltr'>el</span> <span class='ocrx_word' id='word_1_94' title='bbox 412 825 552 880; x_wconf 65' lang='lat' dir='ltr'>fldhaeffflss</span> <span class='ocrx_word' id='word_1_95' title='bbox 576 821 623 889; x_wconf 69' lang='lat' dir='ltr'>illi,</span> <span class='ocrx_word' id='word_1_96' title='bbox 653 834 723 876; x_wconf 76' lang='grc'><strong>0000</strong></span> <span class='ocrx_word' id='word_1_97' title='bbox 747 820 782 874; x_wconf 71' lang='lat' dir='ltr'>Sil</span> <span class='ocrx_word' id='word_1_98' title='bbox 800 834 860 874; x_wconf 91' lang='lat' dir='ltr'>cum</span> <span class='ocrx_word' id='word_1_99' title='bbox 875 833 908 874; x_wconf 84' lang='grc'>00</span> <span class='ocrx_word' id='word_1_100' title='bbox 960 823 1072 894; x_wconf 87' lang='lat' dir='ltr'>ueliciis,</span> <span class='ocrx_word' id='word_1_101' title='bbox 1100 840 1247 882; x_wconf 78' lang='lat' dir='ltr'>coruscans</span> <span class='ocrx_word' id='word_1_102' title='bbox 1275 828 1424 885; x_wconf 85' lang='lat' dir='ltr'>miraculis!</span> <span class='ocrx_word' id='word_1_103' title='bbox 1456 828 1497 885; x_wconf 85' lang='lat' dir='ltr'>lac</span> <span class='ocrx_word' id='word_1_104' title='bbox 1528 847 1578 887; x_wconf 91' lang='lat' dir='ltr'>nos</span> <span class='ocrx_word' id='word_1_105' title='bbox 1604 833 1678 903; x_wconf 80' lang='lat' dir='ltr'>ejus,</span> <span class='ocrx_word' id='word_1_106' title='bbox 1708 851 1761 905; x_wconf 83' lang='lat' dir='ltr'>qna</span> 
     </span>
     <span class='ocr_line' id='line_1_9' title="bbox 97 912 1759 992; baseline -0.005 -18"><span class='ocrx_word' id='word_1_107' title='bbox 97 917 265 992; x_wconf 65' lang='lat' dir='ltr'>‘spiritusin</span> <span class='ocrx_word' id='word_1_108' title='bbox 280 924 420 972; x_wconf 80' lang='lat' dir='ltr'>atomum.</span> <span class='ocrx_word' id='word_1_109' title='bbox 961 912 1069 977; x_wconf 83' lang='lat' dir='ltr'>frueris,</span> <span class='ocrx_word' id='word_1_110' title='bbox 1100 915 1170 969; x_wconf 89' lang='lat' dir='ltr'>lucis</span> <span class='ocrx_word' id='word_1_111' title='bbox 1197 916 1389 988; x_wconf 84' lang='lat' dir='ltr'>suavitatisque</span> <span class='ocrx_word' id='word_1_112' title='bbox 1420 917 1577 988; x_wconf 88' lang='lat' dir='ltr'>participes.</span> <span class='ocrx_word' id='word_1_113' title='bbox 1606 921 1629 977; x_wconf 93' lang='lat'>0</span> <span class='ocrx_word' id='word_1_114' title='bbox 1663 922 1759 979; x_wconf 92' lang='lat' dir='ltr'>odori.</span> 
     </span>
     <span class='ocr_line' id='line_1_10' title="bbox 147 992 1758 1084; baseline 0.004 -22"><span class='ocrx_word' id='word_1_115' title='bbox 147 1008 175 1062; x_wconf 80' lang='lat'>7.</span> <span class='ocrx_word' id='word_1_116' title='bbox 191 1006 311 1062; x_wconf 87' lang='lat' dir='ltr'>Domum</span> <span class='ocrx_word' id='word_1_117' title='bbox 336 1004 416 1059; x_wconf 86' lang='lat' dir='ltr'>istam</span> <span class='ocrx_word' id='word_1_118' title='bbox 438 1002 518 1058; x_wconf 86' lang='lat' dir='ltr'>decet</span> <span class='ocrx_word' id='word_1_119' title='bbox 540 998 703 1063; x_wconf 79' lang='lat' dir='ltr'>sanctitudo,</span> <span class='ocrx_word' id='word_1_120' title='bbox 720 999 748 1052; x_wconf 90' lang='lat' dir='ltr'>in</span> <span class='ocrx_word' id='word_1_121' title='bbox 761 1012 817 1070; x_wconf 87' lang='lat' dir='ltr'>qus</span> <span class='ocrx_word' id='word_1_122' title='bbox 830 992 908 1054; x_wconf 84' lang='lat' dir='ltr'>tantae</span> <span class='ocrx_word' id='word_1_123' title='bbox 960 1001 1045 1057; x_wconf 88' lang='lat' dir='ltr'>lerum</span> <span class='ocrx_word' id='word_1_124' title='bbox 1060 1000 1155 1067; x_wconf 91' lang='lat' dir='ltr'>lilium,</span> <span class='ocrx_word' id='word_1_125' title='bbox 1172 1002 1200 1057; x_wconf 93' lang='lat' dir='ltr'>in</span> <span class='ocrx_word' id='word_1_126' title='bbox 1215 1011 1344 1059; x_wconf 82' lang='lat' dir='ltr'>aeteruum</span> <span class='ocrx_word' id='word_1_127' title='bbox 1361 1013 1422 1061; x_wconf 86' lang='lat' dir='ltr'>ante</span> <span class='ocrx_word' id='word_1_128' title='bbox 1435 1007 1580 1063; x_wconf 89' lang='lat' dir='ltr'>Dominum</span> <span class='ocrx_word' id='word_1_129' title='bbox 1594 1011 1758 1084; x_wconf 74' lang='lat' dir='ltr'>germinans,</span> 
     </span>
     <span class='ocr_line' id='line_1_11' title="bbox 107 1086 1760 1169; baseline 0 -16"><span class='ocrx_word' id='word_1_130' title='bbox 107 1096 298 1169; x_wconf 78' lang='lat' dir='ltr'>frequentatur</span> <span class='ocrx_word' id='word_1_131' title='bbox 322 1091 454 1149; x_wconf 84' lang='lat' dir='ltr'>memoria</span> <span class='ocrx_word' id='word_1_132' title='bbox 477 1089 637 1145; x_wconf 86' lang='lat' dir='ltr'>sanctitatis.</span> <span class='ocrx_word' id='word_1_133' title='bbox 653 1087 750 1143; x_wconf 87' lang='lat' dir='ltr'>Sancte</span> <span class='ocrx_word' id='word_1_134' title='bbox 766 1086 906 1153; x_wconf 82' lang='lat' dir='ltr'>blalaobia,</span> <span class='ocrx_word' id='word_1_135' title='bbox 960 1091 1111 1159; x_wconf 81' lang='lat' dir='ltr'>atllcrens,</span> <span class='ocrx_word' id='word_1_136' title='bbox 1139 1099 1167 1146; x_wconf 89' lang='lat' dir='ltr'>et</span> <span class='ocrx_word' id='word_1_137' title='bbox 1190 1107 1322 1165; x_wconf 73' lang='lat' dir='ltr'>spargens</span> <span class='ocrx_word' id='word_1_138' title='bbox 1344 1093 1444 1163; x_wconf 89' lang='lat' dir='ltr'>ubique</span> <span class='ocrx_word' id='word_1_139' title='bbox 1466 1095 1600 1154; x_wconf 84' lang='lat' dir='ltr'>vivificum</span> <span class='ocrx_word' id='word_1_140' title='bbox 1622 1101 1760 1159; x_wconf 72' lang='lat' dir='ltr'>suavitatis</span> 
     </span>
     <span class='ocr_line' id='line_1_12' title="bbox 107 1176 1760 1252; baseline -0.001 -7"><span class='ocrx_word' id='word_1_141' title='bbox 107 1200 267 1244; x_wconf 80' lang='lat' dir='ltr'>serranum</span> <span class='ocrx_word' id='word_1_142' title='bbox 281 1183 309 1239; x_wconf 89' lang='lat' dir='ltr'>in</span> <span class='ocrx_word' id='word_1_143' title='bbox 327 1183 468 1238; x_wconf 87' lang='lat' dir='ltr'>sanctitate</span> <span class='ocrx_word' id='word_1_144' title='bbox 490 1188 517 1235; x_wconf 88' lang='lat' dir='ltr'>at</span> <span class='ocrx_word' id='word_1_145' title='bbox 538 1178 651 1248; x_wconf 82' lang='lat' dir='ltr'>justitia,</span> <span class='ocrx_word' id='word_1_146' title='bbox 667 1176 795 1232; x_wconf 90' lang='lat' dir='ltr'>misertus</span> <span class='ocrx_word' id='word_1_147' title='bbox 809 1177 905 1242; x_wconf 82' lang='lat' dir='ltr'>nostri,</span> <span class='ocrx_word' id='word_1_148' title='bbox 944 1178 1082 1244; x_wconf 71' lang='lat' dir='ltr'>odoram,</span> <span class='ocrx_word' id='word_1_149' title='bbox 1098 1179 1177 1248; x_wconf 88' lang='lat' dir='ltr'>cujus</span> <span class='ocrx_word' id='word_1_150' title='bbox 1204 1179 1275 1252; x_wconf 91' lang='lat' dir='ltr'>apud</span> <span class='ocrx_word' id='word_1_151' title='bbox 1293 1196 1345 1237; x_wconf 89' lang='lat' dir='ltr'>nos</span> <span class='ocrx_word' id='word_1_152' title='bbox 1368 1183 1499 1238; x_wconf 90' lang='lat' dir='ltr'>memoria</span> <span class='ocrx_word' id='word_1_153' title='bbox 1525 1185 1552 1239; x_wconf 88' lang='lat' dir='ltr'>in</span> <span class='ocrx_word' id='word_1_154' title='bbox 1573 1186 1760 1246; x_wconf 86' lang='lat' dir='ltr'>benedictione</span> 
     </span>
     <span class='ocr_line' id='line_1_13' title="bbox 107 1264 1817 1347; baseline -0.001 -14"><span class='ocrx_word' id='word_1_155' title='bbox 107 1275 155 1347; x_wconf 92' lang='lat' dir='ltr'>qui</span> <span class='ocrx_word' id='word_1_156' title='bbox 168 1273 240 1330; x_wconf 84' lang='lat' dir='ltr'>inter</span> <span class='ocrx_word' id='word_1_157' title='bbox 263 1279 304 1329; x_wconf 89' lang='lat' dir='ltr'>tot</span> <span class='ocrx_word' id='word_1_158' title='bbox 331 1278 358 1327; x_wconf 91' lang='lat' dir='ltr'>et</span> <span class='ocrx_word' id='word_1_159' title='bbox 386 1278 474 1326; x_wconf 88' lang='lat' dir='ltr'>tantas</span> <span class='ocrx_word' id='word_1_160' title='bbox 499 1267 621 1324; x_wconf 88' lang='lat' dir='ltr'>miserias</span> <span class='ocrx_word' id='word_1_161' title='bbox 647 1264 804 1320; x_wconf 84' lang='lat' dir='ltr'>memoriam</span> <span class='ocrx_word' id='word_1_162' title='bbox 820 1264 908 1320; x_wconf 88' lang='lat' dir='ltr'>abun-</span> <span class='ocrx_word' id='word_1_163' title='bbox 960 1267 1218 1338; x_wconf 88' lang='lat' dir='ltr'>est,apudsuperns</span> <span class='ocrx_word' id='word_1_164' title='bbox 1232 1268 1373 1332; x_wconf 77' lang='lat' dir='ltr'>prasentia</span> <span class='ocrx_word' id='word_1_165' title='bbox 1387 1269 1414 1323; x_wconf 91' lang='lat' dir='ltr'>in</span> <span class='ocrx_word' id='word_1_166' title='bbox 1429 1271 1544 1326; x_wconf 90' lang='lat' dir='ltr'>bonorel</span> <span class='ocrx_word' id='word_1_167' title='bbox 1558 1274 1759 1334; x_wconf 71' lang='lat' dir='ltr'>damnantibus</span> <span class='ocrx_word' id='word_1_168' title='bbox 1814 1282 1817 1288; x_wconf 82' lang='grc'><strong>’</strong></span> 
     </span>
     <span class='ocr_line' id='line_1_14' title="bbox 108 1354 1759 1427; baseline -0.007 -5"><span class='ocrx_word' id='word_1_169' title='bbox 108 1360 210 1420; x_wconf 67' lang='lat' dir='ltr'>&amp;ntis</span> <span class='ocrx_word' id='word_1_170' title='bbox 225 1358 365 1418; x_wconf 82' lang='lat' dir='ltr'>suavitatis</span> <span class='ocrx_word' id='word_1_171' title='bbox 386 1365 440 1413; x_wconf 80' lang='lat' dir='ltr'>tua</span> <span class='ocrx_word' id='word_1_172' title='bbox 464 1361 627 1413; x_wconf 86' lang='lat' dir='ltr'>eructamus.</span> <span class='ocrx_word' id='word_1_173' title='bbox 652 1354 749 1424; x_wconf 77' lang='lat' dir='ltr'>linqua</span> <span class='ocrx_word' id='word_1_174' title='bbox 770 1360 909 1423; x_wconf 88' lang='lat' dir='ltr'>estsuper</span> <span class='ocrx_word' id='word_1_175' title='bbox 961 1355 1464 1427; x_wconf 83' lang='lat' dir='ltr'>tetantaepleniludinispartieipiouon</span> <span class='ocrx_word' id='word_1_176' title='bbox 1472 1358 1759 1422; x_wconf 77' lang='lat' dir='ltr'>fraudari.01uminc.</span> 
     </span>
     <span class='ocr_line' id='line_1_15' title="bbox 108 1439 1760 1557; baseline -0.008 -49"><span class='ocrx_word' id='word_1_177' title='bbox 108 1461 136 1508; x_wconf 87' lang='lat' dir='ltr'>te</span> <span class='ocrx_word' id='word_1_178' title='bbox 147 1451 248 1507; x_wconf 84' lang='lat' dir='ltr'>diviuae</span> <span class='ocrx_word' id='word_1_179' title='bbox 270 1445 435 1520; x_wconf 85' lang='lat' dir='ltr'>dispensatio</span> <span class='ocrx_word' id='word_1_180' title='bbox 457 1444 580 1518; x_wconf 87' lang='lat' dir='ltr'>pietatis:</span> <span class='ocrx_word' id='word_1_181' title='bbox 600 1441 647 1514; x_wconf 89' lang='lat' dir='ltr'>qui</span> <span class='ocrx_word' id='word_1_182' title='bbox 670 1449 697 1496; x_wconf 86' lang='lat' dir='ltr'>te</span> <span class='ocrx_word' id='word_1_183' title='bbox 718 1455 829 1511; x_wconf 90' lang='lat' dir='ltr'>parvum</span> <span class='ocrx_word' id='word_1_184' title='bbox 845 1439 907 1496; x_wconf 88' lang='lat' dir='ltr'>lecit</span> <span class='ocrx_word' id='word_1_185' title='bbox 921 1479 945 1557; x_wconf 64' lang='grc' dir='ltr'><strong>Β</strong></span> <span class='ocrx_word' id='word_1_186' title='bbox 961 1457 1141 1515; x_wconf 74' lang='lat' dir='ltr'>remagnnm,</span> <span class='ocrx_word' id='word_1_187' title='bbox 1152 1443 1235 1498; x_wconf 81' lang='lat' dir='ltr'>etlux</span> <span class='ocrx_word' id='word_1_188' title='bbox 1248 1443 1274 1498; x_wconf 93' lang='lat' dir='ltr'>iu</span> <span class='ocrx_word' id='word_1_189' title='bbox 1286 1444 1405 1500; x_wconf 89' lang='lat' dir='ltr'>tenebris</span> <span class='ocrx_word' id='word_1_190' title='bbox 1416 1445 1760 1521; x_wconf 64' lang='lat' dir='ltr'>lucarqstgnommffldn,</span> 
     </span>
     <span class='ocr_line' id='line_1_16' title="bbox 110 1527 1758 1608; baseline -0.013 6"><span class='ocrx_word' id='word_1_191' title='bbox 110 1541 138 1597; x_wconf 61' lang='lat'>5⁰</span> <span class='ocrx_word' id='word_1_192' title='bbox 153 1537 244 1596; x_wconf 65' lang='lat' dir='ltr'>⁰⁰l¹¹i⁸</span> <span class='ocrx_word' id='word_1_193' title='bbox 258 1536 322 1604; x_wconf 60' lang='lat'>‘¹¹5⁸’</span> <span class='ocrx_word' id='word_1_194' title='bbox 338 1549 466 1608; x_wconf 53' lang='lat' dir='ltr'>namnum</span> <span class='ocrx_word' id='word_1_195' title='bbox 476 1533 502 1589; x_wconf 59' lang='lat'>5¹¹</span> <span class='ocrx_word' id='word_1_196' title='bbox 521 1532 598 1600; x_wconf 72' lang='lat' dir='ltr'>⁸⁰i⁸i</span> <span class='ocrx_word' id='word_1_197' title='bbox 613 1529 660 1602; x_wconf 92' lang='lat' dir='ltr'>qui</span> <span class='ocrx_word' id='word_1_198' title='bbox 674 1545 773 1602; x_wconf 64' lang='lat' dir='ltr'>“lilim</span> <span class='ocrx_word' id='word_1_199' title='bbox 786 1527 849 1585; x_wconf 55' lang='lat' dir='ltr'>fiili</span> <span class='ocrx_word' id='word_1_200' title='bbox 859 1544 907 1600; x_wconf 69' lang='grc'>000</span> <span class='ocrx_word' id='word_1_201' title='bbox 962 1541 990 1587; x_wconf 90' lang='lat' dir='ltr'>et</span> <span class='ocrx_word' id='word_1_202' title='bbox 1004 1530 1162 1586; x_wconf 87' lang='lat' dir='ltr'>meritorum</span> <span class='ocrx_word' id='word_1_203' title='bbox 1176 1530 1332 1589; x_wconf 86' lang='lat' dir='ltr'>illuminaus</span> <span class='ocrx_word' id='word_1_204' title='bbox 1341 1547 1488 1605; x_wconf 85' lang='lat' dir='ltr'>carcerem,</span> <span class='ocrx_word' id='word_1_205' title='bbox 1507 1536 1647 1594; x_wconf 88' lang='lat' dir='ltr'>laetiiicans</span> <span class='ocrx_word' id='word_1_206' title='bbox 1661 1541 1758 1595; x_wconf 86' lang='lat' dir='ltr'>civita·</span> 
     </span>
     <span class='ocr_line' id='line_1_17' title="bbox 111 1615 1761 1697; baseline -0.005 -14"><span class='ocrx_word' id='word_1_207' title='bbox 111 1636 149 1696; x_wconf 91' lang='lat' dir='ltr'>te,</span> <span class='ocrx_word' id='word_1_208' title='bbox 164 1627 272 1684; x_wconf 80' lang='lat' dir='ltr'>salvam</span> <span class='ocrx_word' id='word_1_209' title='bbox 294 1624 408 1697; x_wconf 88' lang='lat' dir='ltr'>patriam</span> <span class='ocrx_word' id='word_1_210' title='bbox 430 1630 515 1687; x_wconf 87' lang='lat' dir='ltr'>tuam,</span> <span class='ocrx_word' id='word_1_211' title='bbox 540 1634 636 1692; x_wconf 78' lang='lat' dir='ltr'>magua</span> <span class='ocrx_word' id='word_1_212' title='bbox 662 1617 727 1674; x_wconf 85' lang='lat' dir='ltr'>iecit</span> <span class='ocrx_word' id='word_1_213' title='bbox 748 1616 808 1685; x_wconf 91' lang='lat' dir='ltr'>tibi,</span> <span class='ocrx_word' id='word_1_214' title='bbox 824 1617 910 1672; x_wconf 90' lang='lat' dir='ltr'>intro·</span> <span class='ocrx_word' id='word_1_215' title='bbox 963 1625 1017 1673; x_wconf 87' lang='lat' dir='ltr'>tem</span> <span class='ocrx_word' id='word_1_216' title='bbox 1030 1615 1037 1672; x_wconf 91' lang='lat' dir='ltr'>l</span> <span class='ocrx_word' id='word_1_217' title='bbox 1049 1617 1113 1689; x_wconf 79' lang='lat' dir='ltr'>luga</span> <span class='ocrx_word' id='word_1_218' title='bbox 1123 1618 1294 1675; x_wconf 81' lang='lat' dir='ltr'>decernibus</span> <span class='ocrx_word' id='word_1_219' title='bbox 1305 1621 1415 1688; x_wconf 89' lang='lat' dir='ltr'>nostris,</span> <span class='ocrx_word' id='word_1_220' title='bbox 1427 1621 1557 1679; x_wconf 89' lang='lat' dir='ltr'>virtutum</span> <span class='ocrx_word' id='word_1_221' title='bbox 1571 1625 1761 1696; x_wconf 72' lang='lat' dir='ltr'>splendoribus</span> 
     </span>
     <span class='ocr_line' id='line_1_18' title="bbox 101 1705 1761 1785; baseline -0.005 -11"><span class='ocrx_word' id='word_1_222' title='bbox 101 1716 217 1774; x_wconf 82' lang='lat' dir='ltr'>&#39;ducens</span> <span class='ocrx_word' id='word_1_223' title='bbox 240 1722 267 1771; x_wconf 90' lang='lat' dir='ltr'>ts</span> <span class='ocrx_word' id='word_1_224' title='bbox 288 1714 317 1768; x_wconf 92' lang='lat' dir='ltr'>in</span> <span class='ocrx_word' id='word_1_225' title='bbox 344 1712 460 1785; x_wconf 78' lang='lat' dir='ltr'>gloriam</span> <span class='ocrx_word' id='word_1_226' title='bbox 486 1725 573 1766; x_wconf 91' lang='lat' dir='ltr'>suam.</span> <span class='ocrx_word' id='word_1_227' title='bbox 596 1707 738 1764; x_wconf 79' lang='lat' dir='ltr'>Festivitas</span> <span class='ocrx_word' id='word_1_228' title='bbox 765 1712 821 1770; x_wconf 89' lang='lat' dir='ltr'>tua,</span> <span class='ocrx_word' id='word_1_229' title='bbox 847 1721 908 1777; x_wconf 77' lang='lat' dir='ltr'>quan</span> <span class='ocrx_word' id='word_1_230' title='bbox 962 1707 1087 1762; x_wconf 81' lang='lat' dir='ltr'>tenebras</span> <span class='ocrx_word' id='word_1_231' title='bbox 1101 1705 1237 1762; x_wconf 84' lang='lat' dir='ltr'>vitiorum.</span> <span class='ocrx_word' id='word_1_232' title='bbox 1253 1705 1519 1779; x_wconf 88' lang='lat' dir='ltr'>Ostellamatutina,</span> <span class='ocrx_word' id='word_1_233' title='bbox 1536 1727 1570 1767; x_wconf 91' lang='lat' dir='ltr'>eo</span> <span class='ocrx_word' id='word_1_234' title='bbox 1583 1713 1688 1770; x_wconf 74' lang='lat' dir='ltr'>caeteris</span> <span class='ocrx_word' id='word_1_235' title='bbox 1702 1716 1761 1771; x_wconf 87' lang='lat' dir='ltr'>cla·</span> 
     </span>
     <span class='ocr_line' id='line_1_19' title="bbox 104 1793 1758 1871; baseline 0 -8"><span class='ocrx_word' id='word_1_236' title='bbox 104 1803 212 1862; x_wconf 62' lang='lat' dir='ltr'>&#39;morito</span> <span class='ocrx_word' id='word_1_237' title='bbox 225 1803 279 1859; x_wconf 89' lang='lat' dir='ltr'>tuis</span> <span class='ocrx_word' id='word_1_238' title='bbox 294 1802 436 1858; x_wconf 59' lang='lat' dir='ltr'>nautibus</span> <span class='ocrx_word' id='word_1_239' title='bbox 454 1799 543 1856; x_wconf 79' lang='lat' dir='ltr'>vatim</span> <span class='ocrx_word' id='word_1_240' title='bbox 565 1796 742 1868; x_wconf 80' lang='lat' dir='ltr'>impenditur,</span> <span class='ocrx_word' id='word_1_241' title='bbox 761 1794 814 1850; x_wconf 88' lang='lat' dir='ltr'>tuis</span> <span class='ocrx_word' id='word_1_242' title='bbox 826 1793 907 1849; x_wconf 93' lang='lat' dir='ltr'>nobis</span> <span class='ocrx_word' id='word_1_243' title='bbox 964 1794 1028 1862; x_wconf 90' lang='lat' dir='ltr'>rior,</span> <span class='ocrx_word' id='word_1_244' title='bbox 1052 1810 1106 1866; x_wconf 93' lang='lat' dir='ltr'>quo</span> <span class='ocrx_word' id='word_1_245' title='bbox 1126 1794 1185 1850; x_wconf 88' lang='lat' dir='ltr'>Diei</span> <span class='ocrx_word' id='word_1_246' title='bbox 1209 1793 1303 1867; x_wconf 65' lang='lat' dir='ltr'>[olias</span> <span class='ocrx_word' id='word_1_247' title='bbox 1329 1796 1396 1870; x_wconf 86' lang='lat' dir='ltr'>Deo]</span> <span class='ocrx_word' id='word_1_248' title='bbox 1420 1799 1542 1871; x_wconf 83' lang='lat' dir='ltr'>vicinior,</span> <span class='ocrx_word' id='word_1_249' title='bbox 1567 1802 1680 1860; x_wconf 82' lang='lat' dir='ltr'>similior</span> <span class='ocrx_word' id='word_1_250' title='bbox 1693 1805 1758 1863; x_wconf 88' lang='lat' dir='ltr'>solil</span> 
     </span>
     <span class='ocr_line' id='line_1_20' title="bbox 112 1883 1759 1963; baseline -0.002 -11"><span class='ocrx_word' id='word_1_251' title='bbox 112 1894 246 1952; x_wconf 87' lang='lat' dir='ltr'>eilicialur</span> <span class='ocrx_word' id='word_1_252' title='bbox 259 1891 363 1949; x_wconf 84' lang='lat' dir='ltr'>meritis</span> <span class='ocrx_word' id='word_1_253' title='bbox 375 1898 402 1946; x_wconf 89' lang='lat' dir='ltr'>et</span> <span class='ocrx_word' id='word_1_254' title='bbox 418 1888 544 1961; x_wconf 89' lang='lat' dir='ltr'>precibus</span> <span class='ocrx_word' id='word_1_255' title='bbox 560 1885 694 1942; x_wconf 77' lang='lat' dir='ltr'>sununs.</span> <span class='ocrx_word' id='word_1_256' title='bbox 709 1883 830 1939; x_wconf 82' lang='lat' dir='ltr'>Gloriam</span> <span class='ocrx_word' id='word_1_257' title='bbox 845 1898 907 1937; x_wconf 85' lang='lat' dir='ltr'>sau·</span> <span class='ocrx_word' id='word_1_258' title='bbox 962 1883 1076 1955; x_wconf 73' lang='lat' dir='ltr'>dignare</span> <span class='ocrx_word' id='word_1_259' title='bbox 1086 1884 1181 1952; x_wconf 84' lang='lat' dir='ltr'>praeire</span> <span class='ocrx_word' id='word_1_260' title='bbox 1195 1884 1283 1949; x_wconf 88' lang='lat' dir='ltr'>uobis,</span> <span class='ocrx_word' id='word_1_261' title='bbox 1297 1895 1327 1941; x_wconf 93' lang='lat' dir='ltr'>ut</span> <span class='ocrx_word' id='word_1_262' title='bbox 1336 1894 1362 1940; x_wconf 89' lang='lat' dir='ltr'>et</span> <span class='ocrx_word' id='word_1_263' title='bbox 1372 1887 1459 1942; x_wconf 89' lang='lat' dir='ltr'>uosin</span> <span class='ocrx_word' id='word_1_264' title='bbox 1469 1889 1569 1944; x_wconf 83' lang='lat' dir='ltr'>lumine</span> <span class='ocrx_word' id='word_1_265' title='bbox 1581 1893 1759 1963; x_wconf 84' lang='lat' dir='ltr'>avnbulemus,</span> 
     </span>
     <span class='ocr_line' id='line_1_21' title="bbox 99 1971 1761 2052; baseline -0.002 -12"><span class='ocrx_word' id='word_1_266' title='bbox 99 1982 211 2049; x_wconf 61' lang='lat' dir='ltr'>‚olitanis</span> <span class='ocrx_word' id='word_1_267' title='bbox 225 1990 288 2051; x_wconf 77' lang='lat' dir='ltr'>tum,</span> <span class='ocrx_word' id='word_1_268' title='bbox 309 1993 371 2052; x_wconf 78' lang='lat' dir='ltr'>quea¹</span> <span class='ocrx_word' id='word_1_269' title='bbox 385 1995 402 2035; x_wconf 91' lang='lat' dir='ltr'>a</span> <span class='ocrx_word' id='word_1_270' title='bbox 416 1977 494 2033; x_wconf 90' lang='lat' dir='ltr'>uobis</span> <span class='ocrx_word' id='word_1_271' title='bbox 512 1974 707 2047; x_wconf 78' lang='lat' dir='ltr'>frequentatur,</span> <span class='ocrx_word' id='word_1_272' title='bbox 733 1972 907 2029; x_wconf 87' lang='lat' dir='ltr'>continuatur</span> <span class='ocrx_word' id='word_1_273' title='bbox 961 1973 1040 2045; x_wconf 91' lang='lat' dir='ltr'>quasi</span> <span class='ocrx_word' id='word_1_274' title='bbox 1067 1971 1116 2027; x_wconf 89' lang='lat' dir='ltr'>dlii</span> <span class='ocrx_word' id='word_1_275' title='bbox 1138 1971 1218 2040; x_wconf 89' lang='lat' dir='ltr'>lucis,</span> <span class='ocrx_word' id='word_1_276' title='bbox 1238 1981 1331 2028; x_wconf 90' lang='lat' dir='ltr'>etnou</span> <span class='ocrx_word' id='word_1_277' title='bbox 1344 1972 1391 2028; x_wconf 88' lang='lat' dir='ltr'>lilii</span> <span class='ocrx_word' id='word_1_278' title='bbox 1415 1977 1641 2034; x_wconf 82' lang='lat' dir='ltr'>tenebrarumo</span> <span class='ocrx_word' id='word_1_279' title='bbox 1663 1997 1761 2038; x_wconf 89' lang='lat' dir='ltr'>aurora</span> 
     </span>
     <span class='ocr_line' id='line_1_22' title="bbox 113 2060 1762 2146; baseline -0.007 -17"><span class='ocrx_word' id='word_1_280' title='bbox 113 2076 148 2129; x_wconf 94' lang='lat' dir='ltr'>ab</span> <span class='ocrx_word' id='word_1_281' title='bbox 166 2068 280 2146; x_wconf 67' lang='lat' dir='ltr'>angelis,</span> <span class='ocrx_word' id='word_1_282' title='bbox 296 2069 397 2125; x_wconf 86' lang='lat' dir='ltr'>sicsrit</span> <span class='ocrx_word' id='word_1_283' title='bbox 408 2065 487 2122; x_wconf 88' lang='lat' dir='ltr'>nobis</span> <span class='ocrx_word' id='word_1_284' title='bbox 505 2064 589 2137; x_wconf 75' lang='lat' dir='ltr'>dique</span> <span class='ocrx_word' id='word_1_285' title='bbox 600 2062 732 2133; x_wconf 88' lang='lat' dir='ltr'>jucunda,</span> <span class='ocrx_word' id='word_1_286' title='bbox 748 2060 772 2117; x_wconf 89' lang='lat' dir='ltr'>si</span> <span class='ocrx_word' id='word_1_287' title='bbox 785 2060 866 2117; x_wconf 87' lang='lat' dir='ltr'>luerit</span> <span class='ocrx_word' id='word_1_288' title='bbox 879 2067 907 2114; x_wconf 86' lang='lat' dir='ltr'>et</span> <span class='ocrx_word' id='word_1_289' title='bbox 959 2061 1083 2118; x_wconf 88' lang='lat' dir='ltr'>diescens</span> <span class='ocrx_word' id='word_1_290' title='bbox 1096 2076 1179 2132; x_wconf 88' lang='lat' dir='ltr'>super</span> <span class='ocrx_word' id='word_1_291' title='bbox 1194 2073 1302 2128; x_wconf 85' lang='lat' dir='ltr'>terram,</span> <span class='ocrx_word' id='word_1_292' title='bbox 1322 2063 1369 2118; x_wconf 89' lang='lat' dir='ltr'>sed</span> <span class='ocrx_word' id='word_1_293' title='bbox 1397 2065 1552 2134; x_wconf 88' lang='lat' dir='ltr'>superiores</span> <span class='ocrx_word' id='word_1_294' title='bbox 1577 2066 1640 2125; x_wconf 86' lang='lat' dir='ltr'>coeli</span> <span class='ocrx_word' id='word_1_295' title='bbox 1667 2071 1762 2142; x_wconf 72' lang='lat' dir='ltr'>plngm</span> 
     </span>
     <span class='ocr_line' id='line_1_23' title="bbox 108 2148 1758 2225; baseline -0.002 -8"><span class='ocrx_word' id='word_1_296' title='bbox 108 2155 262 2217; x_wconf 73' lang='lat' dir='ltr'>‘fructuosa</span> <span class='ocrx_word' id='word_1_297' title='bbox 283 2156 374 2212; x_wconf 74' lang='lat' dir='ltr'>liceat</span> <span class='ocrx_word' id='word_1_298' title='bbox 388 2154 465 2210; x_wconf 92' lang='lat' dir='ltr'>uobis</span> <span class='ocrx_word' id='word_1_299' title='bbox 475 2153 590 2225; x_wconf 86' lang='lat' dir='ltr'>aliquos,</span> <span class='ocrx_word' id='word_1_300' title='bbox 600 2160 625 2208; x_wconf 90' lang='lat' dir='ltr'>te</span> <span class='ocrx_word' id='word_1_301' title='bbox 635 2149 777 2225; x_wconf 77' lang='lat' dir='ltr'>migrante,</span> <span class='ocrx_word' id='word_1_302' title='bbox 794 2148 908 2205; x_wconf 77' lang='lat' dir='ltr'>reticem</span> <span class='ocrx_word' id='word_1_303' title='bbox 961 2148 1007 2205; x_wconf 81' lang='lat' dir='ltr'>lux</span> <span class='ocrx_word' id='word_1_304' title='bbox 1022 2149 1172 2206; x_wconf 90' lang='lat' dir='ltr'>meridiana</span> <span class='ocrx_word' id='word_1_305' title='bbox 1198 2150 1380 2222; x_wconf 89' lang='lat' dir='ltr'>perlustrausl</span> <span class='ocrx_word' id='word_1_306' title='bbox 1397 2153 1491 2225; x_wconf 84' lang='lat' dir='ltr'>recipe</span> <span class='ocrx_word' id='word_1_307' title='bbox 1507 2169 1558 2209; x_wconf 89' lang='lat' dir='ltr'>nus</span> <span class='ocrx_word' id='word_1_308' title='bbox 1569 2155 1595 2211; x_wconf 91' lang='lat' dir='ltr'>in</span> <span class='ocrx_word' id='word_1_309' title='bbox 1619 2157 1758 2216; x_wconf 86' lang='lat' dir='ltr'>consortio</span> 
     </span>
     <span class='ocr_line' id='line_1_24' title="bbox 97 2236 1761 2326; baseline 0.01 -46"><span class='ocrx_word' id='word_1_310' title='bbox 97 2246 241 2326; x_wconf 66' lang='lat' dir='ltr'>,reliquias</span> <span class='ocrx_word' id='word_1_311' title='bbox 254 2236 908 2315; x_wconf 79' lang='lat' dir='ltr'>defructibusspiritus,quibusouuslusaseendis</span> <span class='ocrx_word' id='word_1_312' title='bbox 962 2238 1080 2306; x_wconf 91' lang='lat' dir='ltr'>luminis,</span> <span class='ocrx_word' id='word_1_313' title='bbox 1096 2254 1151 2310; x_wconf 87' lang='lat' dir='ltr'>quo</span> <span class='ocrx_word' id='word_1_314' title='bbox 1165 2236 1334 2297; x_wconf 88' lang='lat' dir='ltr'>illuminatus</span> <span class='ocrx_word' id='word_1_315' title='bbox 1347 2247 1375 2298; x_wconf 86' lang='lat' dir='ltr'>et</span> <span class='ocrx_word' id='word_1_316' title='bbox 1388 2240 1441 2295; x_wconf 88' lang='lat' dir='ltr'>late</span> <span class='ocrx_word' id='word_1_317' title='bbox 1451 2241 1519 2299; x_wconf 87' lang='lat' dir='ltr'>ioris</span> <span class='ocrx_word' id='word_1_318' title='bbox 1539 2245 1622 2317; x_wconf 80' lang='lat' dir='ltr'>luces,</span> <span class='ocrx_word' id='word_1_319' title='bbox 1644 2258 1671 2303; x_wconf 84' lang='lat' dir='ltr'>ct</span> <span class='ocrx_word' id='word_1_320' title='bbox 1688 2247 1761 2305; x_wconf 71' lang='lat' dir='ltr'>intus</span> 
     </span>
     <span class='ocr_line' id='line_1_25' title="bbox 113 2325 1762 2411; baseline -0.002 -17"><span class='ocrx_word' id='word_1_321' title='bbox 113 2337 161 2411; x_wconf 92' lang='lat' dir='ltr'>qni</span> <span class='ocrx_word' id='word_1_322' title='bbox 171 2338 200 2392; x_wconf 93' lang='lat' dir='ltr'>in</span> <span class='ocrx_word' id='word_1_323' title='bbox 210 2343 258 2392; x_wconf 90' lang='lat' dir='ltr'>tuo</span> <span class='ocrx_word' id='word_1_324' title='bbox 273 2334 354 2391; x_wconf 89' lang='lat' dir='ltr'>hodie</span> <span class='ocrx_word' id='word_1_325' title='bbox 369 2343 422 2389; x_wconf 88' lang='lat' dir='ltr'>tam</span> <span class='ocrx_word' id='word_1_326' title='bbox 437 2328 700 2388; x_wconf 89' lang='lat' dir='ltr'>deliciosocouvivio</span> <span class='ocrx_word' id='word_1_327' title='bbox 715 2342 906 2401; x_wconf 72' lang='lat' dir='ltr'>segregamur.</span> <span class='ocrx_word' id='word_1_328' title='bbox 961 2325 1081 2384; x_wconf 88' lang='lat' dir='ltr'>suaviter</span> <span class='ocrx_word' id='word_1_329' title='bbox 1099 2327 1187 2392; x_wconf 86' lang='lat' dir='ltr'>ardes,</span> <span class='ocrx_word' id='word_1_330' title='bbox 1203 2335 1349 2399; x_wconf 74' lang='lat' dir='ltr'>prestante</span> <span class='ocrx_word' id='word_1_331' title='bbox 1364 2329 1482 2386; x_wconf 83' lang='lat' dir='ltr'>Domino</span> <span class='ocrx_word' id='word_1_332' title='bbox 1496 2335 1664 2391; x_wconf 80' lang='lat' dir='ltr'>uostrnlesu</span> <span class='ocrx_word' id='word_1_333' title='bbox 1680 2334 1762 2391; x_wconf 90' lang='lat' dir='ltr'>Chri·</span> 
     </span>
     <span class='ocr_line' id='line_1_26' title="bbox 150 2414 1763 2498; baseline -0.003 -16"><span class='ocrx_word' id='word_1_334' title='bbox 150 2430 178 2482; x_wconf 80' lang='lat' dir='ltr'>d.</span> <span class='ocrx_word' id='word_1_335' title='bbox 194 2425 259 2481; x_wconf 88' lang='lat' dir='ltr'>listo</span> <span class='ocrx_word' id='word_1_336' title='bbox 273 2423 362 2491; x_wconf 88' lang='lat' dir='ltr'>nobis,</span> <span class='ocrx_word' id='word_1_337' title='bbox 383 2435 548 2494; x_wconf 82' lang='lat' dir='ltr'>quaesumus,</span> <span class='ocrx_word' id='word_1_338' title='bbox 572 2416 704 2474; x_wconf 86' lang='lat' dir='ltr'>llalacbia</span> <span class='ocrx_word' id='word_1_339' title='bbox 722 2425 826 2484; x_wconf 78' lang='lat' dir='ltr'>smcte,</span> <span class='ocrx_word' id='word_1_340' title='bbox 840 2416 908 2472; x_wconf 85' lang='lat' dir='ltr'>ulier</span> <span class='ocrx_word' id='word_1_341' title='bbox 961 2425 1014 2483; x_wconf 86' lang='lat' dir='ltr'>sto,</span> <span class='ocrx_word' id='word_1_342' title='bbox 1030 2414 1153 2487; x_wconf 91' lang='lat' dir='ltr'>quicum</span> <span class='ocrx_word' id='word_1_343' title='bbox 1173 2416 1252 2472; x_wconf 86' lang='lat' dir='ltr'>Patre</span> <span class='ocrx_word' id='word_1_344' title='bbox 1268 2414 1383 2473; x_wconf 69' lang='grc'>1019</span> <span class='ocrx_word' id='word_1_345' title='bbox 1397 2426 1424 2474; x_wconf 91' lang='lat' dir='ltr'>et</span> <span class='ocrx_word' id='word_1_346' title='bbox 1439 2419 1543 2490; x_wconf 84' lang='lat' dir='ltr'>Spiritu</span> <span class='ocrx_word' id='word_1_347' title='bbox 1557 2430 1652 2479; x_wconf 90' lang='lat' dir='ltr'>sancto</span> <span class='ocrx_word' id='word_1_348' title='bbox 1667 2434 1763 2498; x_wconf 71' lang='lat' dir='ltr'>regnat</span> 
     </span>
     <span class='ocr_line' id='line_1_27' title="bbox 114 2503 1636 2589; baseline -0.005 -16"><span class='ocrx_word' id='word_1_349' title='bbox 114 2517 235 2589; x_wconf 75' lang='lat' dir='ltr'>llopsss,</span> <span class='ocrx_word' id='word_1_350' title='bbox 250 2511 296 2569; x_wconf 90' lang='lat' dir='ltr'>vel</span> <span class='ocrx_word' id='word_1_351' title='bbox 318 2509 387 2569; x_wconf 86' lang='lat' dir='ltr'>alter</span> <span class='ocrx_word' id='word_1_352' title='bbox 407 2510 490 2576; x_wconf 81' lang='lat' dir='ltr'>libas,</span> <span class='ocrx_word' id='word_1_353' title='bbox 506 2508 664 2581; x_wconf 87' lang='lat' dir='ltr'>impertiens</span> <span class='ocrx_word' id='word_1_354' title='bbox 677 2515 705 2563; x_wconf 90' lang='lat' dir='ltr'>et</span> <span class='ocrx_word' id='word_1_355' title='bbox 720 2512 749 2563; x_wconf 91' lang='lat' dir='ltr'>tn</span> <span class='ocrx_word' id='word_1_356' title='bbox 763 2505 798 2561; x_wconf 91' lang='lat' dir='ltr'>de</span> <span class='ocrx_word' id='word_1_357' title='bbox 812 2503 908 2576; x_wconf 89' lang='lat' dir='ltr'>spiritu</span> <span class='ocrx_word' id='word_1_358' title='bbox 938 2528 941 2533; x_wconf 93' lang='lat'>·</span> <span class='ocrx_word' id='word_1_359' title='bbox 962 2505 1036 2561; x_wconf 88' lang='lat' dir='ltr'>Deus</span> <span class='ocrx_word' id='word_1_360' title='bbox 1049 2519 1099 2576; x_wconf 89' lang='lat' dir='ltr'>per</span> <span class='ocrx_word' id='word_1_361' title='bbox 1113 2505 1205 2561; x_wconf 92' lang='lat' dir='ltr'>onmia</span> <span class='ocrx_word' id='word_1_362' title='bbox 1220 2505 1321 2563; x_wconf 84' lang='lat' dir='ltr'>saecula</span> <span class='ocrx_word' id='word_1_363' title='bbox 1335 2508 1509 2565; x_wconf 74' lang='lat' dir='ltr'>seculorum.</span> <span class='ocrx_word' id='word_1_364' title='bbox 1537 2508 1636 2570; x_wconf 77' lang='lat' dir='ltr'>Amen.</span> 
     </span>
    </p>
   </div>
   <div class='ocr_carea' id='block_1_3' title="bbox 620 2701 1244 2771">
    <p class='ocr_par' dir='ltr' id='par_1_3' title="bbox 620 2701 1244 2771">
     <span class='ocr_line' id='line_1_28' title="bbox 620 2701 1244 2771; baseline -0.006 0"><span class='ocrx_word' id='word_1_365' title='bbox 620 2704 856 2771; x_wconf 69' lang='lat' dir='ltr'>talassos.</span> <span class='ocrx_word' id='word_1_366' title='bbox 882 2701 1045 2767; x_wconf 70' lang='lat' dir='ltr'>mauritil</span> <span class='ocrx_word' id='word_1_367' title='bbox 1070 2702 1244 2769; x_wconf 76' lang='lat' dir='ltr'>urlscotl</span> 
     </span>
    </p>
   </div>
   <div class='ocr_carea' id='block_1_4' title="bbox 763 2787 1122 2922">
    <p class='ocr_par' dir='ltr' id='par_1_4' title="bbox 763 2787 1122 2922">
     <span class='ocr_line' id='line_1_29' title="bbox 881 2787 1009 2846; baseline 0.008 -2"><span class='ocrx_word' id='word_1_368' title='bbox 881 2787 1009 2846; x_wconf 76' lang='lat' dir='ltr'>sabito,</span> 
     </span>
     <span class='ocr_line' id='line_1_30' title="bbox 763 2856 1122 2922; baseline -0.008 -10"><span class='ocrx_word' id='word_1_369' title='bbox 763 2861 801 2912; x_wconf 77' lang='lat' dir='ltr'>lle</span> <span class='ocrx_word' id='word_1_370' title='bbox 812 2859 940 2922; x_wconf 75' lang='lat' dir='ltr'>coemptis</span> <span class='ocrx_word' id='word_1_371' title='bbox 957 2856 1122 2910; x_wconf 75' lang='lat' dir='ltr'>odedientia.</span> 
     </span>
    </p>
   </div>
   <div class='ocr_carea' id='block_1_5' title="bbox 95 2945 1775 5518">
    <p class='ocr_par' dir='ltr' id='par_1_5' title="bbox 114 2945 1768 4267">
     <span class='ocr_line' id='line_1_31' title="bbox 154 2945 1765 3042; baseline 0.002 -29"><span class='ocrx_word' id='word_1_372' title='bbox 154 2961 181 3013; x_wconf 86' lang='lat' dir='ltr'>l.</span> <span class='ocrx_word' id='word_1_373' title='bbox 195 2957 274 3026; x_wconf 87' lang='lat' dir='ltr'>Puto,</span> <span class='ocrx_word' id='word_1_374' title='bbox 290 2967 468 3011; x_wconf 90' lang='lat' dir='ltr'>sermonema</span> <span class='ocrx_word' id='word_1_375' title='bbox 482 2950 561 3008; x_wconf 89' lang='lat' dir='ltr'>nobis</span> <span class='ocrx_word' id='word_1_376' title='bbox 575 2950 677 3021; x_wconf 85' lang='lat' dir='ltr'>expetit</span> <span class='ocrx_word' id='word_1_377' title='bbox 691 2957 745 3005; x_wconf 89' lang='lat' dir='ltr'>tam</span> <span class='ocrx_word' id='word_1_378' title='bbox 759 2955 849 3007; x_wconf 86' lang='lat' dir='ltr'>vester</span> <span class='ocrx_word' id='word_1_379' title='bbox 862 2948 913 3004; x_wconf 87' lang='lat' dir='ltr'>istc</span> <span class='ocrx_word' id='word_1_380' title='bbox 929 2962 951 3042; x_wconf 67' lang='lat' dir='ltr'>e</span> <span class='ocrx_word' id='word_1_381' title='bbox 1002 2949 1028 3007; x_wconf 69' lang='grc' dir='ltr'>ι.</span> <span class='ocrx_word' id='word_1_382' title='bbox 1045 2945 1099 3003; x_wconf 90' lang='lat' dir='ltr'>Sed</span> <span class='ocrx_word' id='word_1_383' title='bbox 1110 2946 1185 3002; x_wconf 89' lang='lat' dir='ltr'>uude</span> <span class='ocrx_word' id='word_1_384' title='bbox 1195 2946 1362 3020; x_wconf 74' lang='lat' dir='ltr'>loquemur?</span> <span class='ocrx_word' id='word_1_385' title='bbox 1376 2950 1431 3019; x_wconf 80' lang='lat' dir='ltr'>Qoi</span> <span class='ocrx_word' id='word_1_386' title='bbox 1440 2950 1473 3009; x_wconf 83' lang='lat' dir='ltr'>ds</span> <span class='ocrx_word' id='word_1_387' title='bbox 1484 2956 1562 3013; x_wconf 87' lang='lat' dir='ltr'>terro</span> <span class='ocrx_word' id='word_1_388' title='bbox 1571 2962 1622 3022; x_wconf 81' lang='lat' dir='ltr'>est,</span> <span class='ocrx_word' id='word_1_389' title='bbox 1639 2956 1672 3013; x_wconf 84' lang='lat' dir='ltr'>de</span> <span class='ocrx_word' id='word_1_390' title='bbox 1686 2961 1765 3017; x_wconf 83' lang='lat' dir='ltr'>terra</span> 
     </span>
     <span class='ocr_line' id='line_1_32' title="bbox 115 3033 1766 3116; baseline 0.001 -15"><span class='ocrx_word' id='word_1_391' title='bbox 115 3054 287 3107; x_wconf 84' lang='lat' dir='ltr'>conventus,</span> <span class='ocrx_word' id='word_1_392' title='bbox 308 3056 389 3115; x_wconf 92' lang='lat' dir='ltr'>quam</span> <span class='ocrx_word' id='word_1_393' title='bbox 418 3041 564 3104; x_wconf 88' lang='lat' dir='ltr'>adventus,</span> <span class='ocrx_word' id='word_1_394' title='bbox 594 3039 691 3093; x_wconf 88' lang='lat' dir='ltr'>harum</span> <span class='ocrx_word' id='word_1_395' title='bbox 712 3033 911 3093; x_wconf 86' lang='lat' dir='ltr'>honorabilium</span> <span class='ocrx_word' id='word_1_396' title='bbox 968 3036 1158 3108; x_wconf 61' lang='lat' dir='ltr'>inportunam</span> <span class='ocrx_word' id='word_1_397' title='bbox 1171 3051 1223 3092; x_wconf 78' lang='lat' dir='ltr'>uox</span> <span class='ocrx_word' id='word_1_398' title='bbox 1250 3036 1295 3092; x_wconf 92' lang='lat' dir='ltr'>illa</span> <span class='ocrx_word' id='word_1_399' title='bbox 1313 3037 1453 3096; x_wconf 89' lang='lat' dir='ltr'>clamantis</span> <span class='ocrx_word' id='word_1_400' title='bbox 1468 3042 1560 3110; x_wconf 77' lang='lat' dir='ltr'>(loon.</span> <span class='ocrx_word' id='word_1_401' title='bbox 1589 3048 1706 3116; x_wconf 72' lang='lat' dir='ltr'>¹1¹2³¹l</span> <span class='ocrx_word' id='word_1_402' title='bbox 1724 3048 1766 3103; x_wconf 87' lang='lat' dir='ltr'>De</span> 
     </span>
     <span class='ocr_line' id='line_1_33' title="bbox 116 3124 1766 3206; baseline 0.007 -26"><span class='ocrx_word' id='word_1_403' title='bbox 116 3146 307 3206; x_wconf 67' lang='lat' dir='ltr'>personarum,</span> <span class='ocrx_word' id='word_1_404' title='bbox 324 3147 391 3203; x_wconf 91' lang='lat' dir='ltr'>quas</span> <span class='ocrx_word' id='word_1_405' title='bbox 404 3129 438 3185; x_wconf 90' lang='lat' dir='ltr'>de</span> <span class='ocrx_word' id='word_1_406' title='bbox 458 3128 606 3201; x_wconf 77' lang='lat' dir='ltr'>lonqinquo</span> <span class='ocrx_word' id='word_1_407' title='bbox 628 3126 795 3199; x_wconf 73' lang='lat' dir='ltr'>gratulamur</span> <span class='ocrx_word' id='word_1_408' title='bbox 807 3125 911 3181; x_wconf 89' lang='lat' dir='ltr'>adesse.</span> <span class='ocrx_word' id='word_1_409' title='bbox 966 3128 1036 3179; x_wconf 89' lang='lat' dir='ltr'>tarra</span> <span class='ocrx_word' id='word_1_410' title='bbox 1050 3139 1117 3199; x_wconf 75' lang='lat' dir='ltr'>erqo</span> <span class='ocrx_word' id='word_1_411' title='bbox 1138 3124 1289 3195; x_wconf 88' lang='lat' dir='ltr'>loquamur,</span> <span class='ocrx_word' id='word_1_412' title='bbox 1305 3125 1368 3196; x_wconf 90' lang='lat' dir='ltr'>quia</span> <span class='ocrx_word' id='word_1_413' title='bbox 1395 3127 1429 3181; x_wconf 92' lang='lat' dir='ltr'>de</span> <span class='ocrx_word' id='word_1_414' title='bbox 1443 3135 1513 3183; x_wconf 88' lang='lat' dir='ltr'>terra</span> <span class='ocrx_word' id='word_1_415' title='bbox 1541 3131 1723 3202; x_wconf 87' lang='lat' dir='ltr'>subsistimus,</span> <span class='ocrx_word' id='word_1_416' title='bbox 1738 3141 1766 3191; x_wconf 90' lang='lat' dir='ltr'>et</span> 
     </span>
     <span class='ocr_line' id='line_1_34' title="bbox 116 3210 1763 3296; baseline 0.001 -19"><span class='ocrx_word' id='word_1_417' title='bbox 116 3223 190 3278; x_wconf 87' lang='lat' dir='ltr'>Sane</span> <span class='ocrx_word' id='word_1_418' title='bbox 204 3220 326 3276; x_wconf 89' lang='lat' dir='ltr'>audirem</span> <span class='ocrx_word' id='word_1_419' title='bbox 346 3235 393 3275; x_wconf 89' lang='lat' dir='ltr'>eos</span> <span class='ocrx_word' id='word_1_420' title='bbox 414 3220 473 3296; x_wconf 84' lang='lat' dir='ltr'>ipse</span> <span class='ocrx_word' id='word_1_421' title='bbox 497 3217 641 3273; x_wconf 86' lang='lat' dir='ltr'>libentius:</span> <span class='ocrx_word' id='word_1_422' title='bbox 656 3215 704 3272; x_wconf 88' lang='lat' dir='ltr'>sed</span> <span class='ocrx_word' id='word_1_423' title='bbox 722 3213 850 3288; x_wconf 89' lang='lat' dir='ltr'>quoniam</span> <span class='ocrx_word' id='word_1_424' title='bbox 864 3210 913 3265; x_wconf 90' lang='lat' dir='ltr'>eli·</span> <span class='ocrx_word' id='word_1_425' title='bbox 966 3212 995 3266; x_wconf 91' lang='lat' dir='ltr'>in</span> <span class='ocrx_word' id='word_1_426' title='bbox 1013 3219 1093 3268; x_wconf 89' lang='lat' dir='ltr'>terra.</span> <span class='ocrx_word' id='word_1_427' title='bbox 1103 3211 1212 3278; x_wconf 78' lang='lat' dir='ltr'>Audite,</span> <span class='ocrx_word' id='word_1_428' title='bbox 1229 3214 1331 3285; x_wconf 91' lang='lat' dir='ltr'>quique</span> <span class='ocrx_word' id='word_1_429' title='bbox 1340 3217 1484 3288; x_wconf 74' lang='lat' dir='ltr'>terrigenae</span> <span class='ocrx_word' id='word_1_430' title='bbox 1497 3223 1524 3274; x_wconf 86' lang='lat' dir='ltr'>st</span> <span class='ocrx_word' id='word_1_431' title='bbox 1538 3217 1586 3276; x_wconf 85' lang='lat' dir='ltr'>lilii</span> <span class='ocrx_word' id='word_1_432' title='bbox 1602 3222 1763 3279; x_wconf 89' lang='lat' dir='ltr'>bominum:</span> 
     </span>
     <span class='ocr_line' id='line_1_35' title="bbox 116 3299 1766 3384; baseline 0.003 -21"><span class='ocrx_word' id='word_1_433' title='bbox 116 3317 195 3384; x_wconf 70' lang='lat' dir='ltr'>gunt,</span> <span class='ocrx_word' id='word_1_434' title='bbox 211 3311 266 3366; x_wconf 87' lang='lat' dir='ltr'>imo</span> <span class='ocrx_word' id='word_1_435' title='bbox 281 3319 309 3364; x_wconf 89' lang='lat' dir='ltr'>et</span> <span class='ocrx_word' id='word_1_436' title='bbox 323 3308 435 3381; x_wconf 75' lang='lat' dir='ltr'>exigam</span> <span class='ocrx_word' id='word_1_437' title='bbox 457 3307 542 3380; x_wconf 73' lang='lat' dir='ltr'>magis</span> <span class='ocrx_word' id='word_1_438' title='bbox 563 3313 593 3362; x_wconf 92' lang='lat' dir='ltr'>ut</span> <span class='ocrx_word' id='word_1_439' title='bbox 608 3304 716 3378; x_wconf 87' lang='lat' dir='ltr'>loquar,</span> <span class='ocrx_word' id='word_1_440' title='bbox 736 3305 801 3358; x_wconf 80' lang='lat' dir='ltr'>milri</span> <span class='ocrx_word' id='word_1_441' title='bbox 816 3302 840 3356; x_wconf 92' lang='lat' dir='ltr'>si</span> <span class='ocrx_word' id='word_1_442' title='bbox 858 3316 912 3355; x_wconf 92' lang='lat' dir='ltr'>nou</span> <span class='ocrx_word' id='word_1_443' title='bbox 967 3300 1044 3357; x_wconf 90' lang='lat' dir='ltr'>vobis</span> <span class='ocrx_word' id='word_1_444' title='bbox 1057 3299 1181 3366; x_wconf 90' lang='lat' dir='ltr'>dicimus,</span> <span class='ocrx_word' id='word_1_445' title='bbox 1197 3300 1268 3358; x_wconf 90' lang='lat' dir='ltr'>etde</span> <span class='ocrx_word' id='word_1_446' title='bbox 1282 3301 1367 3359; x_wconf 88' lang='lat' dir='ltr'>vobis.</span> <span class='ocrx_word' id='word_1_447' title='bbox 1387 3304 1417 3358; x_wconf 94' lang='lat' dir='ltr'>ln</span> <span class='ocrx_word' id='word_1_448' title='bbox 1438 3315 1507 3361; x_wconf 85' lang='lat' dir='ltr'>terra</span> <span class='ocrx_word' id='word_1_449' title='bbox 1522 3310 1633 3380; x_wconf 89' lang='lat' dir='ltr'>orimur,</span> <span class='ocrx_word' id='word_1_450' title='bbox 1650 3314 1766 3368; x_wconf 88' lang='lat' dir='ltr'>interra</span> 
     </span>
     <span class='ocr_line' id='line_1_36' title="bbox 117 3388 1767 3470; baseline 0.004 -19"><span class='ocrx_word' id='word_1_451' title='bbox 117 3397 288 3456; x_wconf 81' lang='lat' dir='ltr'>licetaudire</span> <span class='ocrx_word' id='word_1_452' title='bbox 302 3396 583 3462; x_wconf 87' lang='lat' dir='ltr'>eos,eisnecesssest</span> <span class='ocrx_word' id='word_1_453' title='bbox 597 3393 741 3450; x_wconf 89' lang='lat' dir='ltr'>obaudire.</span> <span class='ocrx_word' id='word_1_454' title='bbox 758 3389 912 3464; x_wconf 83' lang='lat' dir='ltr'>litqnident</span> <span class='ocrx_word' id='word_1_455' title='bbox 968 3404 1119 3456; x_wconf 89' lang='lat' dir='ltr'>moramur,</span> <span class='ocrx_word' id='word_1_456' title='bbox 1145 3388 1173 3444; x_wconf 92' lang='lat' dir='ltr'>in</span> <span class='ocrx_word' id='word_1_457' title='bbox 1197 3400 1268 3445; x_wconf 88' lang='lat' dir='ltr'>terra</span> <span class='ocrx_word' id='word_1_458' title='bbox 1291 3391 1431 3462; x_wconf 89' lang='lat' dir='ltr'>morimur,</span> <span class='ocrx_word' id='word_1_459' title='bbox 1454 3403 1616 3470; x_wconf 83' lang='lat' dir='ltr'>revertentes</span> <span class='ocrx_word' id='word_1_460' title='bbox 1643 3399 1672 3454; x_wconf 92' lang='lat' dir='ltr'>in</span> <span class='ocrx_word' id='word_1_461' title='bbox 1704 3416 1767 3457; x_wconf 88' lang='lat' dir='ltr'>eam</span> 
     </span>
     <span class='ocr_line' id='line_1_37' title="bbox 116 3479 1764 3562; baseline 0.002 -19"><span class='ocrx_word' id='word_1_462' title='bbox 116 3488 195 3546; x_wconf 88' lang='lat' dir='ltr'>vivus</span> <span class='ocrx_word' id='word_1_463' title='bbox 209 3494 250 3542; x_wconf 87' lang='lat' dir='ltr'>est</span> <span class='ocrx_word' id='word_1_464' title='bbox 265 3486 345 3542; x_wconf 88' lang='lat' dir='ltr'>nobis</span> <span class='ocrx_word' id='word_1_465' title='bbox 358 3500 449 3540; x_wconf 90' lang='lat' dir='ltr'>sermo</span> <span class='ocrx_word' id='word_1_466' title='bbox 463 3495 517 3539; x_wconf 90' lang='lat' dir='ltr'>tam</span> <span class='ocrx_word' id='word_1_467' title='bbox 528 3485 610 3538; x_wconf 91' lang='lat' dir='ltr'>multa</span> <span class='ocrx_word' id='word_1_468' title='bbox 619 3482 798 3538; x_wconf 90' lang='lat' dir='ltr'>mansuetudo</span> <span class='ocrx_word' id='word_1_469' title='bbox 808 3496 911 3549; x_wconf 86' lang='lat' dir='ltr'>eorum,</span> <span class='ocrx_word' id='word_1_470' title='bbox 968 3480 1038 3534; x_wconf 92' lang='lat' dir='ltr'>unde</span> <span class='ocrx_word' id='word_1_471' title='bbox 1051 3494 1146 3533; x_wconf 90' lang='lat' dir='ltr'>sumus</span> <span class='ocrx_word' id='word_1_472' title='bbox 1160 3479 1301 3550; x_wconf 88' lang='lat' dir='ltr'>assumpti.</span> <span class='ocrx_word' id='word_1_473' title='bbox 1319 3480 1367 3537; x_wconf 88' lang='lat' dir='ltr'>llic</span> <span class='ocrx_word' id='word_1_474' title='bbox 1382 3482 1461 3538; x_wconf 91' lang='lat' dir='ltr'>nobis</span> <span class='ocrx_word' id='word_1_475' title='bbox 1474 3493 1605 3558; x_wconf 66' lang='lat' dir='ltr'>augustus</span> <span class='ocrx_word' id='word_1_476' title='bbox 1628 3487 1764 3562; x_wconf 88' lang='lat' dir='ltr'>introitus,</span> 
     </span>
     <span class='ocr_line' id='line_1_38' title="bbox 117 3563 1765 3648; baseline 0.012 -18"><span class='ocrx_word' id='word_1_477' title='bbox 117 3592 172 3648; x_wconf 90' lang='lat' dir='ltr'>qna</span> <span class='ocrx_word' id='word_1_478' title='bbox 185 3575 310 3631; x_wconf 84' lang='lat' dir='ltr'>videlicet</span> <span class='ocrx_word' id='word_1_479' title='bbox 331 3572 434 3629; x_wconf 89' lang='lat' dir='ltr'>meritis</span> <span class='ocrx_word' id='word_1_480' title='bbox 457 3572 616 3637; x_wconf 81' lang='lat' dir='ltr'>sanctiores,</span> <span class='ocrx_word' id='word_1_481' title='bbox 639 3569 770 3643; x_wconf 76' lang='lat' dir='ltr'>dignitate</span> <span class='ocrx_word' id='word_1_482' title='bbox 790 3569 914 3642; x_wconf 84' lang='lat' dir='ltr'>superio·</span> <span class='ocrx_word' id='word_1_483' title='bbox 968 3582 1045 3621; x_wconf 73' lang='lat' dir='ltr'>mort</span> <span class='ocrx_word' id='word_1_484' title='bbox 1057 3567 1163 3634; x_wconf 87' lang='lat' dir='ltr'>brevis,</span> <span class='ocrx_word' id='word_1_485' title='bbox 1178 3570 1236 3624; x_wconf 76' lang='lat'>⁸⁰¹³</span> <span class='ocrx_word' id='word_1_486' title='bbox 1257 3582 1329 3626; x_wconf 72' lang='lat' dir='ltr'>m⁰l⁸</span> <span class='ocrx_word' id='word_1_487' title='bbox 1343 3579 1429 3628; x_wconf 60' lang='lat' dir='ltr'>cella·</span> <span class='ocrx_word' id='word_1_488' title='bbox 1457 3571 1568 3644; x_wconf 76' lang='lat' dir='ltr'>Cogitur</span> <span class='ocrx_word' id='word_1_489' title='bbox 1582 3581 1655 3633; x_wconf 61' lang='lat'>‘⁰¹⁰⁵</span> <span class='ocrx_word' id='word_1_490' title='bbox 1679 3563 1765 3634; x_wconf 60' lang='grc'><strong>00001</strong></span> 
     </span>
     <span class='ocr_line' id='line_1_39' title="bbox 118 3654 1765 3735; baseline 0.003 -16"><span class='ocrx_word' id='word_1_491' title='bbox 118 3680 173 3732; x_wconf 89' lang='lat' dir='ltr'>res,</span> <span class='ocrx_word' id='word_1_492' title='bbox 190 3663 320 3735; x_wconf 87' lang='lat' dir='ltr'>sapientia</span> <span class='ocrx_word' id='word_1_493' title='bbox 330 3661 534 3733; x_wconf 87' lang='lat' dir='ltr'>locupletiores,</span> <span class='ocrx_word' id='word_1_494' title='bbox 543 3674 598 3716; x_wconf 90' lang='lat' dir='ltr'>non</span> <span class='ocrx_word' id='word_1_495' title='bbox 606 3659 689 3715; x_wconf 91' lang='lat' dir='ltr'>modo</span> <span class='ocrx_word' id='word_1_496' title='bbox 702 3661 737 3714; x_wconf 91' lang='lat' dir='ltr'>ad</span> <span class='ocrx_word' id='word_1_497' title='bbox 752 3658 913 3714; x_wconf 89' lang='lat' dir='ltr'>visitandos.</span> <span class='ocrx_word' id='word_1_498' title='bbox 965 3654 1099 3725; x_wconf 82' lang='lat' dir='ltr'>judicium</span> <span class='ocrx_word' id='word_1_499' title='bbox 1114 3665 1224 3728; x_wconf 88' lang='lat' dir='ltr'>portare</span> <span class='ocrx_word' id='word_1_500' title='bbox 1242 3657 1315 3729; x_wconf 91' lang='lat' dir='ltr'>quod</span> <span class='ocrx_word' id='word_1_501' title='bbox 1334 3660 1441 3714; x_wconf 85' lang='lat' dir='ltr'>meruit.</span> <span class='ocrx_word' id='word_1_502' title='bbox 1457 3661 1589 3717; x_wconf 86' lang='lat' dir='ltr'>Dilatatus</span> <span class='ocrx_word' id='word_1_503' title='bbox 1607 3672 1648 3719; x_wconf 90' lang='lat' dir='ltr'>est</span> <span class='ocrx_word' id='word_1_504' title='bbox 1680 3667 1765 3723; x_wconf 83' lang='lat' dir='ltr'>velte·</span> 
     </span>
     <span class='ocr_line' id='line_1_40' title="bbox 118 3744 1766 3822; baseline 0.001 -12"><span class='ocrx_word' id='word_1_505' title='bbox 118 3753 165 3810; x_wconf 87' lang='lat' dir='ltr'>sed</span> <span class='ocrx_word' id='word_1_506' title='bbox 181 3753 309 3809; x_wconf 89' lang='lat' dir='ltr'>etiamad</span> <span class='ocrx_word' id='word_1_507' title='bbox 326 3752 473 3808; x_wconf 89' lang='lat' dir='ltr'>audiendos</span> <span class='ocrx_word' id='word_1_508' title='bbox 496 3765 547 3806; x_wconf 90' lang='lat' dir='ltr'>nos</span> <span class='ocrx_word' id='word_1_509' title='bbox 568 3750 671 3822; x_wconf 76' lang='lat' dir='ltr'>dignati</span> <span class='ocrx_word' id='word_1_510' title='bbox 687 3757 750 3807; x_wconf 85' lang='lat' dir='ltr'>sunt</span> <span class='ocrx_word' id='word_1_511' title='bbox 767 3748 912 3807; x_wconf 80' lang='lat' dir='ltr'>declinare.</span> <span class='ocrx_word' id='word_1_512' title='bbox 969 3753 1083 3810; x_wconf 86' lang='lat' dir='ltr'>menter,</span> <span class='ocrx_word' id='word_1_513' title='bbox 1100 3744 1295 3816; x_wconf 88' lang='lat' dir='ltr'>multiplicatus</span> <span class='ocrx_word' id='word_1_514' title='bbox 1308 3757 1358 3813; x_wconf 87' lang='lat' dir='ltr'>est,</span> <span class='ocrx_word' id='word_1_515' title='bbox 1370 3756 1396 3802; x_wconf 88' lang='lat' dir='ltr'>et</span> <span class='ocrx_word' id='word_1_516' title='bbox 1417 3747 1531 3819; x_wconf 87' lang='lat' dir='ltr'>replevit</span> <span class='ocrx_word' id='word_1_517' title='bbox 1560 3761 1668 3809; x_wconf 89' lang='lat' dir='ltr'>terram.</span> <span class='ocrx_word' id='word_1_518' title='bbox 1685 3757 1766 3811; x_wconf 80' lang='lat' dir='ltr'>Atta-</span> 
     </span>
     <span class='ocr_line' id='line_1_41' title="bbox 117 3834 1768 3911; baseline 0.002 -15"><span class='ocrx_word' id='word_1_519' title='bbox 117 3840 223 3899; x_wconf 82' lang='lat' dir='ltr'>Ellicax</span> <span class='ocrx_word' id='word_1_520' title='bbox 238 3840 368 3910; x_wconf 89' lang='lat' dir='ltr'>eruditio,</span> <span class='ocrx_word' id='word_1_521' title='bbox 383 3850 411 3897; x_wconf 86' lang='lat' dir='ltr'>et</span> <span class='ocrx_word' id='word_1_522' title='bbox 426 3840 500 3896; x_wconf 89' lang='lat' dir='ltr'>omui</span> <span class='ocrx_word' id='word_1_523' title='bbox 515 3838 598 3911; x_wconf 78' lang='lat' dir='ltr'>digus</span> <span class='ocrx_word' id='word_1_524' title='bbox 613 3839 769 3910; x_wconf 86' lang='lat' dir='ltr'>acceptione</span> <span class='ocrx_word' id='word_1_525' title='bbox 784 3837 913 3893; x_wconf 88' lang='lat' dir='ltr'>doctrina.</span> <span class='ocrx_word' id='word_1_526' title='bbox 969 3849 1032 3889; x_wconf 92' lang='lat' dir='ltr'>men</span> <span class='ocrx_word' id='word_1_527' title='bbox 1046 3834 1119 3904; x_wconf 86' lang='lat' dir='ltr'>velit,</span> <span class='ocrx_word' id='word_1_528' title='bbox 1134 3835 1212 3906; x_wconf 88' lang='lat' dir='ltr'>nolit,</span> <span class='ocrx_word' id='word_1_529' title='bbox 1240 3845 1478 3909; x_wconf 87' lang='lat' dir='ltr'>quantumcunque</span> <span class='ocrx_word' id='word_1_530' title='bbox 1508 3841 1672 3910; x_wconf 85' lang='lat' dir='ltr'>recalcitret,</span> <span class='ocrx_word' id='word_1_531' title='bbox 1703 3846 1768 3902; x_wconf 93' lang='lat' dir='ltr'>uui·</span> 
     </span>
     <span class='ocr_line' id='line_1_42' title="bbox 117 3923 1768 4004; baseline 0.002 -16"><span class='ocrx_word' id='word_1_532' title='bbox 117 3924 259 4004; x_wconf 88' lang='lat' dir='ltr'>Siquidem</span> <span class='ocrx_word' id='word_1_533' title='bbox 273 3943 328 3985; x_wconf 91' lang='lat' dir='ltr'>nou</span> <span class='ocrx_word' id='word_1_534' title='bbox 342 3930 427 3985; x_wconf 83' lang='lat' dir='ltr'>verbo</span> <span class='ocrx_word' id='word_1_535' title='bbox 441 3938 467 3986; x_wconf 92' lang='lat' dir='ltr'>et</span> <span class='ocrx_word' id='word_1_536' title='bbox 483 3929 584 4004; x_wconf 73' lang='lat' dir='ltr'>lingua,</span> <span class='ocrx_word' id='word_1_537' title='bbox 601 3931 649 3987; x_wconf 90' lang='lat' dir='ltr'>sed</span> <span class='ocrx_word' id='word_1_538' title='bbox 664 3943 748 4000; x_wconf 89' lang='lat' dir='ltr'>opere</span> <span class='ocrx_word' id='word_1_539' title='bbox 762 3935 789 3984; x_wconf 87' lang='lat' dir='ltr'>ot</span> <span class='ocrx_word' id='word_1_540' title='bbox 803 3926 917 3982; x_wconf 88' lang='lat' dir='ltr'>veritate</span> <span class='ocrx_word' id='word_1_541' title='bbox 970 3938 1064 3978; x_wconf 89' lang='lat' dir='ltr'>versus</span> <span class='ocrx_word' id='word_1_542' title='bbox 1078 3923 1166 3978; x_wconf 89' lang='lat' dir='ltr'>adbuc</span> <span class='ocrx_word' id='word_1_543' title='bbox 1180 3923 1232 3979; x_wconf 85' lang='lat' dir='ltr'>lert</span> <span class='ocrx_word' id='word_1_544' title='bbox 1246 3926 1405 3981; x_wconf 88' lang='lat' dir='ltr'>sententiam</span> <span class='ocrx_word' id='word_1_545' title='bbox 1419 3943 1502 3998; x_wconf 89' lang='lat' dir='ltr'>quam</span> <span class='ocrx_word' id='word_1_546' title='bbox 1520 3932 1627 4002; x_wconf 84' lang='lat' dir='ltr'>excepit</span> <span class='ocrx_word' id='word_1_547' title='bbox 1650 3949 1656 3990; x_wconf 94' lang='lat'>:</span> <span class='ocrx_word' id='word_1_548' title='bbox 1684 3935 1768 3993; x_wconf 80' lang='lat' dir='ltr'>Terra</span> 
     </span>
     <span class='ocr_line' id='line_1_43' title="bbox 116 4010 1768 4092; baseline 0.011 -17"><span class='ocrx_word' id='word_1_549' title='bbox 116 4036 169 4078; x_wconf 87' lang='lat' dir='ltr'>nos</span> <span class='ocrx_word' id='word_1_550' title='bbox 182 4022 330 4077; x_wconf 71' lang='lat' dir='ltr'>mmonant</span> <span class='ocrx_word' id='word_1_551' title='bbox 352 4019 505 4076; x_wconf 89' lang='lat' dir='ltr'>imitatores</span> <span class='ocrx_word' id='word_1_552' title='bbox 530 4037 593 4077; x_wconf 90' lang='lat' dir='ltr'>snos</span> <span class='ocrx_word' id='word_1_553' title='bbox 616 4035 687 4088; x_wconf 88' lang='lat' dir='ltr'>esse,</span> <span class='ocrx_word' id='word_1_554' title='bbox 703 4019 773 4075; x_wconf 88' lang='lat' dir='ltr'>sicut</span> <span class='ocrx_word' id='word_1_555' title='bbox 787 4017 838 4087; x_wconf 89' lang='lat' dir='ltr'>ipsi</span> <span class='ocrx_word' id='word_1_556' title='bbox 853 4022 918 4071; x_wconf 88' lang='lat' dir='ltr'>sunt</span> <span class='ocrx_word' id='word_1_557' title='bbox 970 4010 1068 4083; x_wconf 62' lang='lat' dir='ltr'>inquii,</span> <span class='ocrx_word' id='word_1_558' title='bbox 1088 4029 1127 4077; x_wconf 69' lang='lat'>⁶⁸2</span> <span class='ocrx_word' id='word_1_559' title='bbox 1139 4015 1168 4067; x_wconf 68' lang='lat'>0²</span> <span class='ocrx_word' id='word_1_560' title='bbox 1181 4015 1331 4071; x_wconf 79' lang='lat' dir='ltr'>interram</span> <span class='ocrx_word' id='word_1_561' title='bbox 1357 4015 1410 4072; x_wconf 64' lang='lat' dir='ltr'>illi</span> <span class='ocrx_word' id='word_1_562' title='bbox 1433 4019 1515 4087; x_wconf 76' lang='lat' dir='ltr'>(Gen.</span> <span class='ocrx_word' id='word_1_563' title='bbox 1532 4034 1573 4086; x_wconf 64' lang='lat'><em>¹¹¹,</em></span> <span class='ocrx_word' id='word_1_564' title='bbox 1587 4023 1642 4092; x_wconf 76' lang='lat' dir='ltr'>l9l·</span> <span class='ocrx_word' id='word_1_565' title='bbox 1672 4023 1768 4081; x_wconf 60' lang='lat' dir='ltr'>Gillss</span> 
     </span>
     <span class='ocr_line' id='line_1_44' title="bbox 114 4100 1765 4183; baseline 0.009 -29"><span class='ocrx_word' id='word_1_566' title='bbox 114 4108 240 4176; x_wconf 49' lang='lat' dir='ltr'>corinth</span> <span class='ocrx_word' id='word_1_567' title='bbox 256 4117 284 4165; x_wconf 75' lang='lat' dir='ltr'>et</span> <span class='ocrx_word' id='word_1_568' title='bbox 297 4107 404 4166; x_wconf 69' lang='lat' dir='ltr'>discors</span> <span class='ocrx_word' id='word_1_569' title='bbox 418 4109 491 4181; x_wconf 90' lang='lat' dir='ltr'>quod</span> <span class='ocrx_word' id='word_1_570' title='bbox 508 4111 542 4165; x_wconf 93' lang='lat' dir='ltr'>ab</span> <span class='ocrx_word' id='word_1_571' title='bbox 565 4111 629 4183; x_wconf 89' lang='lat' dir='ltr'>ipso</span> <span class='ocrx_word' id='word_1_572' title='bbox 644 4109 736 4182; x_wconf 90' lang='lat' dir='ltr'>otique</span> <span class='ocrx_word' id='word_1_573' title='bbox 748 4106 913 4170; x_wconf 88' lang='lat' dir='ltr'>didicerunt,</span> <span class='ocrx_word' id='word_1_574' title='bbox 968 4100 1097 4172; x_wconf 87' lang='lat' dir='ltr'>equidem</span> <span class='ocrx_word' id='word_1_575' title='bbox 1113 4102 1255 4173; x_wconf 86' lang='lat' dir='ltr'>sententis,</span> <span class='ocrx_word' id='word_1_576' title='bbox 1271 4103 1318 4160; x_wconf 89' lang='lat' dir='ltr'>sed</span> <span class='ocrx_word' id='word_1_577' title='bbox 1332 4120 1386 4161; x_wconf 90' lang='lat' dir='ltr'>uno</span> <span class='ocrx_word' id='word_1_578' title='bbox 1402 4105 1462 4163; x_wconf 81' lang='lat' dir='ltr'>sirie</span> <span class='ocrx_word' id='word_1_579' title='bbox 1475 4109 1586 4182; x_wconf 79' lang='lat' dir='ltr'>grandis</span> <span class='ocrx_word' id='word_1_580' title='bbox 1606 4110 1765 4169; x_wconf 84' lang='lat' dir='ltr'>misericor-</span> 
     </span>
     <span class='ocr_line' id='line_1_45' title="bbox 117 4189 1768 4267; baseline 0.008 -12"><span class='ocrx_word' id='word_1_581' title='bbox 117 4199 283 4267; x_wconf 81' lang='lat' dir='ltr'>milesesse,</span> <span class='ocrx_word' id='word_1_582' title='bbox 306 4205 334 4254; x_wconf 90' lang='lat' dir='ltr'>et</span> <span class='ocrx_word' id='word_1_583' title='bbox 357 4197 473 4254; x_wconf 81' lang='lat' dir='ltr'>humiles</span> <span class='ocrx_word' id='word_1_584' title='bbox 494 4200 586 4255; x_wconf 90' lang='lat' dir='ltr'>corde.</span> <span class='ocrx_word' id='word_1_585' title='bbox 610 4200 655 4255; x_wconf 85' lang='lat' dir='ltr'>Sic</span> <span class='ocrx_word' id='word_1_586' title='bbox 679 4197 763 4253; x_wconf 88' lang='lat' dir='ltr'>llaria</span> <span class='ocrx_word' id='word_1_587' title='bbox 777 4194 914 4251; x_wconf 80' lang='lat' dir='ltr'>Elisabeth</span> <span class='ocrx_word' id='word_1_588' title='bbox 970 4189 1024 4246; x_wconf 86' lang='lat' dir='ltr'>dive</span> <span class='ocrx_word' id='word_1_589' title='bbox 1040 4199 1261 4262; x_wconf 64' lang='lat' dir='ltr'>tembtfflfflfflw·</span> <span class='ocrx_word' id='word_1_590' title='bbox 1289 4195 1530 4263; x_wconf 65' lang='grc' dir='ltr'><strong>0000Βᾶ00000,</strong></span> <span class='ocrx_word' id='word_1_591' title='bbox 1548 4198 1596 4254; x_wconf 68' lang='lat' dir='ltr'>ted</span> <span class='ocrx_word' id='word_1_592' title='bbox 1624 4198 1648 4253; x_wconf 72' lang='lat' dir='ltr'>ti</span> <span class='ocrx_word' id='word_1_593' title='bbox 1674 4202 1768 4258; x_wconf 66' lang='grc'><strong>000000</strong></span> 
     </span>
    </p>

    <p class='ocr_par' dir='ltr' id='par_1_6' title="bbox 95 4281 1775 5518">
     <span class='ocr_line' id='line_1_46' title="bbox 95 4281 1768 4362; baseline 0.007 -29"><span class='ocrx_word' id='word_1_594' title='bbox 95 4286 290 4362; x_wconf 52' lang='lat' dir='ltr'>pellicum.</span> <span class='ocrx_word' id='word_1_595' title='bbox 305 4302 326 4352; x_wconf 83' lang='grc' dir='ltr'>ι,</span> <span class='ocrx_word' id='word_1_596' title='bbox 346 4289 392 4353; x_wconf 81' lang='grc'>39,</span> <span class='ocrx_word' id='word_1_597' title='bbox 418 4287 475 4359; x_wconf 83' lang='lat' dir='ltr'>id),</span> <span class='ocrx_word' id='word_1_598' title='bbox 499 4286 664 4358; x_wconf 76' lang='lat' dir='ltr'>sociotatem</span> <span class='ocrx_word' id='word_1_599' title='bbox 688 4288 777 4360; x_wconf 73' lang='lat' dir='ltr'>virgo,</span> <span class='ocrx_word' id='word_1_600' title='bbox 792 4281 914 4339; x_wconf 86' lang='lat' dir='ltr'>ancillam</span> <span class='ocrx_word' id='word_1_601' title='bbox 969 4295 1078 4351; x_wconf 77' lang='lat' dir='ltr'>prensos,</span> <span class='ocrx_word' id='word_1_602' title='bbox 1108 4281 1281 4357; x_wconf 71' lang='lat' dir='ltr'>indulgentiae</span> <span class='ocrx_word' id='word_1_603' title='bbox 1308 4284 1398 4354; x_wconf 87' lang='lat' dir='ltr'>plens.</span> <span class='ocrx_word' id='word_1_604' title='bbox 1427 4284 1565 4356; x_wconf 88' lang='lat' dir='ltr'>Siquidem</span> <span class='ocrx_word' id='word_1_605' title='bbox 1593 4301 1647 4341; x_wconf 92' lang='lat' dir='ltr'>non</span> <span class='ocrx_word' id='word_1_606' title='bbox 1680 4288 1768 4346; x_wconf 90' lang='lat' dir='ltr'>minus</span> 
     </span>
     <span class='ocr_line' id='line_1_47' title="bbox 100 4369 1768 4446; baseline 0.02 -45"><span class='ocrx_word' id='word_1_607' title='bbox 100 4377 249 4445; x_wconf 48' lang='lat' dir='ltr'><strong>‚dominu</strong></span> <span class='ocrx_word' id='word_1_608' title='bbox 275 4375 450 4446; x_wconf 56' lang='lat' dir='ltr'>mmmm</span> <span class='ocrx_word' id='word_1_609' title='bbox 475 4387 601 4441; x_wconf 69' lang='lat' dir='ltr'>matrem,</span> <span class='ocrx_word' id='word_1_610' title='bbox 627 4375 727 4446; x_wconf 82' lang='lat' dir='ltr'>judicis</span> <span class='ocrx_word' id='word_1_611' title='bbox 750 4372 916 4440; x_wconf 79' lang='lat' dir='ltr'>mater31lei</span> <span class='ocrx_word' id='word_1_612' title='bbox 969 4369 1042 4439; x_wconf 80' lang='lat' dir='ltr'>juste</span> <span class='ocrx_word' id='word_1_613' title='bbox 1056 4372 1178 4440; x_wconf 87' lang='lat' dir='ltr'>peccanti</span> <span class='ocrx_word' id='word_1_614' title='bbox 1205 4371 1340 4429; x_wconf 88' lang='lat' dir='ltr'>diceretur</span> <span class='ocrx_word' id='word_1_615' title='bbox 1354 4389 1361 4427; x_wconf 76' lang='grc' dir='ltr'><strong><em>ε</em></strong></span> <span class='ocrx_word' id='word_1_616' title='bbox 1377 4371 1461 4428; x_wconf 86' lang='lat' dir='ltr'>Terra</span> <span class='ocrx_word' id='word_1_617' title='bbox 1481 4389 1521 4441; x_wconf 89' lang='lat' dir='ltr'>es,</span> <span class='ocrx_word' id='word_1_618' title='bbox 1536 4374 1585 4430; x_wconf 90' lang='lat' dir='ltr'>sed</span> <span class='ocrx_word' id='word_1_619' title='bbox 1598 4390 1631 4430; x_wconf 85' lang='lat' dir='ltr'>ex</span> <span class='ocrx_word' id='word_1_620' title='bbox 1647 4376 1698 4434; x_wconf 89' lang='lat' dir='ltr'>boc</span> <span class='ocrx_word' id='word_1_621' title='bbox 1716 4380 1768 4434; x_wconf 91' lang='lat' dir='ltr'>sub</span> 
     </span>
     <span class='ocr_line' id='line_1_48' title="bbox 118 4459 1766 4541; baseline 0.004 -24"><span class='ocrx_word' id='word_1_622' title='bbox 118 4465 254 4530; x_wconf 78' lang='lat' dir='ltr'>Genbrix,</span> <span class='ocrx_word' id='word_1_623' title='bbox 279 4465 381 4522; x_wconf 87' lang='lat' dir='ltr'>servuli</span> <span class='ocrx_word' id='word_1_624' title='bbox 400 4464 569 4541; x_wconf 73' lang='lat' dir='ltr'>genitricem.</span> <span class='ocrx_word' id='word_1_625' title='bbox 589 4464 634 4521; x_wconf 88' lang='lat' dir='ltr'>Sic</span> <span class='ocrx_word' id='word_1_626' title='bbox 649 4465 820 4538; x_wconf 87' lang='lat' dir='ltr'>postmodnm</span> <span class='ocrx_word' id='word_1_627' title='bbox 839 4463 918 4519; x_wconf 85' lang='lat' dir='ltr'>iesus</span> <span class='ocrx_word' id='word_1_628' title='bbox 973 4467 1072 4515; x_wconf 85' lang='lat' dir='ltr'>terram</span> <span class='ocrx_word' id='word_1_629' title='bbox 1084 4459 1143 4514; x_wconf 90' lang='lat' dir='ltr'>ibis.</span> <span class='ocrx_word' id='word_1_630' title='bbox 1159 4460 1252 4517; x_wconf 85' lang='lat' dir='ltr'>iustus</span> <span class='ocrx_word' id='word_1_631' title='bbox 1267 4459 1335 4517; x_wconf 88' lang='lat' dir='ltr'>iuret</span> <span class='ocrx_word' id='word_1_632' title='bbox 1348 4461 1427 4519; x_wconf 84' lang='lat' dir='ltr'>etism</span> <span class='ocrx_word' id='word_1_633' title='bbox 1442 4473 1505 4519; x_wconf 89' lang='lat' dir='ltr'>tunc</span> <span class='ocrx_word' id='word_1_634' title='bbox 1517 4464 1607 4533; x_wconf 86' lang='lat' dir='ltr'>justus</span> <span class='ocrx_word' id='word_1_635' title='bbox 1625 4464 1766 4540; x_wconf 86' lang='lat' dir='ltr'>Dominus,</span> 
     </span>
     <span class='ocr_line' id='line_1_49' title="bbox 118 4546 1765 4628; baseline 0.004 -21"><span class='ocrx_word' id='word_1_636' title='bbox 118 4555 205 4612; x_wconf 82' lang='lat' dir='ltr'>ctiam</span> <span class='ocrx_word' id='word_1_637' title='bbox 218 4555 278 4626; x_wconf 90' lang='lat' dir='ltr'>ipse</span> <span class='ocrx_word' id='word_1_638' title='bbox 295 4554 426 4611; x_wconf 85' lang='lat' dir='ltr'>ioannem</span> <span class='ocrx_word' id='word_1_639' title='bbox 446 4554 521 4622; x_wconf 91' lang='lat' dir='ltr'>adiit,</span> <span class='ocrx_word' id='word_1_640' title='bbox 541 4561 568 4610; x_wconf 89' lang='lat' dir='ltr'>et</span> <span class='ocrx_word' id='word_1_641' title='bbox 585 4553 650 4611; x_wconf 90' lang='lat' dir='ltr'>adiit</span> <span class='ocrx_word' id='word_1_642' title='bbox 672 4554 858 4625; x_wconf 82' lang='lat' dir='ltr'>baptizandos,</span> <span class='ocrx_word' id='word_1_643' title='bbox 875 4557 917 4606; x_wconf 89' lang='lat' dir='ltr'>ut·</span> <span class='ocrx_word' id='word_1_644' title='bbox 972 4559 998 4603; x_wconf 87' lang='lat' dir='ltr'>et</span> <span class='ocrx_word' id='word_1_645' title='bbox 1018 4546 1161 4603; x_wconf 90' lang='lat' dir='ltr'>laudabilis</span> <span class='ocrx_word' id='word_1_646' title='bbox 1175 4547 1265 4605; x_wconf 87' lang='lat' dir='ltr'>nimis.</span> <span class='ocrx_word' id='word_1_647' title='bbox 1291 4549 1397 4622; x_wconf 78' lang='lat' dir='ltr'>Dignus</span> <span class='ocrx_word' id='word_1_648' title='bbox 1414 4551 1493 4622; x_wconf 91' lang='lat' dir='ltr'>plane</span> <span class='ocrx_word' id='word_1_649' title='bbox 1525 4553 1571 4624; x_wconf 90' lang='lat' dir='ltr'>qui</span> <span class='ocrx_word' id='word_1_650' title='bbox 1603 4552 1765 4628; x_wconf 86' lang='lat' dir='ltr'>laudaretur,</span> 
     </span>
     <span class='ocr_line' id='line_1_50' title="bbox 119 4634 1769 4718; baseline 0.012 -36"><span class='ocrx_word' id='word_1_651' title='bbox 119 4655 278 4718; x_wconf 61' lang='lat' dir='ltr'>poqequem</span> <span class='ocrx_word' id='word_1_652' title='bbox 293 4640 916 4715; x_wconf 62' lang='lat' dir='ltr'>deoemqimplerenmnamjustitiamlddcttlt.</span> <span class='ocrx_word' id='word_1_653' title='bbox 972 4634 1020 4690; x_wconf 90' lang='lat' dir='ltr'>sed</span> <span class='ocrx_word' id='word_1_654' title='bbox 1033 4649 1086 4691; x_wconf 91' lang='lat' dir='ltr'>uou</span> <span class='ocrx_word' id='word_1_655' title='bbox 1101 4651 1153 4707; x_wconf 79' lang='lat' dir='ltr'>eqo</span> <span class='ocrx_word' id='word_1_656' title='bbox 1167 4635 1283 4692; x_wconf 90' lang='lat' dir='ltr'>idoneus</span> <span class='ocrx_word' id='word_1_657' title='bbox 1302 4638 1349 4708; x_wconf 91' lang='lat' dir='ltr'>qni</span> <span class='ocrx_word' id='word_1_658' title='bbox 1364 4638 1513 4695; x_wconf 87' lang='lat' dir='ltr'>laudarem.</span> <span class='ocrx_word' id='word_1_659' title='bbox 1545 4642 1673 4714; x_wconf 82' lang='lat' dir='ltr'>Alioquin</span> <span class='ocrx_word' id='word_1_660' title='bbox 1704 4653 1769 4702; x_wconf 83' lang='lat' dir='ltr'>tuuc</span> 
     </span>
     <span class='ocr_line' id='line_1_51' title="bbox 119 4723 1768 4804; baseline 0.022 -50"><span class='ocrx_word' id='word_1_661' title='bbox 119 4749 162 4800; x_wconf 43' lang='lat' dir='ltr'>m.</span> <span class='ocrx_word' id='word_1_662' title='bbox 181 4736 225 4800; x_wconf 51' lang='lat'>43,</span> <span class='ocrx_word' id='word_1_663' title='bbox 242 4731 296 4803; x_wconf 37' lang='lat'>15).</span> <span class='ocrx_word' id='word_1_664' title='bbox 311 4731 366 4788; x_wconf 55' lang='lat' dir='ltr'>po,</span> <span class='ocrx_word' id='word_1_665' title='bbox 378 4748 498 4804; x_wconf 53' lang='lat' dir='ltr'>quoqu„</span> <span class='ocrx_word' id='word_1_666' title='bbox 512 4732 654 4791; x_wconf 55' lang='lat' dir='ltr'>,emendi</span> <span class='ocrx_word' id='word_1_667' title='bbox 676 4733 780 4797; x_wconf 49' lang='lat' dir='ltr'>patres,</span> <span class='ocrx_word' id='word_1_668' title='bbox 799 4728 917 4786; x_wconf 56' lang='lat' dir='ltr'>decep-10.</span> <span class='ocrx_word' id='word_1_669' title='bbox 972 4739 1080 4797; x_wconf 85' lang='lat' dir='ltr'>quoque</span> <span class='ocrx_word' id='word_1_670' title='bbox 1093 4723 1267 4782; x_wconf 87' lang='lat' dir='ltr'>nibilominus</span> <span class='ocrx_word' id='word_1_671' title='bbox 1285 4743 1349 4784; x_wconf 89' lang='lat' dir='ltr'>vers</span> <span class='ocrx_word' id='word_1_672' title='bbox 1369 4727 1499 4803; x_wconf 87' lang='lat' dir='ltr'>dicerem,</span> <span class='ocrx_word' id='word_1_673' title='bbox 1515 4728 1538 4785; x_wconf 88' lang='lat' dir='ltr'>si</span> <span class='ocrx_word' id='word_1_674' title='bbox 1568 4740 1655 4789; x_wconf 69' lang='lat' dir='ltr'>umen</span> <span class='ocrx_word' id='word_1_675' title='bbox 1677 4732 1768 4790; x_wconf 87' lang='lat' dir='ltr'>dicere</span> 
     </span>
     <span class='ocr_line' id='line_1_52' title="bbox 96 4816 1767 4894; baseline 0.009 -15"><span class='ocrx_word' id='word_1_676' title='bbox 96 4842 100 4849; x_wconf 90' lang='lat'>·</span> <span class='ocrx_word' id='word_1_677' title='bbox 116 4836 178 4880; x_wconf 89' lang='lat' dir='ltr'>rem</span> <span class='ocrx_word' id='word_1_678' title='bbox 193 4821 271 4877; x_wconf 86' lang='lat' dir='ltr'>vobis</span> <span class='ocrx_word' id='word_1_679' title='bbox 284 4835 338 4878; x_wconf 91' lang='lat' dir='ltr'>uon</span> <span class='ocrx_word' id='word_1_680' title='bbox 354 4820 441 4878; x_wconf 80' lang='lat' dir='ltr'>tacitis</span> <span class='ocrx_word' id='word_1_681' title='bbox 463 4831 568 4893; x_wconf 87' lang='lat' dir='ltr'>partem</span> <span class='ocrx_word' id='word_1_682' title='bbox 595 4828 711 4877; x_wconf 82' lang='lat' dir='ltr'>vestram</span> <span class='ocrx_word' id='word_1_683' title='bbox 728 4819 822 4894; x_wconf 71' lang='lat' dir='ltr'>[olion</span> <span class='ocrx_word' id='word_1_684' title='bbox 838 4819 917 4875; x_wconf 86' lang='lat' dir='ltr'>dele·</span> <span class='ocrx_word' id='word_1_685' title='bbox 974 4829 1083 4885; x_wconf 65' lang='lat' dir='ltr'>misem</span> <span class='ocrx_word' id='word_1_686' title='bbox 1099 4832 1105 4869; x_wconf 81' lang='lat'>²</span> <span class='ocrx_word' id='word_1_687' title='bbox 1122 4816 1221 4872; x_wconf 78' lang='lat' dir='ltr'>tactos</span> <span class='ocrx_word' id='word_1_688' title='bbox 1245 4833 1284 4887; x_wconf 69' lang='lat'>0⁸2</span> <span class='ocrx_word' id='word_1_689' title='bbox 1298 4819 1435 4886; x_wconf 59' lang='grc'><strong>-0001000,</strong></span> <span class='ocrx_word' id='word_1_690' title='bbox 1450 4824 1479 4875; x_wconf 64' lang='lat'>⁶2</span> <span class='ocrx_word' id='word_1_691' title='bbox 1496 4826 1610 4878; x_wconf 55' lang='lat' dir='ltr'>seclum</span> <span class='ocrx_word' id='word_1_692' title='bbox 1624 4821 1767 4893; x_wconf 60' lang='lat' dir='ltr'>Midum</span> 
     </span>
     <span class='ocr_line' id='line_1_53' title="bbox 119 4905 1769 4983; baseline 0.012 -18"><span class='ocrx_word' id='word_1_693' title='bbox 119 4911 223 4968; x_wconf 85' lang='lat' dir='ltr'>riorem</span> <span class='ocrx_word' id='word_1_694' title='bbox 246 4909 326 4966; x_wconf 90' lang='lat' dir='ltr'>nobis</span> <span class='ocrx_word' id='word_1_695' title='bbox 349 4908 439 4967; x_wconf 85' lang='lat' dir='ltr'>lanitia</span> <span class='ocrx_word' id='word_1_696' title='bbox 461 4919 564 4983; x_wconf 88' lang='lat' dir='ltr'>partem</span> <span class='ocrx_word' id='word_1_697' title='bbox 579 4909 729 4983; x_wconf 67' lang='lat' dir='ltr'>nostramlt</span> <span class='ocrx_word' id='word_1_698' title='bbox 756 4909 789 4966; x_wconf 86' lang='lat' dir='ltr'>ad</span> <span class='ocrx_word' id='word_1_699' title='bbox 808 4909 919 4964; x_wconf 87' lang='lat' dir='ltr'>audien·</span> <span class='ocrx_word' id='word_1_700' title='bbox 973 4905 1483 4979; x_wconf 66' lang='lat' dir='ltr'>iuumlPtai·cxv¹¹1‚¹3⁷)·Al¹l⁰⁰</span> <span class='ocrx_word' id='word_1_701' title='bbox 1505 4908 1628 4966; x_wconf 60' lang='lat' dir='ltr'>insimili</span> <span class='ocrx_word' id='word_1_702' title='bbox 1654 4911 1769 4968; x_wconf 70' lang='grc' dir='ltr'><strong>0005ῑο-</strong></span> 
     </span>
     <span class='ocr_line' id='line_1_54' title="bbox 117 4993 1769 5073; baseline 0.004 -24"><span class='ocrx_word' id='word_1_703' title='bbox 117 5000 186 5057; x_wconf 79' lang='lat' dir='ltr'>dum</span> <span class='ocrx_word' id='word_1_704' title='bbox 200 4998 301 5073; x_wconf 84' lang='lat' dir='ltr'>quippe</span> <span class='ocrx_word' id='word_1_705' title='bbox 322 5015 403 5072; x_wconf 87' lang='lat' dir='ltr'>quarn</span> <span class='ocrx_word' id='word_1_706' title='bbox 424 4999 642 5071; x_wconf 90' lang='lat' dir='ltr'>adloquendum</span> <span class='ocrx_word' id='word_1_707' title='bbox 660 4998 823 5065; x_wconf 83' lang='lat' dir='ltr'>velociores,</span> <span class='ocrx_word' id='word_1_708' title='bbox 838 4997 918 5054; x_wconf 88' lang='lat' dir='ltr'>etiarn</span> <span class='ocrx_word' id='word_1_709' title='bbox 972 4994 1046 5051; x_wconf 91' lang='lat' dir='ltr'>bitur</span> <span class='ocrx_word' id='word_1_710' title='bbox 1057 4993 1115 5061; x_wconf 91' lang='lat' dir='ltr'>tibi,</span> <span class='ocrx_word' id='word_1_711' title='bbox 1140 5008 1230 5064; x_wconf 88' lang='lat' dir='ltr'>neque</span> <span class='ocrx_word' id='word_1_712' title='bbox 1261 5013 1334 5053; x_wconf 90' lang='lat' dir='ltr'>mors</span> <span class='ocrx_word' id='word_1_713' title='bbox 1361 4996 1480 5055; x_wconf 88' lang='lat' dir='ltr'>laudabit</span> <span class='ocrx_word' id='word_1_714' title='bbox 1494 5007 1546 5066; x_wconf 86' lang='lat' dir='ltr'>ts;</span> <span class='ocrx_word' id='word_1_715' title='bbox 1576 4999 1623 5054; x_wconf 87' lang='lat' dir='ltr'>sed</span> <span class='ocrx_word' id='word_1_716' title='bbox 1644 5016 1695 5056; x_wconf 93' lang='lat' dir='ltr'>nos</span> <span class='ocrx_word' id='word_1_717' title='bbox 1723 4998 1769 5073; x_wconf 90' lang='lat' dir='ltr'>qni</span> 
     </span>
     <span class='ocr_line' id='line_1_55' title="bbox 117 5083 1770 5166; baseline 0.001 -19"><span class='ocrx_word' id='word_1_718' title='bbox 117 5091 193 5147; x_wconf 89' lang='lat' dir='ltr'>inter</span> <span class='ocrx_word' id='word_1_719' title='bbox 205 5091 281 5163; x_wconf 87' lang='lat' dir='ltr'>ipsos</span> <span class='ocrx_word' id='word_1_720' title='bbox 293 5091 340 5161; x_wconf 86' lang='lat' dir='ltr'>qui</span> <span class='ocrx_word' id='word_1_721' title='bbox 357 5098 449 5146; x_wconf 89' lang='lat' dir='ltr'>vestro</span> <span class='ocrx_word' id='word_1_722' title='bbox 476 5089 565 5160; x_wconf 74' lang='lat' dir='ltr'>magis</span> <span class='ocrx_word' id='word_1_723' title='bbox 591 5096 722 5162; x_wconf 69' lang='lat' dir='ltr'>eguerant</span> <span class='ocrx_word' id='word_1_724' title='bbox 744 5088 917 5144; x_wconf 88' lang='lat' dir='ltr'>documento.</span> <span class='ocrx_word' id='word_1_725' title='bbox 972 5084 1099 5153; x_wconf 89' lang='lat' dir='ltr'>vivimus,</span> <span class='ocrx_word' id='word_1_726' title='bbox 1114 5083 1299 5146; x_wconf 87' lang='lat' dir='ltr'>benedicimus</span> <span class='ocrx_word' id='word_1_727' title='bbox 1308 5085 1433 5142; x_wconf 88' lang='lat' dir='ltr'>Domino.</span> <span class='ocrx_word' id='word_1_728' title='bbox 1451 5084 1596 5154; x_wconf 88' lang='lat' dir='ltr'>Pepercisti</span> <span class='ocrx_word' id='word_1_729' title='bbox 1610 5104 1676 5166; x_wconf 74' lang='lat' dir='ltr'>erqo</span> <span class='ocrx_word' id='word_1_730' title='bbox 1691 5106 1770 5147; x_wconf 89' lang='lat' dir='ltr'>crea·</span> 
     </span>
     <span class='ocr_line' id='line_1_56' title="bbox 119 5175 1770 5250; baseline -0.001 -13"><span class='ocrx_word' id='word_1_731' title='bbox 119 5180 192 5237; x_wconf 85' lang='lat' dir='ltr'>Nam</span> <span class='ocrx_word' id='word_1_732' title='bbox 206 5193 258 5236; x_wconf 90' lang='lat' dir='ltr'>uns</span> <span class='ocrx_word' id='word_1_733' title='bbox 279 5178 400 5250; x_wconf 91' lang='lat' dir='ltr'>quidem,</span> <span class='ocrx_word' id='word_1_734' title='bbox 415 5177 478 5250; x_wconf 88' lang='lat' dir='ltr'>quia</span> <span class='ocrx_word' id='word_1_735' title='bbox 499 5193 607 5234; x_wconf 87' lang='lat' dir='ltr'>omnem</span> <span class='ocrx_word' id='word_1_736' title='bbox 633 5192 686 5233; x_wconf 90' lang='lat' dir='ltr'>nou</span> <span class='ocrx_word' id='word_1_737' title='bbox 709 5192 856 5250; x_wconf 73' lang='lat' dir='ltr'>pessume</span> <span class='ocrx_word' id='word_1_738' title='bbox 870 5177 922 5231; x_wconf 90' lang='lat' dir='ltr'>im·</span> <span class='ocrx_word' id='word_1_739' title='bbox 975 5183 1042 5230; x_wconf 84' lang='lat' dir='ltr'>turae</span> <span class='ocrx_word' id='word_1_740' title='bbox 1057 5180 1120 5241; x_wconf 77' lang='lat' dir='ltr'>tuse,</span> <span class='ocrx_word' id='word_1_741' title='bbox 1135 5175 1279 5248; x_wconf 82' lang='lat' dir='ltr'>pepercisti</span> <span class='ocrx_word' id='word_1_742' title='bbox 1294 5175 1388 5250; x_wconf 74' lang='lat' dir='ltr'>gloriae</span> <span class='ocrx_word' id='word_1_743' title='bbox 1407 5175 1524 5230; x_wconf 84' lang='lat' dir='ltr'>nominis</span> <span class='ocrx_word' id='word_1_744' title='bbox 1540 5177 1578 5232; x_wconf 91' lang='lat' dir='ltr'>tui</span> <span class='ocrx_word' id='word_1_745' title='bbox 1591 5218 1598 5244; x_wconf 92' lang='lat'>,</span> <span class='ocrx_word' id='word_1_746' title='bbox 1613 5185 1643 5234; x_wconf 91' lang='lat' dir='ltr'>ut</span> <span class='ocrx_word' id='word_1_747' title='bbox 1655 5179 1770 5235; x_wconf 82' lang='lat' dir='ltr'>descen·</span> 
     </span>
     <span class='ocr_line' id='line_1_57' title="bbox 120 5264 1774 5343; baseline 0.002 -22"><span class='ocrx_word' id='word_1_748' title='bbox 120 5268 199 5343; x_wconf 85' lang='lat' dir='ltr'>plere</span> <span class='ocrx_word' id='word_1_749' title='bbox 214 5268 356 5340; x_wconf 82' lang='lat' dir='ltr'>justitiam,</span> <span class='ocrx_word' id='word_1_750' title='bbox 375 5267 420 5327; x_wconf 86' lang='lat' dir='ltr'>val</span> <span class='ocrx_word' id='word_1_751' title='bbox 434 5267 594 5325; x_wconf 90' lang='lat' dir='ltr'>nonnullam</span> <span class='ocrx_word' id='word_1_752' title='bbox 607 5265 686 5324; x_wconf 79' lang='lat' dir='ltr'>subis</span> <span class='ocrx_word' id='word_1_753' title='bbox 698 5265 826 5324; x_wconf 83' lang='lat' dir='ltr'>exhibere</span> <span class='ocrx_word' id='word_1_754' title='bbox 840 5281 922 5322; x_wconf 89' lang='lat' dir='ltr'>cura·</span> <span class='ocrx_word' id='word_1_755' title='bbox 975 5264 1080 5321; x_wconf 90' lang='lat' dir='ltr'>dentem</span> <span class='ocrx_word' id='word_1_756' title='bbox 1092 5265 1125 5321; x_wconf 90' lang='lat' dir='ltr'>de</span> <span class='ocrx_word' id='word_1_757' title='bbox 1147 5265 1307 5333; x_wconf 81' lang='lat' dir='ltr'>ierusalem,</span> <span class='ocrx_word' id='word_1_758' title='bbox 1323 5265 1434 5321; x_wconf 87' lang='lat' dir='ltr'>minime</span> <span class='ocrx_word' id='word_1_759' title='bbox 1462 5273 1550 5322; x_wconf 88' lang='lat' dir='ltr'>tamen</span> <span class='ocrx_word' id='word_1_760' title='bbox 1565 5282 1650 5339; x_wconf 90' lang='lat' dir='ltr'>nsque</span> <span class='ocrx_word' id='word_1_761' title='bbox 1677 5269 1705 5325; x_wconf 93' lang='lat' dir='ltr'>in</span> <span class='ocrx_word' id='word_1_762' title='bbox 1727 5268 1774 5324; x_wconf 86' lang='lat' dir='ltr'>ie-</span> 
     </span>
     <span class='ocr_line' id='line_1_58' title="bbox 121 5353 1774 5430; baseline 0.001 -17"><span class='ocrx_word' id='word_1_763' title='bbox 121 5357 314 5429; x_wconf 83' lang='lat' dir='ltr'>mus,justnm</span> <span class='ocrx_word' id='word_1_764' title='bbox 338 5373 398 5415; x_wconf 86' lang='lat' dir='ltr'>csse</span> <span class='ocrx_word' id='word_1_765' title='bbox 417 5373 471 5415; x_wconf 91' lang='lat' dir='ltr'>non</span> <span class='ocrx_word' id='word_1_766' title='bbox 489 5357 645 5430; x_wconf 71' lang='lat' dir='ltr'>ignorantes</span> <span class='ocrx_word' id='word_1_767' title='bbox 665 5355 819 5414; x_wconf 79' lang='lat' dir='ltr'>inferiorem</span> <span class='ocrx_word' id='word_1_768' title='bbox 837 5371 923 5428; x_wconf 90' lang='lat' dir='ltr'>supe·</span> <span class='ocrx_word' id='word_1_769' title='bbox 977 5353 1053 5411; x_wconf 90' lang='lat' dir='ltr'>richo</span> <span class='ocrx_word' id='word_1_770' title='bbox 1073 5356 1206 5427; x_wconf 88' lang='lat' dir='ltr'>patsreris</span> <span class='ocrx_word' id='word_1_771' title='bbox 1219 5355 1326 5411; x_wconf 85' lang='lat' dir='ltr'>abduci.</span> <span class='ocrx_word' id='word_1_772' title='bbox 1344 5354 1496 5414; x_wconf 88' lang='lat' dir='ltr'>Semivivus</span> <span class='ocrx_word' id='word_1_773' title='bbox 1518 5357 1607 5414; x_wconf 85' lang='lat' dir='ltr'>adbuc</span> <span class='ocrx_word' id='word_1_774' title='bbox 1621 5356 1731 5414; x_wconf 86' lang='lat' dir='ltr'>relictus</span> <span class='ocrx_word' id='word_1_775' title='bbox 1745 5357 1774 5414; x_wconf 92' lang='lat' dir='ltr'>in</span> 
     </span>
     <span class='ocr_line' id='line_1_59' title="bbox 122 5443 1775 5518; baseline 0.018 -34"><span class='ocrx_word' id='word_1_776' title='bbox 122 5445 374 5509; x_wconf 51' lang='lat' dir='ltr'>,ioflbupobpdjffi</span> <span class='ocrx_word' id='word_1_777' title='bbox 978 5443 1024 5502; x_wconf 85' lang='lat' dir='ltr'>via</span> <span class='ocrx_word' id='word_1_778' title='bbox 1037 5444 1215 5508; x_wconf 86' lang='lat' dir='ltr'>semilaudare</span> <span class='ocrx_word' id='word_1_779' title='bbox 1247 5459 1358 5518; x_wconf 86' lang='lat' dir='ltr'>possum</span> <span class='ocrx_word' id='word_1_780' title='bbox 1373 5447 1451 5518; x_wconf 82' lang='lat' dir='ltr'>(itte.</span> <span class='ocrx_word' id='word_1_781' title='bbox 1476 5461 1507 5512; x_wconf 80' lang='lat' dir='ltr'>x,</span> <span class='ocrx_word' id='word_1_782' title='bbox 1536 5445 1605 5518; x_wconf 76' lang='lat' dir='ltr'>sol:</span> <span class='ocrx_word' id='word_1_783' title='bbox 1635 5447 1683 5505; x_wconf 81' lang='lat' dir='ltr'>ubi</span> <span class='ocrx_word' id='word_1_784' title='bbox 1702 5455 1775 5506; x_wconf 71' lang='grc'><strong>00000</strong></span> 
     </span>
    </p>
   </div>
   <div class='ocr_carea' id='block_1_6' title="bbox 228 5553 1687 5616">
    <p class='ocr_par' dir='ltr' id='par_1_7' title="bbox 228 5553 1687 5616">
     <span class='ocr_line' id='line_1_60' title="bbox 228 5553 1687 5616; baseline -0.002 -1"><span class='ocrx_word' id='word_1_785' title='bbox 228 5556 351 5615; x_wconf 76' lang='lat' dir='ltr'>Parnon</span> <span class='ocrx_word' id='word_1_786' title='bbox 371 5553 542 5616; x_wconf 73' lang='lat' dir='ltr'>clxxxiii.</span> <span class='ocrx_word' id='word_1_787' title='bbox 1653 5557 1687 5612; x_wconf 80' lang='lat' dir='ltr'>ld</span> 
     </span>
    </p>
   </div>
   <div class='ocr_carea' id='block_1_7' title="bbox 0 0 1883 5948">
    <p class='ocr_par' dir='ltr' id='par_1_8' title="bbox 0 0 1883 5948">
     <span class='ocr_line' id='line_1_61' title="bbox 0 0 1883 5948; baseline 0 0"><span class='ocrx_word' id='word_1_788' title='bbox 0 0 1883 5948; x_wconf 95' lang='lat' dir='ltr'> </span> 
     </span>
    </p>
   </div>
  </div>
 </body>
</html>
