3734 5948
168 130 221 184 srs
631 127 659 182 s.
683 124 860 209 canutam
879 124 1022 181 uranus
1036 116 1362 205 cerne-victumis
1733 100 1820 209 sets

165 252 268 329 excidit
279 253 351 328 quod
375 251 473 309 audisti
487 251 552 327 quia
564 254 699 311 Dominus
712 252 866 326 regnaudo
881 251 966 323 liquo,
982 264 1006 345 n
1021 248 1077 325 jam
1088 244 1250 303 obedientiae
1264 243 1361 313 lorma,
1376 259 1432 301 non
1445 238 1615 301 'incentivum
1631 233 1744 315 amerb,
1766 258 1820 301 nou

168 340 255 402 893
268 350 299 399 ut
316 359 409 414 regem
424 343 555 416 abneges,
571 341 634 416 quia
652 346 744 397 manet
755 339 784 395 in
797 339 895 413 lignei
913 338 966 397 Sed
1022 335 1159 410 patientiae
1187 333 1230 391 vel
1265 331 1423 389 humilitatis
1449 331 1627 404 exemplum3
1656 332 1706 388 sed
1735 330 1820 390 deleri

117 471 120 475 -
166 427 281 487 forsitan
303 446 354 487 neo
374 430 474 487 audisti
492 409 576 505 [ulios
596 429 695 504 legisti]
710 428 772 501 quia
787 443 841 485 uon
855 428 966 496 ludaeis,
1021 425 1141 482 habeant
1169 439 1202 479 ex
1228 422 1377 494 Evangelio
1406 421 1491 479 rerba
1520 420 1567 476 illa
1600 421 1771 489 suavissima,
1795 429 1822 478 et

166 519 216 577 sed
235 518 390 576 nationibus
404 521 462 576 haec
488 519 655 576 annuntiatio
679 517 839 574 debebatur.
865 518 965 585 dicite,
1021 515 1142 571 dulciora
1157 528 1239 585 super
1254 511 1308 568 mel
1326 511 1472 568 etlavum:
1489 510 1683 584 blojoremlroc
1695 508 1822 570 dilectio·

166 607 264 682 inquit,
285 610 317 665 in
340 610 516 678 notionibus,
538 609 608 680 quio
635 608 772 665 Domt'dttt
799 608 926 680 regnauit
949 625 967 662 tt
1020 609 1821 684 rteruuemobabet,quomutuuimumsuompouoiquis

169 698 244 773 liguo
258 698 326 772 (ii).
342 699 429 772 (Ptol.
446 714 510 764 xcv,
533 698 591 769 ld.)
1019 718 1069 775 pro
1084 701 1185 758 amicis
1195 700 1256 756 suis
1268 699 1359 768 (ioue.
1370 711 1421 765 xv,
1439 697 1505 768 l3)·;
1519 704 1547 752 et
1561 694 1596 752 ad
1607 698 1733 754 Patrem:
1749 698 1822 772 Opus

204 793 231 845 2·
246 789 342 846 Merito
357 787 472 861 proinde
484 785 598 853 stittlttttt
622 785 701 858 regni
728 800 830 857 preses
858 785 966 858 gentilis
1020 787 1640 861 consummariquoddcdistimibiuvtsuciom
1652 789 1820 857 (icomxrn,

167 877 304 949 inscripsit
318 877 401 947 ligno,
419 892 471 932 nee
493 875 581 947 potuit
603 874 721 942 Judaeus,
738 883 767 930 nr
784 872 876 942 voluit,
906 890 966 930 cor·
1020 879 1188 950 t);iremque
1207 875 1531 947 addiscipulos:l)iscite
1551 894 1569 932 a
1592 893 1636 934 mo
1655 878 1721 951 quio
1743 878 1821 933 mitis

168 982 295 1038 rumpere
310 965 379 1021 tituli
400 963 615 1036 inscriptionem,
633 963 735 1020 nedum
762 963 894 1035 impedire
908 964 963 1018 llo·
1018 985 1082 1026 rum
1100 972 1129 1025 et
1148 965 1267 1023 tramitis
1285 964 1364 1022 corde
1383 962 1496 1036 (uerti.
1512 978 1553 1031 xr,
1573 962 1635 1035 29);
1654 972 1696 1019 et:
1717 965 1774 1037 Ego
1798 966 1822 1020 si

167 1055 292 1111 mimicam
325 1054 488 1125 passionem,
528 1060 555 1109 et
582 1062 703 1110 nostram
738 1050 963 1123 redemptionem.
1018 1059 1164 1117 matuatus
1176 1059 1383 1128 surrecturus,
1394 1054 1491 1112 omn-io
1502 1051 1823 1125 trubcmudmcipsum

166 1144 331 1210 descendat,
341 1142 478 1216 inquiunt,
491 1144 517 1200 si
528 1160 578 1200 rex
590 1142 677 1200 lsrael
692 1146 744 1200 est.
756 1140 812 1198 lmo
826 1136 892 1199 ve'ro
904 1141 965 1214 quia
1019 1146 1112 1220 (toan.
1122 1161 1172 1213 su,
1184 1146 1241 1215 32).
1256 1144 1314 1201 iloe
1335 1149 1378 1198 est
1397 1141 1469 1197 enim
1498 1140 1571 1213 quod
1593 1140 1667 1198 dolet
1693 1141 1822 1199 venenati

167 1248 216 1290 rex
230 1232 315 1290 lsrael
330 1240 380 1302 est,
404 1232 512 1290 titulum
530 1232 610 1304 regni
629 1246 683 1287 non
711 1230 831 1299 deserat,
860 1228 963 1302 virgam
1019 1235 1155 1308 serpentis
1175 1233 1285 1300 astutia,
1306 1231 1450 1288 exaltatum
1474 1229 1502 1287 in
1526 1230 1638 1288 deserto
1662 1237 1822 1303 serpentem

165 1321 273 1394 imperii
287 1337 341 1379 non
356 1321 485 1394 deponat,
498 1321 577 1392 quus
588 1319 715 1376 nimirum
729 1319 872 1392 imperium
883 1335 966 1392 super
1019 1323 1233 1394 enormeque
1255 1320 1354 1377 intuitu
1369 1328 1501 1376 sanemm
1526 1319 1638 1376 vulnera
1651 1335 1713 1393 quse
1727 1318 1824 1376 inflixit

167 1408 309 1468 humerum
336 1412 406 1482 ejus,
423 1410 493 1467 sicut
512 1409 637 1483 praecinit
654 1409 739 1465 isaias
765 1409 831 1482 (loo.
861 1425 900 1479 rx,
926 1410 964 1480 6).
1021 1415 1116 1484 (Num.
1130 1409 1379 1485 m,8).lllioquin
1396 1424 1515 1482 quonam
1529 1408 1581 1466 alio
1606 1408 1756 1482 instigante
1772 1409 1822 1465 mi-

169 1501 242 1570 Noli,
272 1499 398 1574 inquiunt
426 1498 513 1556 tudaei
541 1498 576 1554 ad
591 1499 714 1567 Pilatum,
744 1499 807 1557 noli
828 1501 965 1557 scribere:
1020 1500 1230 1558 sissecredimus
1239 1516 1353 1557 uxorem
1362 1499 1441 1556 Pilati
1450 1499 1484 1555 ad
1500 1499 1598 1571 ipsum,
1610 1497 1824 1557 dicentemrlii·

167 1593 227 1648 lice
240 1590 414 1658 iudeorum·
428 1590 484 1656 scd,
503 1590 574 1659 Quia
593 1593 652 1662 lpse
667 1589 751 1653 dicit,
767 1590 826 1648 Rcc
839 1605 904 1647 sum
918 1590 966 1646 Ju-
981 1579 1005 1658 Β
1021 1591 1121 1650 iiltibi
1132 1594 1159 1647 et
1167 1592 1243 1661 iusto
1253 1590 1313 1646 illi:
1327 1589 1421 1646 multo
1431 1589 1509 1648 euim
1516 1603 1601 1662 possa
1608 1604 1673 1645 sum
1684 1587 1765 1645 leodic
1770 1605 1823 1662 per

165 1680 302 1739 duorum:
314 1686 343 1737 et
352 1678 469 1735 Pilatus:
487 1679 563 1749 Quod
573 1679 684 1751 scripsi,
697 1679 798 1752 scripsi
808 1678 964 1751 (doomxtx,
1021 1676 1326 1754 cisumpropteroum?
1336 1675 1744 1748 [Macrurrvnnattmebar
1754 1691 1822 1750 ergo

168 1771 271 1836 toea).
289 1769 317 1826 Si
344 1769 445 1824 Pilatus
458 1766 531 1842 quod
546 1767 664 1838 scripsit,
692 1767 810 1840 scripsit,
844 1767 968 1824 Christus
1019 1771 1076 1842 jam
1091 1778 1174 1837 tuno,
1195 1767 1244 1824 sed
1258 1783 1331 1823 nnnc
1345 1765 1462 1824 maxime
1476 1765 1576 1823 virtute
1590 1765 1677 1821 crucis
1695 1766 1823 1822 enervari

165 1874 221 1916 non
237 1858 360 1930 perficiet
378 1859 451 1931 quod
478 1856 613 1928 incoepiti
642 1858 703 1928 lpse
731 1856 803 1912 enim
832 1857 968 1928 crepitet
1020 1873 1051 1915 se
1074 1856 1195 1913 sentiens
1213 1854 1347 1922 inimicus,
1377 1870 1440 1910 sera
1471 1853 1578 1910 ducitur
1592 1851 1754 1925 poenitentia
1770 1871 1777 1908 :
1795 1862 1825 1909 et

166 1946 282 2004 salvabit
296 1963 355 2003 nos.
381 1945 436 2003 Sed
465 1946 575 2002 dicunt:
602 1946 680 2003 Alios
711 1947 801 2003 sulcos
828 1946 897 2017 tecit
922 1961 965 2003 sc·
1021 1962 1090 2019 quos
1103 1944 1244 2018 instigavit
1257 1945 1292 1999 ad
1321 1943 1546 2018 crucifigendum,
1576 1941 1687 2017 instigat
1711 1942 1746 1998 ad
1760 1960 1823 1999 sua-

164 2038 260 2111 ipsum
271 2054 327 2094 nou
336 2040 428 2110 potest
441 2039 553 2094 solcum
566 2038 662 2108 facere
676 2035 788 2106 (lluttb.
805 2051 896 2102 xxvn,
908 2035 965 2105 te).
1020 2034 1141 2093 (lendum
1168 2041 1199 2090 ut
1217 2033 1252 2091 de
1267 2049 1347 2091 cruce
1361 2032 1519 2090 descendat.
1544 2031 1684 2105 Denique:
1715 2033 1745 2089 st
1768 2050 1823 2091 rex

165 2125 223 2182 lmo
241 2141 307 2181 vero
331 2125 353 2180 si
382 2124 566 2191 descenderit,
586 2124 723 2181 neminem
751 2125 855 2180 salvum
874 2122 966 2180 laciet.
1021 2125 1108 2183 lsrael
1119 2128 1171 2192 esi,
1182 2121 1322 2194 inquiunt,
1335 2122 1485 2180 descendat
1495 2122 1528 2180 de
1536 2138 1629 2193 cruce,
1641 2124 1669 2178 et
1680 2122 1823 2181 oredimus

165 2213 233 2271 Cum
248 2213 320 2269 enirn
334 2212 425 2270 salvus
440 2229 501 2269 esse
517 2228 571 2270 non
587 2213 683 2286 possit,
700 2214 752 2270 nisi
771 2214 817 2286 qni
837 2229 967 2286 persevc-
1020 2215 1058 2273 ei.
1091 2212 1153 2269 llaec
1177 2212 1260 2285 plane
1291 2211 1430 2284 serpentis
1457 2209 1565 2277 astutia,
1587 2211 1647 2268 lraeo
1665 2210 1823 2268 adinventio

166 2301 367 2374 reveritusque
382 2302 409 2357 in
423 2300 516 2369 sunem,
540 2310 642 2374 quanto
671 2301 760 2358 minus
780 2302 884 2375 poterit
906 2319 966 2360 esse
1021 2302 1152 2374 nequitias
1181 2299 1341 2373 spiritualis.
1383 2299 1516 2357 Audierat
1545 2299 1645 2371 impius
1673 2299 1822 2359 suramns

164 2391 307 2449 Salvator?
350 2391 426 2448 Alios
453 2407 520 2466 ergo
546 2391 635 2447 salros
664 2388 728 2447 iacit
756 2391 841 2464 [atius
872 2393 964 2467 l'ecitlz
1020 2408 1115 2450 rocem
1129 2390 1265 2448 deestis:
1283 2391 1538 2448 Nousurumissus
1562 2390 1744 2448 rriciudoues
1760 2408 1821 2465 qum

166 2497 229 2538 nam
245 2480 400 2550 salvatione,
430 2480 542 2537 comsit
569 2480 651 2548 salus,
679 2479 740 2553 ipse
767 2495 822 2535 non
851 2480 964 2554 indiget.
1019 2482 1275 2557 porioruutdomua
1292 2479 1621 2551 lsrucllliutib.xv,id)
1637 2495 1644 2532 ι
1661 2486 1689 2535 et
1708 2489 1823 2536 noverat

167 2571 303 2643 Operatur
329 2570 447 2626 salutem
475 2576 605 2634 nostram,
635 2583 687 2624 nee
717 2568 832 2624 caudam
868 2568 966 2627 deesse
1020 2576 1150 2642 quantum
1163 2583 1214 2641 pro
1229 2565 1400 2622 saluteillins
1413 2565 1504 2639 populi
1519 2566 1606 2623 zelum
1621 2580 1719 2640 gerere
1734 2563 1821 2623 891

166 2660 267 2732 patitur
281 2659 412 2716 sacrificio
426 2657 583 2731 vespertino
605 2656 701 2714 bustiae
724 2657 859 2714 saluteris.
876 2660 964 2730 Nevit,
1020 2667 1167 2724 videretur,
1196 2667 1347 2737 propterea
1368 2662 1503 2720 maliciose
1517 2662 1597 2721 nimis
1623 2664 1729 2738 linguas
1757 2679 1822 2721 eru.

165 2749 269 2822 inique,
305 2747 370 2821 quid
398 2747 512 2820 milles·
550 2748 612 2803 N⁰¹¹
628 2746 704 2803 dabit
722 2746 771 2803 ilbi
795 2747 966 2806 ⁰⁰088i0nem
1020 2756 1098 2813 diens
1120 2755 1352 2828 blasphemorum,
1376 2753 1544 2825 suggerebat
1555 2758 1585 2809 ut
1601 2752 1745 2808 dicerent:
1768 2755 1823 2811 De·

165 2838 349 2912 subripiendae
383 2837 463 2895 110bi⁵
490 2836 713 2911 perseverantii&
745 2853 805 2909 <1¹1ae
830 2837 887 2894 ⁵⁰¹³
919 2853 966 2895 00·
1019 2846 1182 2912 accedebat
1198 2845 1353 2911 credimus·
1369 2841 1446 2914 quasi
1459 2843 1515 2914 jam
1524 2840 1590 2897 nihil
1600 2846 1693 2913 posset
1706 2839 1822 2898 obstare

167 2938 289 2987 renatur-
325 2929 387 2984 Non
429 2925 522 3009 saciet,
541 2927 731 2983 obmutescere
758 2926 966 2999 predicatorum
1020 2935 1087 3007 quin
1100 2933 1291 3000 descenderet,
1303 2931 1349 3005 qui
1358 2944 1454 2988 eorum
1468 2930 1655 2989 credulitatem
1675 2937 1821 3002 tantopere

167 3017 288 3090 linguas,
315 3015 514 3073 consolantium
547 3014 745 3088 pusillanimes,
772 3023 800 3073 et
818 3015 966 3073 dicentium
1020 3024 1200 3081 desideraret,

167 3104 301 3179 Sillilfflffl
317 3104 456 3160 Tll¹⁰⁰¹¹¹¹¹
484 3111 559 3160 ‘llum
583 3120 619 3159 ¹¹⁶
648 3103 778 3174 deseras;
807 3104 880 3175 t1¹¹⁰d
908 3105 966 3162 ⁸5³0
1057 3115 1084 3169 i.
1100 3112 1155 3169 Sed
1171 3111 1237 3183 quid
1266 3109 1445 3180 machinatur,
1475 3116 1522 3165 aut
1550 3108 1592 3166 cui
1611 3113 1689 3182 parat
1711 3107 1823 3164 insidias

167 3194 250 3251 dubio
266 3199 438 3266 sequeretur,
461 3192 484 3247 si
498 3192 669 3264 respondere
684 3201 798 3265 possent
811 3194 874 3266 quia
888 3195 967 3251 Clrri-
1020 3199 1197 3274 versipellis?
1219 3199 1325 3270 Nempe
1339 3198 1366 3255 εἰ
1379 3197 1407 3254 jn
1439 3213 1493 3271 quo
1507 3196 1575 3253 nihil
1597 3196 1721 3270 proficier
1733 3195 1822 3252 inimi.

168 3291 227 3338 stus
250 3297 329 3338 snum
353 3280 484 3337 deseruit.
514 3281 595 3337 Proui
609 3282 682 3337 enirn
701 3288 765 3337 sunt
791 3296 887 3337 sensus
915 3284 967 3339 ho·
1021 3306 1079 3360 eus,
1096 3297 1122 3346 et
1136 3289 1205 3346 silius
1219 3287 1370 3361 iniquitatis
1384 3303 1441 3344 non
1455 3292 1576 3359 apponet
1590 3301 1690 3343 nocere
1709 3284 1746 3342 ei.
1760 3283 1820 3344 llon

168 3370 249 3427 minis
263 3368 478 3441 eiwdlidfiffllffl
497 3368 527 3424 5¹¹
554 3367 664 3424 malum·
692 3368 759 3425 Sine
787 3384 878 3436 causa,
908 3386 967 3425 ma-
1020 3386 1145 3437 movetur
1171 3391 1240 3433 rana
1275 3373 1482 3447 pollicitatione,
1507 3372 1554 3447 qui
1591 3372 1666 3431 novit
1700 3373 1823 3429 omnium

167 3460 252 3534 tigre,
282 3460 384 3533 parasti
415 3459 529 3532 sagittas
558 3464 618 3514 tras
646 3458 673 3513 in
698 3460 854 3530 pharetra;
877 3465 904 3515 et
928 3459 968 3515 di·
1022 3466 1115 3539 eorda,
1130 3466 1200 3521 sicut
1215 3480 1266 3521 nec
1280 3463 1491 3537 exprobratione
1519 3461 1680 3535 blasphema
1708 3462 1821 3519 misissi-

168 3551 333 3622 scipulorum
359 3549 476 3621 suspiria
504 3548 625 3604 cumulas
666 3548 819 3619 opprobriis
859 3548 969 3605 tudae·
1022 3554 1218 3613 musomnium
1227 3553 1397 3610 movebatur.
1412 3553 1451 3608 Eo
1466 3552 1567 3625 quippe
1594 3551 1724 3609 tendebat
1747 3553 1823 3608 mali·

172 3657 240 3697 rum·
275 3639 313 3693 llli
343 3639 443 3710 quippe
487 3639 643 3708 desperant,
687 3636 731 3693 isli
758 3637 966 3710 intpmperttssi!
1022 3641 1820 3715 tiosasuasio,nonutipsicrederent,sednostraquoque,

170 3729 220 3785 sed
235 3728 341 3785 Christo
365 3737 462 3784 neutra
497 3728 550 3784 tela
578 3728 726 3784 nocebunt.
764 3727 846 3784 Aliud
861 3736 970 3800 tompus
1022 3734 1115 3807 siqua
1128 3742 1196 3801 crat,
1212 3731 1281 3787 fides
1296 3731 1324 3786 in
1340 3747 1401 3787 eum
1416 3730 1580 3787 omnimodis
1601 3731 1747 3804 deperiret.
1769 3733 1822 3789 Le·

167 3818 251 3892 elegit
276 3815 461 3872 confortandis
484 3816 634 3890 discipulis,
665 3825 692 3874 et
706 3816 779 3873 aliud
806 3817 969 3875 adversariis
1023 3831 1122 3899 gentes
1137 3821 1209 3877 enim
1221 3838 1227 3876 :
1239 3822 1289 3878 lici
1301 3825 1429 3893 perfectu
1443 3825 1513 3877 sunt
1527 3837 1613 3895 opero
1628 3823 1819 3890 (Dcutaxxtr,

169 3905 350 3966 confutandis.
1024 3913 1064 3984 i),
1081 3911 1190 3983 quando
1204 3910 1353 3966 fateremur
1370 3910 1468 3976 Deum,
1484 3908 1530 3980 qui
1554 3907 1647 3964 salutis
1668 3924 1737 3980 opus
1761 3909 1823 3966 reli-

206 4001 232 4053 3.
249 3995 359 4052 lnterim
375 3994 532 4066 patientiam
548 3994 636 4068 magis
653 3992 775 4058 exiribet,
790 3995 968 4053 humilitatem
1024 4001 1130 4074 quisset
1143 3997 1356 4072 imperfectum?
1386 3998 1440 4055 Sed
1471 3997 1612 4054 audiamus
1627 3996 1691 4068 quid
1714 3997 1749 4053 ad
1764 4000 1823 4056 trare

170 4085 351 4154 commendat,
383 4083 569 4141 obedientiam
591 4082 694 4156 implet,
720 4081 826 4154 perficit
853 4085 969 4142 clrarita-
1023 4089 1146 4146 cbristus
1161 4088 1328 4159 respoudeat
1342 4104 1392 4161 per
1407 4087 1588 4159 prophetam:
1605 4085 1712 4155 Qaaeris
1731 4087 1820 4161 signa,

170 4186 235 4234 tem.
255 4175 305 4232 His
319 4191 419 4247 nempe
438 4175 566 4233 virtutum
585 4173 701 4249 gemmis
728 4177 845 4248 quatuor
867 4192 968 4232 cornua
1022 4178 1135 4236 iudaea?
1160 4180 1300 4250 Exspecta
1320 4193 1365 4234 me
1386 4177 1418 4232 iu
1436 4176 1481 4234 die
1509 4179 1726 4236 rerurrectionis
1753 4195 1824 4237 meu

171 4265 258 4323 erucis
276 4273 425 4321 ornantur:
442 4271 471 4321 et
489 4271 531 4321 est
553 4262 798 4335 supereminentior
811 4265 969 4333 charitasa
1025 4267 1117 4342 (Soplr.
1139 4282 1178 4334 nt,
1191 4270 1228 4329 8).
1246 4265 1274 4321 Si
1288 4265 1329 4322 vis
1348 4265 1473 4333 credere,
1488 4268 1594 4336 majora
1607 4266 1661 4337 iam
1679 4267 1725 4323 tibi
1738 4281 1824 4340 opera

171 4355 274 4412 dextris
302 4352 464 4421 obedientia,
490 4352 621 4425 patientia
636 4368 651 4408 a
665 4352 791 4421 sinistris,
818 4355 894 4412 radix
915 4355 969 4412 rir-
1024 4354 1218 4414 demonstravi.
1232 4354 1408 4428 llultiplicari
1417 4355 1824 4431 signa,sanitatesparleciheri

170 4449 260 4500 tutum
283 4443 418 4499 humilitas
440 4443 468 4498 in
495 4441 642 4515 profundo.
658 4442 704 4498 His
719 4441 813 4501 ditavit
840 4449 969 4517 tropeum
1025 4454 1052 4504 et
1067 4446 1174 4521 pridie:
1199 4444 1280 4502 hodie
1298 4445 1386 4519 magis
1399 4445 1488 4502 babeo
1503 4445 1694 4505 consummari.
1711 4448 1754 4502 An
1768 4463 1823 4504 non

173 4533 263 4591 crucis
293 4533 489 4590 consummatio
511 4532 661 4589 Dominicae
681 4531 824 4604 passionis,
849 4550 910 4591 curn
936 4535 971 4591 ad
1025 4537 1114 4606 maius
1126 4543 1195 4604 erat,
1211 4534 1284 4608 quod
1304 4534 1424 4592 vidistis
1443 4533 1603 4606 corporibus
1614 4532 1734 4590 obsessis
1744 4534 1824 4607 spiri-

172 4625 325 4682 iudeorum
341 4620 525 4695 blasphemias
537 4621 654 4688 humilis,
671 4620 706 4676 ad
721 4621 834 4679 vulnera
854 4623 969 4696 patiens,
1026 4631 1069 4681 tus
1081 4625 1159 4681 exire
1178 4623 1322 4700 malignos,
1338 4631 1366 4680 et
1385 4624 1419 4680 de
1443 4623 1564 4697 grabatis
1578 4621 1635 4679 suis
1653 4621 1763 4680 exsilire
1778 4639 1825 4694 pa·

171 4715 246 4771 intus
260 4713 371 4785 linguis,
402 4711 483 4769 clavis
506 4710 625 4768 exterius
645 4718 824 4783 pungeretur.
848 4712 917 4770 Nam
944 4723 972 4770 ct
1026 4713 1163 4786 ralyticos,
1181 4729 1261 4786 quarn
1277 4730 1293 4769 e
1307 4713 1434 4770 manibus
1448 4713 1517 4770 meis
1531 4712 1576 4770 vel
1602 4711 1719 4785 pedibus
1732 4710 1826 4770 clavos

171 4802 289 4857 charitas
307 4802 334 4856 in
350 4817 383 4858 eo
397 4800 516 4874 perlecta
530 4807 580 4866 est,
611 4799 684 4872 quod
715 4815 764 4870 pro
788 4800 882 4857 amicis
910 4801 971 4858 ani·
1025 4801 1130 4860 resilire
1145 4817 1213 4874 quos
1226 4803 1360 4859 infixisti?
1376 4803 1430 4860 Sed
1440 4802 1560 4875 patiendi
1576 4810 1684 4874 tempus
1697 4808 1749 4869 est,
1767 4815 1824 4857 non

172 4905 243 4945 mam
259 4891 346 4960 posuit
360 4908 367 4959 3
383 4900 410 4946 et
433 4888 590 4947 obedientia
612 4896 806 4958 consummata,
822 4906 883 4947 cum
897 4891 973 4948 incli·
1026 4891 1163 4962 faciendi,
1178 4902 1206 4949 et
1220 4893 1357 4966 passionis
1370 4891 1705 4966 horamsicutpraerenire
1723 4891 1825 4948 trustra

172 4985 238 5036 nato
252 4978 342 5050 capite
360 4979 473 5035 tradidit
486 4978 620 5052 spiritum,
637 4977 724 5035 iactus
738 4979 870 5036 obediens
884 4995 970 5053 usquc
1025 4989 1138 5040 conatus
1152 4999 1192 5051 es,
1208 4983 1247 5041 sie
1258 4981 1573 5057 necpoterisimpedire.

77 5094 89 5109 =
171 5069 207 5128 ad
221 5074 347 5126 mortem.
363 5066 410 5123 liis
424 5069 541 5139 spoliare
560 5069 678 5138 dotibus,
695 5070 746 5126 bac
764 5068 871 5142 privare
886 5069 971 5145 gloria
1060 5077 1088 5132 5.
1103 5072 1157 5130 Sed
1167 5072 1191 5129 si
1200 5073 1289 5130 adhue
1298 5071 1438 5146 generatio
1453 5086 1535 5144 prava
1545 5078 1573 5128 et
1583 5070 1704 5128 adultera
1715 5070 1824 5144 signum

171 5161 271 5221 Christi
289 5158 449 5233 satagebant
463 5160 623 5228 Ecclesiam,
644 5158 690 5232 qui
706 5160 853 5218 dicebant:
871 5163 900 5220 st
918 5179 971 5220 roc
1024 5163 1131 5236 quierit,
1150 5176 1205 5219 non
1220 5162 1369 5219 uidebitur
1388 5161 1440 5218 nisi
1455 5161 1564 5237 signum
1582 5164 1662 5219 tonte
1678 5160 1823 5234 prophete

172 5253 260 5310 lsrael
279 5253 332 5317 est,
349 5246 497 5304 descendet
512 5251 547 5307 de
558 5266 649 5308 cruce
660 5248 794 5309 Nimirum
808 5257 838 5307 ut
852 5266 908 5307 non
936 5250 970 5306 sit
1008 5253 1136 5323 ·(liottlr.
1151 5266 1202 5321 xu,
1219 5252 1285 5324 39);
1299 5266 1355 5309 uon
1374 5251 1483 5325 signum
1504 5251 1699 5317 descensionis,
1715 5250 1765 5307 sed
1780 5267 1824 5308 re·

206 5360 263 5419 cast
284 5357 328 5414 Sic
344 5355 425 5412 etiam
444 5370 515 5410 nunc
529 5354 629 5427 legitur
656 5356 685 5412 in
716 5357 842 5416 versione
857 5357 978 5416 Romana
1003 5374 1053 5417 seu
1066 5358 1168 5426 italici,
1193 5357 1232 5417 uti
1251 5365 1280 5418 et
1306 5356 1444 5419 innostro
1464 5359 1494 5418 S.
1518 5357 1648 5420 Germaai
1678 5358 1821 5418 l’salterio·

170 5426 239 5485 Vide
250 5431 277 5486 S.
293 5427 389 5482 tustini
405 5425 545 5498 dialogum
560 5443 621 5484 eum
631 5428 790 5499 Tryphone.
