3734 5948
69 112 94 171 ¹³
804 108 986 173 Phhtttto.
1680 112 1716 177 qq

65 228 448 304 phhnlesobvaraarentur
461 229 656 303 cogitationes,
672 246 724 289 aee
742 233 896 290 casstatim
925 233 1006 306 plena
1031 233 1153 291 bradone
1178 233 1315 308 explicare
1334 240 1444 308 posset3
1464 250 1559 295 saeros
1579 237 1715 309 eiusmodi

25 312 30 375 .'
64 328 149 392 partus
166 318 276 377 tabulis
289 321 379 378 cereis
390 319 602 377 commendabat
616 335 684 393 quos
699 336 748 392 pro
768 329 892 393 tempore
907 331 935 380 et
948 324 1003 381 otio
1018 322 1168 394 perliceret
1189 326 1228 380 tta
1252 325 1354 397 quippe
1377 325 1412 381 de
1436 340 1470 382 eo
1489 325 1569 383 nobis
1582 327 1712 399 scriptum

66 409 165 482 ¹aliquit
177 409 364 466 Ernaldusin
376 409 445 466 libro
460 425 482 467 ιι
496 409 532 466 de
546 410 607 480 ejus
621 410 690 475 Vita,
707 426 736 466 u.
758 414 811 466 et:
830 432 843 464 ι
864 412 988 470 hietabat
1001 413 1043 469 vir
1058 413 1117 480 bei,
1134 421 1162 469 et
1181 429 1376 487 nonnunquam
1400 416 1538 472 scribebat
1560 415 1589 471 in
1614 415 1711 472 tabulis

64 497 150 567 rerds,
168 506 202 554 et
215 515 276 555 non
293 499 445 570 patiebatur
459 498 550 571 perire
565 499 696 570 inspirata
710 499 761 556 sibi
775 500 912 558 divinitus.
936 524 946 551 a

24 658 27 665 Ι
90 587 148 641 vtt.
167 587 265 643 Horas
279 587 465 643 declamandis
478 587 651 643 sermonibus
665 589 819 645 insumebat
833 590 978 663 aliquando
993 590 1136 647 Matutinus
1153 599 1214 664 post
1233 593 1348 663 primam
1367 602 1432 650 ante
1450 592 1572 649 lahorem
1590 609 1712 651 eommu-

25 702 28 711 ·
65 693 126 743 ιιιιι,
141 692 200 733 seu
214 687 286 733 ante
300 677 428 736 ldissam:
445 675 592 749 aliquando
607 679 787 748 vespertinas.
805 678 921 735 Primum
938 688 1045 751 tempus
1066 681 1168 737 iudicat
1186 696 1312 739 sermone
1327 685 1359 738 lo
1375 681 1403 737 in
1418 682 1550 754 psalmum
1565 699 1613 754 xc,
1630 700 1657 739 ιι.
1675 687 1711 740 h:

65 764 198 822 ·l'ereor
215 765 404 837 deprehendi.
428 766 533 836 Nempe
549 766 642 823 boram
667 769 737 822 trane
757 782 871 840 magnus
886 768 931 825 ille
945 777 973 824 et
991 768 1143 825 communis
1158 770 1243 825 abbas
1257 777 1391 829 necteret
1406 780 1497 828 vester
1511 787 1565 828 non
1580 771 1715 828 vacationi

22 912 25 919 ,
64 870 229 921 sermonum,
252 854 303 911 sed
318 854 396 927 operi
411 870 539 910 manuum
554 855 674 912 nosoitur
688 856 852 927 assignasse.
872 857 1037 913 »llissarum
1053 859 1198 914 imminens
1212 867 1318 930 tempus
1333 867 1409 914 notat
1427 876 1555 916 sermone
1571 871 1584 915 t
1601 861 1629 916 in
1644 861 1715 918 festo

22 934 25 941 ’
64 944 140 999 sancti
164 943 326 1009 Michaelis,
349 943 378 999 in
394 943 467 1001 line:
490 964 503 996 a
523 943 578 1000 Sed
592 946 650 1015 jam
664 945 788 1015 preterit
803 945 880 1015 hora,
902 946 937 1002 ad
948 948 1045 1003 blissas
1059 946 1139 1002 nobis
1153 949 1271 1003 eundum
1283 955 1334 1007 est.
1347 969 1360 1001 a
1374 949 1409 1003 Et
1423 965 1549 1006 sermone
1566 954 1576 1004 t
1599 951 1627 1005 in
1642 948 1714 1006 iesto

63 1033 184 1089 Οιιιιίιιιιι
200 1033 370 1091 Sanctorum
385 1049 412 1089 n.
428 1038 464 1090 3:
494 1033 718 1106 «Nuncquidem
746 1035 831 1091 cibari
847 1036 978 1092 habemus
993 1036 1069 1092 lactis
1089 1042 1150 1109 ejus
1165 1046 1193 1093 et
1211 1037 1302 1093 verbis
1314 1054 1322 1106 ;
1333 1044 1396 1109 post
1408 1038 1466 1094 brec
1481 1038 1563 1093 etiam
1582 1039 1714 1095 illibatum

62 1122 188 1179 dominici
202 1122 335 1194 corporis
348 1129 550 1181 sacramentum
563 1122 590 1179 in
609 1122 702 1178 altaris
721 1140 817 1180 mensa
840 1133 1024 1191 sacrosancta,
1039 1127 1099 1196 ipso
1123 1124 1253 1197 propitio,
1274 1126 1438 1198 percepturi.
1458 1149 1468 1176 ι
1486 1126 1641 1183 terracin
1659 1127 1714 1184 line

61 1212 192 1267 annonis
206 1211 345 1269 secundi:
367 1231 380 1263 ι
396 1208 451 1267 Sed
464 1213 520 1283 jam
537 1228 628 1269 sermo
643 1213 810 1270 claudendus
824 1222 885 1272 est:
900 1221 999 1272 vocant
1014 1214 1144 1270 animnos
1161 1214 1316 1272 ,ttissarmm
1329 1216 1417 1273 adhuc
1431 1214 1595 1272 celebranda
1609 1216 1713 1274 solem·

61 1302 105 1357 sia.
122 1321 137 1352 ι
157 1301 268 1357 Verum
283 1299 420 1356 serotinas
433 1300 624 1358 horaseisdem
634 1303 811 1360 concionibus
820 1302 955 1360 adhibitas
966 1319 996 1359 se
1005 1302 1089 1360 luisse
1099 1304 1195 1373 probat
1208 1309 1323 1361 sermot
1338 1305 1373 1360 de
1386 1313 1482 1361 saneto
1494 1302 1670 1371 Malachiam.
1682 1309 1711 1360 8:

63 1389 222 1446 declinata
236 1396 281 1444 est
299 1390 355 1461 jam
370 1389 440 1458 dies,
454 1396 483 1446 et
495 1389 604 1462 lougius
616 1407 698 1464 quam
712 1407 885 1465 speraveram
900 1409 991 1449 sermo
1005 1392 1149 1464 processit.
1170 1414 1182 1444 ι
1199 1395 1235 1449 itt
1255 1392 1409 1469 signantius
1431 1392 1460 1450 in
1482 1409 1609 1450 sermone
1628 1396 1663 1450 38
1678 1394 1714 1450 de

61 1478 172 1534 disemis
185 1495 217 1535 ιι.
236 1483 274 1534 3ι
294 1478 450 1535 «Eundem
471 1479 552 1536 nobis
578 1485 638 1535 est:
653 1481 709 1550 jam
732 1481 805 1537 enim
830 1497 989 1555 campanam
1012 1481 1175 1551 audivimus,
1196 1483 1252 1553 jam
1275 1483 1440 1554 vespertinae
1462 1482 1714 1556 tempusorationis

62 1568 176 1624 advenit.
194 1588 211 1621 ιι
231 1568 310 1625 Idem
324 1568 444 1640 probant
463 1582 607 1625 sermones
620 1570 649 1625 iu
664 1569 783 1639 Cantica,
801 1579 830 1627 ut
844 1585 894 1630 suo
909 1571 969 1628 loeo
983 1571 1146 1629 videbimus.

93 1658 165 1714 t'tn.
179 1658 268 1714 Nunc
283 1674 317 1714 ex
330 1657 428 1716 ordine
441 1657 635 1732 inquirendum
648 1667 700 1729 est,
716 1661 869 1717 heruardus
887 1676 1028 1718 sermones
1050 1678 1114 1718 suos
1138 1662 1231 1727 latina,
1246 1677 1280 1717 an
1294 1661 1398 1735 vulgari
1418 1661 1510 1736 lingua
1524 1662 1712 1737 eloqueretur.

62 1748 112 1803 h'ec
127 1746 202 1803 levis
218 1763 289 1803 sane
303 1746 449 1804 difficutas.
465 1748 526 1805 latis
541 1748 612 1805 eairn
627 1749 805 1807 concionibus
818 1749 974 1808 interfuisse
996 1750 1122 1807 videntur
1136 1750 1234 1807 iratres
1248 1750 1319 1817 laici,
1336 1750 1477 1823 illitterati,
1493 1752 1592 1824 lingum
1610 1751 1717 1810 Latinae

61 1852 170 1908 prorsuis
181 1836 288 1907 ignari,
300 1835 399 1907 quibus
408 1836 439 1893 in
446 1853 496 1894 usu
506 1848 566 1894 erat
574 1838 632 1895 sola
641 1836 760 1913 vulgaris
770 1838 940 1912 linguaque
952 1859 964 1889 ι
974 1838 1115 1895 Romana»
1126 1845 1252 1910 corrupte
1263 1837 1405 1895 dicebatur
1413 1840 1515 1911 passim
1525 1841 1596 1912 apud
1606 1840 1712 1899 illorum

62 1938 219 1998 temporum
233 1933 369 1998 auctores,
386 1924 548 1982 Nithardum
563 1927 591 1982 in
604 1927 732 1995 Historia,
746 1927 900 1984 Gerardum
915 1927 943 1982 in
957 1927 1027 1984 libro
1042 1928 1075 1982 ds
1092 1928 1153 1984 Vita
1176 1927 1304 1983 adalardi
1319 1928 1435 1994 abbatis,
1450 1938 1477 1984 et
1501 1929 1572 1998 apud
1586 1929 1712 1986 Chrono-

61 2016 196 2088 graphum
211 2014 308 2071 Sancti
321 2014 467 2083 Trudonis‚
482 2016 528 2071 uhi
544 2038 555 2068 a
573 2024 700 2088 corrupte
721 2017 853 2087 Ronrana,
874 2017 1021 2073 Teutonico
1037 2016 1175 2072 Vallonica
1200 2036 1212 2069 ι
1238 2024 1359 2072 vocatur.
1383 2017 1452 2072 ltine
1466 2018 1571 2086 Petrus,
1586 2016 1716 2075 Ludoviai

60 2105 180 2162 iunioris
195 2104 370 2161 Francorum
384 2106 458 2179 regis
473 2104 598 2171 clericus,
613 2106 642 2161 in
656 2106 771 2177 epistola
785 2106 819 2161 ad
834 2106 960 2162 abbatem
975 2105 1205 2161 Latiniaeensem:
1224 2125 1236 2158 ιι
1254 2105 1368 2176 Quidam
1383 2120 1460 2176 puer,
1481 2105 1581 2177 inquit,
1595 2120 1713 2163 musan-

59 2196 176 2268 gnineus
191 2208 285 2265 meus,
304 2194 404 2250 missus
418 2203 461 2250 est
474 2194 540 2249 mihi
558 2194 593 2251 de
604 2194 702 2265 anglia
716 2195 751 2249 ad
766 2194 923 2250 discendam
938 2196 1086 2252 Romanam
1100 2193 1218 2267 linguam
1235 2195 1285 2264 (tl,
1297 2213 1311 2246 ι
1323 2194 1351 2248 id
1366 2202 1407 2250 ost
1420 2194 1549 2250 Gallicam
1564 2195 1716 2268 uulgarem.

59 2284 194 2353 Quinem
210 2281 283 2336 hane
295 2280 441 2349 callebam,
456 2296 512 2339 nou
525 2280 654 2337 contiuuo
670 2282 791 2337 Latinam
806 2280 1006 2350 intelligebant,
1027 2279 1171 2352 nequidem
1188 2279 1287 2337 saeculo
1305 2295 1386 2347 nono,
1404 2280 1504 2336 nedum
1518 2282 1673 2353 undecimo,
1687 2292 1718 2340 ut

61 2382 133 2444 patet
147 2389 185 2429 ex
206 2370 302 2429 libello
317 2372 352 2427 de
365 2371 470 2427 visione
483 2370 605 2426 Fictildae
617 2386 667 2427 seu
682 2369 834 2435 Ctrlotildae,
850 2370 879 2425 iu
894 2386 948 2442 quo
962 2375 1112 2442 arguuntur
1126 2369 1234 2441 quidam
1250 2371 1440 2441 presbyteri«
1456 2371 1503 2444 qui
1518 2371 1592 2443 ipsas
1606 2388 1718 2446 quoqne

60 2463 166 2521 litteras
185 2463 353 2535 ignorarent
367 2476 436 2534 quas
450 2461 579 2534 legebant
593 2462 641 2533 (3).
660 2483 671 2510 ι
690 2461 719 2517 Si
733 2477 800 2533 ergo
815 2460 946 2517 Bernardi
959 2461 1131 2517 sermonibus
1144 2461 1242 2517 iratres
1255 2461 1387 2518 illitterati
1402 2463 1564 2529 intererant,
1575 2465 1717 2537 haudqua-

61 2570 141 2627 quam
156 2550 311 2611 verisimile
329 2557 384 2619 est,
399 2552 449 2607 hos
462 2566 604 2608 sermones
617 2550 710 2606 Latine
735 2549 926 2622 pronuntiatos
949 2548 1043 2607 luisse.
1068 2549 1141 2608 Sane
1159 2550 1290 2608 Bemardi
1310 2566 1453 2609 sermones
1474 2551 1510 2608 de
1532 2553 1667 2627 Tempore
1688 2554 1716 2609 in

63 2650 200 2700 conventu
216 2640 331 2697 Petrum
344 2638 510 2697 Fuliensinm
524 2638 598 2712 apud
610 2638 728 2696 Parisios
742 2638 876 2697 habentur
900 2637 1003 2695 Gallice
1024 2638 1117 2711 scripti
1135 2639 1170 2694 ah
1192 2638 1262 2712 ipso,
1285 2647 1315 2695 nt
1338 2639 1455 2706 videtur,
1480 2640 1567 2697 sancti
1581 2641 1713 2698 hemardt

64 2742 208 2806 tempore:
225 2729 301 2803 qnod
317 2735 347 2787 et
360 2728 462 2785 codicis
476 2727 623 2795 elementa,
639 2735 666 2785 et
679 2728 815 2785 idiomatis
829 2727 919 2803 arguit
932 2727 1090 2800 antiquitas.
1105 2729 1216 2785 Accedit
1235 2730 1308 2800 quod
1332 2729 1487 2786 Bernardus
1510 2730 1539 2786 in
1563 2730 1639 2789 initio
1655 2732 1717 2804 epi-

63 2823 139 2879 stotae
155 2825 206 2888 tv,
221 2820 257 2875 ad
272 2821 382 2877 Petrum
395 2817 541 2875 diaconum
554 2817 731 2884 cardinalem,
750 2832 891 2875 sermones
904 2833 967 2874 suos
983 2839 994 2869 a
1013 2818 1085 2889 stylo
1100 2838 1113 2870 ι
1130 2816 1322 2889 discipulorum
1341 2827 1472 2892 exceptos
1487 2827 1621 2877 testatur:
1638 2820 1717 2893 qnasi

64 2912 183 2975 diceret,
200 2924 260 2966 nou
283 2922 318 2965 eo
338 2906 424 2966 modo
442 2922 498 2980 quo
518 2906 685 2981 pronuntiati
708 2906 823 2973 luerent,
838 2906 888 2963 sed
902 2905 992 2963 alieno
1012 2906 1083 2978 stylo
1103 2905 1186 2962 luime
1200 2906 1326 2964 donatos.
1343 2907 1410 2977 Ejus
1423 2908 1545 2978 epistolae
1559 2908 1619 2965 haec
1632 2909 1718 2966 verba

65 3007 143 3057 snut:
160 3022 174 3049 ι
191 2997 286 3071 Aliqui
300 2996 402 3055 iratres
409 2996 541 3055 nonnulla
555 3012 588 3052 ειι
604 2997 645 3052 his
659 3013 721 3070 que
735 3013 779 3053 ιιιε
794 3011 886 3054 coram
900 2997 1011 3052 aurtiere
1025 2996 1193 3069 loquentem,
1204 3013 1253 3053 suo
1264 2997 1335 3069 stylo
1345 3013 1490 3069 excepere.
1508 3018 1520 3053 ι
1538 2999 1643 3055 Eadem
1660 3000 1718 3057 iere

65 3091 148 3147 rerba
162 3095 232 3145 sunt
246 3086 274 3143 in
289 3086 345 3143 line
360 3086 483 3157 epistolae
496 3090 539 3155 te,
554 3086 601 3143 uhi
616 3086 710 3143 addit:
725 3107 737 3138 a
754 3089 790 3142 Et
812 3103 900 3157 penes
921 3102 951 3141 sc
974 3085 1105 3142 retinent.
1123 3107 1137 3139 ι
1153 3088 1193 3142 Ει
1206 3085 1305 3158 quibus
1318 3086 1432 3144 fortasse
1446 3087 1508 3159 quis
1522 3086 1631 3144 inierat.
1647 3089 1718 3145 lter-

66 3180 182 3235 nardum
198 3175 292 3234 nativa
307 3190 356 3232 sea
374 3176 462 3248 patria
476 3174 608 3243 dictione,
624 3182 654 3232 ut
669 3174 798 3232 imtribus
812 3175 888 3232 laicis
902 3191 964 3232 sese
979 3175 1208 3241 accommodaret,
1223 3175 1307 3232 verba
1321 3174 1430 3245 iecisse,
1446 3192 1507 3250 quae
1521 3175 1645 3250 discipuli
1658 3178 1719 3248 ejus

67 3269 90 3323 in
107 3267 244 3325 Latinum
257 3265 453 3323 convenerint.

97 3358 148 3414 [X.
166 3356 283 3413 Fratres
300 3362 392 3413 autem
406 3353 489 3412 laicos
501 3353 610 3426 penitus
624 3352 768 3411 illiteratos
781 3361 810 3410 et
828 3353 927 3426 lingue
947 3353 1037 3410 latinae
1060 3354 1172 3425 ignaros
1194 3354 1278 3411 luisse
1304 3354 1388 3411 multa
1413 3355 1614 3416 demonstrant.
1634 3357 1721 3413 Erant

67 3448 107 3503 isti
136 3445 244 3502 iratres
258 3445 342 3503 choro
357 3443 462 3515 sociati,
478 3443 527 3500 sed
541 3449 660 3501 tonsure
676 3443 808 3500 cledealis
831 3451 969 3516 expertes,
992 3461 1008 3500 a
1026 3443 1166 3500 conversis
1183 3445 1296 3499 omniuo
1319 3444 1450 3500 distincti.
1470 3445 1509 3500 De
1532 3446 1575 3500 his
1589 3446 1679 3518 agitur
1692 3445 1719 3500 iu

67 3537 132 3593 libro
146 3550 192 3591 nv
207 3534 245 3592 de
258 3533 320 3590 Vita
332 3533 419 3590 saneti
431 3531 575 3600 Bernardi,
589 3532 678 3605 capite
692 3530 744 3591 23:
764 3554 774 3583 a
799 3531 874 3588 ilaue
896 3532 993 3589 divinas
1007 3531 1127 3588 scientie
1155 3531 1310 3604 termulam,
1330 3554 1342 3581 ι
1360 3548 1473 3604 nempe,
1503 3535 1562 3591 Non
1580 3537 1720 3606 glorietur

68 3626 259 3699 insapientiae
268 3616 397 3694 attollor.
412 3638 454 3688 rx,
469 3621 526 3694 23),
542 3629 607 3689 etc..
624 3619 772 3694 perfectius
786 3621 882 3677 imitati
894 3630 958 3678 sunt
973 3621 1009 3692 hi,
1025 3622 1130 3694 quisnb
1143 3621 1222 3679 beato
1239 3623 1317 3677 Patre
1334 3631 1425 3678 nostro
1441 3621 1578 3679 barnardo
1592 3621 1621 3676 in
1631 3621 1720 3679 Clara·

70 3714 144 3772 Valle
165 3711 293 3770 caelestis
306 3711 485 3784 philosophiae
499 3710 649 3782 disciplinis
672 3709 875 3777 imbuebantur,
891 3727 945 3767 uon
970 3712 1057 3768 solum
1072 3711 1182 3766 litterati
1197 3718 1226 3766 et
1238 3711 1264 3765 in
1279 3710 1415 3782 mysteriis
1440 3726 1523 3766 saerae
1537 3707 1607 3782 legis
1620 3711 1720 3767 eruditi

68 3803 113 3859 riri
127 3800 225 3874 matti,
240 3816 335 3859 verum
349 3800 431 3858 etiam
445 3799 505 3858 laici
518 3808 546 3857 et
560 3799 690 3856 illitterati
705 3815 785 3872 quam
801 3800 908 3872 plures:
929 3800 977 3871 qui
990 3800 1042 3855 etsi
1071 3801 1195 3855 humanae
1215 3798 1336 3854 scientiae
1360 3797 1499 3864 fabricam,
1514 3815 1567 3871 per
1588 3815 1669 3871 quam
1685 3799 1718 3855 ad

68 3889 252 3966 perfectionis
263 3890 374 3949 eulmen
387 3889 551 3958 niterentur,
572 3888 683 3947 minime
706 3889 845 3947 consecuti
859 3899 932 3956 suut,
957 3888 1094 3945 habebant
1116 3896 1206 3943 tamen
1229 3887 1344 3959 gratiam
1368 3887 1563 3944 illuminantem
1586 3897 1613 3944 et
1632 3887 1719 3960 Spiri-

70 3992 121 4039 tum
137 3978 338 4049 rivihoantem,
353 3979 401 4053 qni
414 3978 449 4036 de
464 3979 599 4047 omnihus,
616 3994 677 4052 quae
691 3978 847 4051 oportebat,
861 3977 983 4036 seculari
1002 3976 1115 4033 scientia
1139 3976 1387 4047 incomparabiliter
1409 3976 1546 4034 eltieacius
1567 3992 1615 4034 eos
1638 3976 1720 4034 doce·

68 4069 120 4127 hat.
136 4066 251 4122 Talium
267 4065 378 4139 qnidam
391 4065 542 4123 monachus
556 4065 649 4137 laicus,
665 4082 719 4122 nou
734 4066 823 4121 littera
850 4065 956 4131 doctus,
972 4063 1023 4123 sed
1037 4063 1143 4136 spiritu,
1159 4082 1174 4115 a
1190 4071 1245 4119 etc.
1260 4064 1300 4118 Ειι
1310 4062 1398 4136 qualis
1411 4075 1470 4121 erat
1484 4071 1571 4119 status
1584 4063 1719 4133 ejusmodi

69 4157 214 4223 hiantum,
230 4170 279 4229 qut
295 4153 404 4227 penitus
427 4155 601 4227 analpbabeti
628 4161 657 4212 et
684 4154 785 4227 linguae
811 4154 903 4211 latinae
925 4153 1003 4209 inscii
1020 4161 1109 4220 erant,
1133 4159 1202 4209 teste
1227 4153 1333 4209 loanne
1356 4153 1475 4208 Eremita
1498 4154 1525 4209 in
1548 4152 1665 4224 epistola
1683 4152 1719 4208 ad

71 4249 183 4306 Petrum
197 4245 382 4302 Tumulauum
396 4247 431 4302 de
447 4244 507 4302 Vita
522 4243 848 4310 arcesseremusne:
865 4266 877 4295 a
895 4243 1042 4299 Monachus
1055 4240 1176 4315 quidam,
1189 4262 1203 4291 a
1220 4240 1317 4314 inquit,
1335 4241 1510 4300 «venerandi
1521 4241 1627 4299 abbatis
1636 4259 1719 4300 verax

72 4337 190 4395 dilector
206 4342 236 4392 et
254 4334 387 4402 sinemus,
404 4334 474 4390 torte
487 4349 548 4389 cum
559 4332 677 4406 quodam
692 4332 761 4389 laico
776 4331 870 4401 iratre,
885 4333 1034 4388 Humberto
1048 4330 1168 4400 nomine,
1184 4346 1234 4402 per
1246 4330 1395 4403 virgultum
1410 4330 1540 4402 adjacens
1553 4332 1720 4388 monasterio

75 4420 316 4481 Clarae-Vallensis
330 4421 536 4489 deambulabat,
550 4420 648 4478 librum
662 4420 853 4478 miraculorum
867 4421 954 4477 saneti
968 4420 1053 4476 Patris
1068 4425 1166 4475 tenens
1180 4417 1207 4472 iu
1221 4416 1357 4485 manibus,
1372 4433 1513 4489 exponens
1527 4418 1718 4474 sesecundum

76 4513 181 4573 idioma
194 4512 326 4570 Romanae
343 4510 454 4588 liuguae,
475 4518 529 4567 tam
552 4525 619 4577 sue,
635 4525 717 4582 quam
731 4509 802 4568 illius
820 4508 1004 4566 edificatimis
1017 4523 1132 4566 causa.»
1150 4508 1203 4565 Cur
1216 4507 1289 4564 euim
1304 4523 1337 4563 es
1360 4508 1513 4581 exponebat
1527 4507 1647 4563 Romana
1665 4505 1718 4562 liu-

70 4621 123 4682 gua
141 4620 195 4662 seu
215 4601 330 4675 Gallica,
347 4600 400 4659 uisi
414 4601 477 4675 quia
496 4601 581 4658 trater
595 4601 648 4658 iste
661 4600 748 4657 laicus
764 4600 887 4657 Latinam
900 4599 1063 4672 ignorabat?
1073 4599 1210 4655 Taliserat
1223 4598 1309 4655 laicus
1321 4598 1400 4665 alter,
1414 4614 1477 4657 mox
1491 4597 1525 4652 ah
1541 4598 1600 4669 ipso
1613 4599 1720 4655 loanns

70 4695 215 4764 laudatus,
228 4709 258 4751 ιι.
271 4695 301 4765 ³,
315 4692 362 4766 qui
381 4707 442 4750 eum
457 4707 509 4749 nec
524 4713 536 4745 ι
553 4690 737 4764 alphabetum,
755 4712 768 4742 ι
784 4698 864 4747 antea
874 4697 978 4756 nosset,
996 4689 1080 4747 abeo
1095 4694 1185 4746 ῑιιιιιειι
1200 4688 1369 4746 illuminante
1385 4690 1446 4758 eius
1459 4686 1676 4760 intelligentiam,
1691 4698 1720 4744 et

69 4784 239 4860 quibasdam
257 4779 372 4839 iratmm
395 4778 621 4853 suifragantibus,
636 4781 663 4836 in
688 4779 764 4837 brevi
787 4779 821 4834 ad
845 4780 896 4836 hoc
919 4777 1043 4851 proiecit,
1058 4785 1155 4835 utnon
1170 4777 1256 4835 solum
1280 4779 1384 4854 tegere,
1400 4791 1494 4833 verum
1513 4774 1596 4834 etiarn
1609 4786 1720 4834 eantare

69 4877 136 4933 satis
157 4873 292 4932 decenter
315 4877 343 4929 et
365 4870 562 4928 convenienter
584 4871 676 4927 sciret.
698 4869 801 4926 Exinde
818 4877 872 4925 tarn
890 4886 941 4926 usu
956 4883 1035 4942 quam
1049 4867 1135 4941 gratia
1149 4877 1323 4939 cooperante,
1340 4866 1486 4923 dictionum
1505 4865 1721 4941 significationes

69 4967 244 5039 aliquantum
257 4960 415 5034 intelligere
428 4960 520 5032 erepit,
536 4967 565 5016 et
583 4961 611 5017 iu
625 4959 779 5032 huiusmodi
792 4959 907 5017 scientia
921 4958 1048 5031 paulatim
1066 4957 1217 5029 proficere:
1236 4976 1249 5009 n
1266 4955 1339 5027 quod
1352 4955 1387 5012 de
1401 4953 1494 5027 lingua
1512 4956 1605 5013 Latina
1619 4955 1720 5012 dictum

73 5074 138 5116 esse
155 5069 242 5113 neruo
256 5069 311 5111 uon
325 5052 409 5109 videt.
426 5050 521 5124 Neque
536 5051 622 5108 solum
645 5052 717 5123 apud
740 5047 944 5118 cistercienses,
960 5049 1008 5103 sed
1029 5048 1108 5104 etiarn
1128 5045 1199 5118 apud
1223 5044 1289 5102 alios
1308 5045 1456 5102 monachos
1475 5046 1503 5101 id
1519 5062 1606 5118 genus
1625 5047 1722 5101 imtrss

67 5147 142 5205 laici
155 5143 374 5202 admittebantur
391 5159 398 5197 ι
413 5139 529 5215 qualiter
541 5149 600 5197 erat
613 5139 656 5196 itte
672 5139 742 5210 apud
752 5139 903 5197 Goltridum
918 5139 1043 5193 abtmtem
1059 5135 1297 5202 Vindocinenssm,
1311 5134 1340 5188 in
1355 5133 1402 5189 tib.
1418 5150 1458 5199 nr,
1478 5135 1595 5206 epistota
1610 5139 1642 5202 8;
1664 5137 1723 5208 qui,

106 5310 150 5391 (2)
164 5303 277 5389 chesnii
290 5309 367 5359 tomo
376 5302 411 5360 lV
435 5317 499 5373 pag.
514 5303 577 5358 742.

109 5380 152 5452 tot
168 5375 300 5448 EJusdem
315 5382 381 5432 tom.
396 5344 429 5439 ll,
445 5389 509 5449 pag.
524 5377 587 5431 oet.
