3734 5948
104 199 156 259 dli

562 198 592 254 S.
607 196 786 254 acaunum
799 195 945 253 lavavis
960 192 1295 255 cctam-vaccariam

1704 199 1758 253 ata

105 320 142 387 ei,
157 321 185 377 in
205 336 259 394 quo
274 321 399 377 nimirum
414 337 465 394 pro
480 322 553 376 inani
577 338 692 378 ascensu
708 331 760 376 tam
784 321 902 376 immane
919 335 942 413 ss
959 324 1095 393 praetutium
1116 320 1301 392 sapientiam,
1324 324 1351 375 rt
1370 319 1555 392 prudentiam
1572 320 1760 392 praudentium

106 411 285 482 praecipitium
297 419 513 481 cognosceretur
522 419 663 483 expertus.

142 500 170 554 ι.
185 498 237 554 Sed
253 514 307 553 nou
318 499 404 553 deluit
418 508 528 555 versuto
544 500 612 555 bosti
627 499 691 570 quid
706 507 811 574 ageret.
827 499 904 555 Simi-

106 587 159 644 lem
183 588 207 642 ei
230 596 349 643 montem
381 589 496 645 alterum
526 588 729 646 demonstravit.
748 592 845 658 Eritis,
861 590 903 643 in-

106 676 212 748 quiens,
225 679 299 734 sicut
310 678 362 744 dii,
372 680 494 736 scientos
505 679 641 735 bortrtmet
652 681 762 735 titulum
774 679 854 748 (Gen.
862 695 900 745 m,

106 764 144 835 5).
159 764 312 822 Perniciosa
328 767 409 822 etiam
425 769 482 823 hac
510 768 643 833 ascensio,
663 767 716 823 imo
742 768 829 839 magis
853 768 900 822 dc-

105 853 213 910 mensio
226 863 267 910 est
281 855 315 910 de
329 855 476 910 Jerusalem
499 853 526 909 in
540 854 658 913 iericho.
675 854 809 910 Pessimus
824 869 902 909 mons

103 940 203 998 inllaus
217 943 336 1009 scicntia,
350 942 376 995 in
389 958 470 1013 quem
490 951 580 998 tamen
602 960 688 1015 usque
704 944 784 998 bodie
809 944 903 999 videas

106 1037 181 1087 tanta
196 1030 413 1102 concupiscentia
427 1031 557 1103 plurimos
568 1049 665 1104 repere
676 1031 789 1087 liliorum
804 1034 900 1101 Adam,

105 1135 138 1176 ac
153 1120 175 1174 si
198 1135 252 1175 non
269 1120 394 1175 noverint
423 1127 553 1191 quantum
576 1129 653 1193 pater
675 1136 768 1176 eorum
793 1121 819 1176 in
833 1121 903 1176 illins

107 1208 206 1264 montis
220 1223 334 1264 ascensu
350 1210 533 1276 descenderit,
549 1211 604 1266 imo
619 1228 701 1282 quam
721 1211 841 1286 graviter
855 1229 901 1268 ce·

107 1298 214 1363 ciderit,
248 1305 377 1369 quantum
413 1306 468 1355 tota
496 1300 603 1370 dejecta
627 1301 661 1354 sit
680 1308 904 1372 etconqunssata

106 1385 262 1459 posteritas.
278 1386 404 1442 Nondum
419 1392 513 1442 sanata
528 1396 589 1442 sunt
604 1387 725 1453 vulnera,
739 1404 799 1460 quac
810 1389 856 1443 tibi
875 1389 902 1442 in

106 1490 221 1532 ascensu
240 1476 340 1531 montis
359 1476 429 1531 illius
455 1475 555 1532 inllicta
584 1485 656 1543 sunt,
676 1477 739 1535 licet
759 1478 848 1533 adbuc
876 1478 903 1532 in

106 1570 185 1637 patre
215 1568 329 1622 lateres:
351 1576 378 1622 et
392 1581 465 1622 nunc
492 1566 589 1622 iterum
608 1567 760 1639 inproprie
786 1583 904 1639 persona

959 409 1107 482 reprobabo
1120 411 1141 477 (l
1157 410 1219 462 Cor.
1235 423 1255 472 ι,
1276 411 1328 475 19).

993 501 1019 551 b.
1040 496 1098 551 Jnm
1118 512 1152 550 ιιι
1176 494 1268 550 multis
1283 494 1422 562 immorer,
1441 494 1559 559 vidistis,
1581 504 1608 550 ut
1628 496 1757 560 arbitror,

957 603 1039 656 quam
1054 583 1198 656 l'ugiendas
1212 583 1292 638 nobis
1307 583 1340 636 sit
1355 598 1432 638 mons
1446 588 1577 654 uterque,
1592 583 1614 638 si
1631 584 1759 655 piracclpi·

959 673 1024 728 tium
1048 672 1153 743 atrrgoli,
1179 686 1270 726 casum
1294 670 1412 725 bominis
1439 670 1653 741 expavescimus.
1676 671 1758 727 blon-

958 760 1104 818 testreet
1118 761 1237 824 Gelboc,
1251 775 1302 815 ιιιι
1312 775 1369 824 ros,
1382 775 1433 815 nec
1448 758 1535 829 pluvia
1555 758 1665 816 veniant
1676 776 1761 830 super

957 866 1006 905 vos
1024 853 1060 918 dt
1073 853 1136 920 llcq.
1153 865 1177 912 v,
1193 853 1249 917 dl).
1267 847 1336 918 Quid
1353 855 1444 902 tamen
1456 847 1583 921 agimus?
1598 848 1760 903 Ascendere

958 939 997 993 ιιι
1012 955 1066 992 non
1089 937 1209 1008 expedit,
1236 945 1264 992 et
1287 937 1458 992 ascendendi
1476 943 1601 992 tenemur
1623 937 1758 1007 concupi-

957 1027 1072 1082 scentia.
1083 1026 1150 1093 Quis
1160 1024 1268 1081 docebit
1277 1040 1327 1079 nos
1341 1040 1484 1080 ascensum
1498 1023 1660 1080 salubrem?
1674 1024 1759 1094 Quis,

957 1114 1008 1170 nisi
1025 1115 1059 1169 de
1083 1129 1137 1184 quo
1158 1113 1283 1184 legimus.
1309 1098 1438 1184 quoniam
1462 1115 1510 1185 qai
1524 1113 1678 1178 descendit,
1700 1115 1762 1185 ipsc

958 1211 999 1262 est
1015 1210 1041 1259 ct
1056 1205 1104 1277 qai
1118 1200 1387 1276 ιιιιιιιιιιιιιιιριιιι.
1404 1216 1442 1270 ιι,
1454 1205 1509 1272 ιο.)
1525 1202 1634 1273 abipso
1646 1202 1762 1258 demon·

957 1298 1068 1352 stranda
1083 1296 1162 1352 nobis
1182 1303 1240 1351 crat
1259 1295 1426 1352 ascensionis
1444 1295 1497 1364 via,
1513 1312 1548 1352 ne
1562 1297 1693 1364 ductoris,
1703 1297 1760 1353 imo

957 1383 1108 1439 seductoris
1121 1382 1222 1454 iniqui,
1237 1390 1283 1437 aut
1303 1383 1460 1455 vestigium,
1483 1391 1530 1439 aut
1553 1384 1695 1439 consilium
1709 1400 1759 1439 se-

958 1488 1113 1545 queremur.
1131 1471 1199 1535 Quia
1213 1487 1279 1543 ergo
1296 1487 1350 1527 non
1365 1480 1422 1526 erat
1438 1488 1491 1542 qno
1510 1471 1688 1537 ascenderet,
1704 1473 1759 1528 dc-

957 1561 1063 1616 sceudit
1076 1560 1242 1626 altissimus,
1255 1567 1283 1615 ct
1298 1575 1347 1615 auo
1361 1560 1440 1616 nobis
1454 1560 1589 1617 descensu
1600 1576 1710 1616 suavem
1725 1578 1760 1616 ac

104 1654 211 1712 conaris
231 1654 388 1720 ascendere,
419 1664 449 1710 ut
471 1655 507 1711 sit
526 1660 602 1712 c'rror
627 1656 787 1713 novissimus
824 1658 904 1727 pejor
920 1643 942 1719 Β
958 1650 1093 1706 salubrem
1108 1648 1245 1705 dedicavit
1269 1664 1426 1704 ascensum.
1451 1649 1599 1706 Descendit
1612 1648 1647 1705 de
1663 1657 1759 1704 monte

103 1745 218 1816 priore?
242 1743 372 1814 Quaenam
388 1744 493 1801 miseris
509 1753 563 1800 tam
579 1745 638 1800 dira
651 1745 757 1802 tibido‘t
776 1744 836 1800 Filii
851 1744 903 1799 bo·
958 1739 1099 1812 potentiae,
1121 1737 1212 1793 carnis
1226 1735 1383 1793 infirmitate
1403 1737 1598 1805 circumdatus;
1615 1738 1761 1794 descendit

103 1834 217 1906 minum,
233 1847 375 1906 usquequo
392 1833 469 1909 gravi
482 1835 584 1891 cordc‘?
602 1835 697 1907 utquid
714 1833 825 1906 diligitis
852 1852 902 1890 va·
958 1828 992 1884 de
1003 1835 1094 1884 monte
1104 1826 1235 1891 scienda,
1247 1826 1373 1896 quoniam
1383 1825 1547 1898 placuitDco
1556 1843 1606 1897 per
1616 1826 1759 1882 stultitiam

103 1923 226 1990 nitatem,
243 1930 271 1978 et
294 1923 414 1994 quaeritis
429 1923 625 1979 mendacium?
645 1925 735 1994 (Psoi.
753 1940 792 1994 xv,
808 1925 848 1995 3.)
862 1926 904 1979 dn
959 1922 1157 1996 predicationis
1171 1920 1259 1977 salvos
1271 1920 1361 1978 lacere
1373 1921 1528 1977 credentes.
1544 1922 1613 1994 Quid
1630 1921 1703 1977 enim
1713 1931 1759 1977 te·

102 2012 255 2087 ignorantis
269 2013 397 2083 quoniam
425 2012 533 2068 inlirma
549 2013 642 2068 niundi
657 2014 740 2088 elegit
767 2014 849 2081 Deus,
875 2023 905 2070 ut
959 2012 1030 2068 nello
1048 2026 1162 2083 corpore
1178 2017 1206 2065 ct
1219 2008 1387 2065 infantilibus
1405 2010 1535 2066 membris
1550 2010 1658 2067 videtur
1676 2010 1759 2066 insur-

103 2101 253 2159 coniuudat
277 2100 375 2167 lortia;
392 2108 419 2156 et
445 2102 526 2157 stulta
541 2102 632 2157 rnuudi
649 2102 734 2174 elegit
762 2102 846 2174 Deus,
875 2110 905 2159 ut
958 2101 1047 2156 iuius?
1058 2098 1129 2167 Quid
1139 2098 1275 2156 indoctius
1283 2106 1396 2170 apparet
1405 2098 1528 2171 parvula,
1540 2098 1587 2172 qui
1599 2098 1655 2154 sola
1663 2098 1761 2155 matris

105 2190 253 2246 conlaudat
266 2191 428 2260 sepientes?
463 2193 489 2261 (l
508 2192 573 2249 Cor.
594 2209 612 2258 ι,
641 2191 772 2263 27.)Nou
788 2207 838 2248 nos
856 2192 904 2249 Dei
958 2186 1760 2258 uberanoveritlQuisimpotentiorco,cujusomniamem-

106 2278 297 2335 comminantis
331 2288 420 2335 terror
436 2288 556 2345 revocat,
585 2280 718 2351 perdituri
745 2281 905 2352 sapientiam
959 2274 1759 2347 braclavisaffixa,cujusomniadinumeranturossa‘iQuis

106 2364 279 2437 sapientium,
296 2373 325 2420 et
338 2367 509 2436 prudentiam
523 2367 698 2439 prudentium
713 2368 884 2439 reprobaturi
897 2385 903 2437 ;
959 2367 1132 2440 insipientior
1141 2381 1185 2435 co,
1196 2366 1240 2437 qui
1251 2364 1375 2420 tradebat
1385 2363 1535 2421 inmortem
1546 2365 1757 2432 animamsuam,

105 2468 161 2510 non
176 2453 260 2524 patris
275 2452 440 2523 exemplam,
453 2470 508 2510 non
525 2455 646 2526 denique
660 2472 759 2511 sensus
771 2456 830 2529 ipse
853 2473 905 2513 no·
959 2467 987 2515 et
1002 2472 1062 2529 quaa
1076 2471 1130 2511 non
1141 2454 1229 2527 rapuit
1247 2461 1309 2510 tunc
1323 2454 1499 2510 exsolvebat?
1509 2454 1591 2510 Vides
1600 2470 1681 2527 quam
1688 2454 1759 2509 mul·

107 2550 174 2608 ster,
189 2549 217 2597 ιι
249 2540 325 2597 dura
339 2542 510 2612 experientia
538 2542 719 2611 necessitatis,
752 2545 795 2600 cui
813 2562 906 2601 sumus
961 2555 1016 2601 tum
1032 2545 1215 2614 descenderit,
1229 2544 1517 2615 quantumapotentia
1532 2558 1591 2611 sua,
1603 2551 1759 2616 quantuma

107 2628 209 2685 addicti
224 2645 275 2700 per
289 2629 462 2700 insipientem
479 2631 601 2687 scientiae
615 2631 779 2703 appetituml
960 2635 1092 2706 sapientia
1107 2650 1155 2689 sua
1170 2633 1332 2688 exinanierit
1345 2632 1533 2704 semetipsum.
1545 2632 1599 2688 Sed
1615 2648 1665 2688 non
1675 2631 1761 2702 potuit

143 2721 169 2773 5.
186 2718 258 2773 Ecce
273 2717 361 2784 vobis,
391 2718 504 2787 iratres,
525 2727 643 2775 montem
663 2719 907 2779 demonstravimus
961 2724 1040 2780 altius
1054 2724 1083 2779 in
1098 2729 1220 2778 montem
1229 2721 1358 2777 bonitatis
1368 2720 1528 2788 ascendere,
1539 2736 1589 2777 nec
1598 2738 1674 2778 savem
1683 2735 1760 2777 com·

108 2807 203 2868 alium,
215 2822 270 2863 non
298 2807 325 2862 in
341 2824 422 2879 quem
446 2809 607 2873 ascendatis,
629 2810 676 2863 sed
693 2827 773 2881 quem
788 2811 906 2886 fugiatis.
961 2813 1091 2869 mandare
1098 2811 1253 2881 expressius
1262 2809 1496 2865 charitatemNac
1506 2808 1602 2864 mirum
1613 2810 1636 2863 si
1646 2809 1763 2865 descen·

108 2896 169 2969 lpse
189 2895 272 2950 estin
300 2912 380 2967 quem
408 2896 573 2952 ascendebat
592 2898 637 2969 qui
665 2898 750 2954 voluit
764 2916 824 2956 csse
839 2902 908 2958 sicut
962 2900 1053 2957 dendo
1066 2898 1188 2955 Christus
1197 2897 1332 2965 ascendit,
1345 2895 1453 2968 quando
1463 2895 1582 2967 priorum
1593 2905 1710 2969 uterquc
1719 2913 1763 2953 ce·

108 2985 192 3051 Deus,
208 2985 298 3040 sciens
327 2988 427 3043 bonum
443 2996 470 3042 ct
494 2987 611 3043 malum:
640 2988 699 3061 ipsc
722 3006 803 3061 quem
819 3007 903 3064 usquc
925 2949 946 3027 Β
963 2987 1217 3048 ciditascendendo.
1230 2990 1262 3042 Et
1271 2986 1666 3058 milriquidcmvidcturmontis
1675 2989 1761 3058 liujus

107 3073 190 3131 hodie
218 3073 263 3129 filii
288 3076 348 3146 ejus
362 3077 532 3132 accumulant
556 3088 583 3133 et
597 3079 715 3146 elevant,
740 3079 807 3134 nihil
832 3080 907 3136 inve·
963 3095 1133 3136 ascensorem
1150 3093 1272 3150 (quarere
1287 3077 1332 3149 qui
1352 3076 1472 3134 dicebat:
1494 3077 1561 3146 Quis
1577 3077 1707 3133 mcerrdct
1727 3078 1759 3131 ia

108 3161 216 3220 nientes
230 3172 285 3218 tam
307 3165 370 3238 vile,
395 3167 467 3221 unde
480 3181 535 3221 non
559 3167 643 3224 velint
662 3177 781 3223 montem
800 3168 907 3224 elevare
962 3175 1088 3225 mmttcm
1099 3165 1489 3239 Domiuiioatqaisstobitin
1501 3167 1664 3223 locosancto
1680 3165 1762 3237 rjais?

109 3251 241 3306 scientiae.
271 3253 372 3309 Videas
386 3254 467 3309 alium
493 3255 653 3320 litterarum,
669 3256 750 3311 alium
765 3257 907 3312 mundialis
962 3256 1051 3327 (Psoi.
1068 3252 1490 3324 xx111,3.)voneetiam1saias
1505 3252 1673 3309 ascensionis
1687 3252 1762 3309 desi-

109 3353 193 3403 curae,
216 3339 296 3395 istum
312 3340 514 3411 placitationum
530 3342 730 3413 displicentium
751 3345 818 3410 Deo,
834 3346 907 3401 illum
963 3344 1039 3401 derio
1058 3345 1188 3401 cadentes
1201 3343 1311 3398 intuens
1330 3341 1453 3396 homines
1467 3343 1501 3396 ad
1521 3343 1593 3397 bunc
1616 3344 1762 3399 revocabat

109 3425 218 3482 servilis
233 3428 378 3496 cuiuslibet
403 3431 471 3484 artis
493 3439 548 3485 tam
576 3432 753 3487 veliementer
780 3432 910 3490 affectare
964 3442 1093 3499 montem,
1111 3432 1282 3488 exclamans:
1299 3431 1762 3496 Venitc,csceadcrnusiamontem

110 3513 251 3569 scientiam
271 3519 300 3571 ut
315 3515 437 3573 laborem
452 3534 507 3574 nou
532 3526 650 3590 reputet,
678 3522 865 3578 tantummodo
880 3531 910 3578 ut
963 3525 1076 3581 batarini
1090 3525 1168 3593 (lsai.
1187 3538 1217 3588 ιι,
1233 3524 1271 3587 3).
1293 3523 1391 3575 burron
1411 3518 1555 3575 manileste
1571 3534 1618 3575 eos
1631 3520 1665 3575 de
1686 3521 1761 3591 prio·

109 3602 195 3674 possit
208 3603 345 3674 aliquibus
359 3605 465 3662 doctior
480 3607 623 3678 reputari,
639 3606 685 3662 Sic
710 3608 844 3665 aedificant
862 3612 911 3666 Ba·
964 3629 1023 3667 rum
1041 3611 1172 3666 montium
1196 3609 1356 3665 ascensione
1382 3607 1560 3683 redarguens,
1586 3607 1686 3664 montis
1707 3609 1760 3664 bu·

109 3691 164 3759 bel,
181 3693 220 3750 sic
230 3695 369 3764 putantad
385 3696 432 3752 Dei
449 3713 479 3752 se
494 3703 675 3768 perventuros
689 3698 907 3766 similitudinem
962 3704 1007 3774 Jus
1021 3700 1150 3772 praedicat
1164 3701 1328 3763 ubertatem,
1339 3697 1385 3770 qui
1398 3697 1449 3754 ait:
1462 3698 1559 3770 thut'd
1574 3699 1764 3770 suspicamini

109 3781 148 3837 sic
167 3784 361 3854 concupiscunt
389 3787 462 3858 quod
478 3803 533 3842 non
559 3786 682 3858 expedit,
699 3787 771 3859 quod
800 3789 910 3859 expedit
963 3796 1074 3849 annates
1088 3788 1270 3860 couqnlatos?
1284 3787 1356 3842 dona
1367 3787 1541 3858 conpulotns,
1557 3801 1636 3842 mons
1644 3788 1761 3858 piopriis

109 3869 276 3926 omittentes.
298 3872 368 3942 Quid
385 3876 462 3930 vobis
475 3881 502 3931 ct
514 3875 651 3932 montibus
672 3876 742 3944 istis,
754 3876 908 3950 inquorum
964 3881 1051 3949 (Psoi.
1077 3892 1164 3943 cxvu,
1192 3881 1236 3941 16,
1261 3877 1316 3947 ll).
1338 3874 1385 3929 Hic
1403 3882 1444 3928 est
1461 3873 1543 3945 igitur
1561 3888 1639 3929 mons
1663 3875 1762 3930 domus

110 3974 226 4014 ascensu
241 3966 314 4014 tanta
333 3961 479 4018 difficultas
496 3974 553 4031 est,
570 3971 598 4020 et
613 3972 667 4020 tam
680 3966 785 4037 grande
799 3967 907 4038 pericu·
963 3965 1069 4021 Domini
1091 3974 1259 4036 praeparatus
1272 3963 1301 4018 in
1320 3962 1422 4018 vertice
1437 3961 1579 4031 montium,
1595 3976 1679 4033 super
1693 3978 1762 4032 quos

109 4045 186 4101 lumi
199 4055 245 4101 aut
259 4063 308 4102 cur
319 4064 380 4104 eum
397 4049 522 4106 deseritis
536 4062 668 4118 montem,
690 4057 769 4125 cujus
782 4061 810 4112 et
824 4055 909 4112 facilis
962 4053 1103 4110 salientem
1128 4068 1258 4125 sponsum
1284 4051 1450 4122 inspexerat,
1471 4049 1517 4123 qui
1539 4050 1665 4106 dicebat:
1691 4053 1760 4107 dccc

110 4142 151 4189 est
163 4150 304 4202 ascensus,
321 4143 349 4192 et
364 4137 508 4207 perutilis?
527 4138 670 4195 Potestatis
691 4142 801 4198 ambitio
821 4158 907 4215 ange·
961 4146 1039 4202 vertit
1054 4145 1078 4199 is
1093 4145 1197 4200 salicas
1213 4160 1244 4198 ιιι
1259 4143 1402 4199 montilum
1415 4143 1510 4211 (dotat.
1532 4155 1562 4207 ιι,
1580 4139 1617 4210 8).
1638 4140 1762 4195 Docebat

108 4222 165 4278 lum
188 4222 317 4282 felicitate
333 4226 448 4298 privavit
462 4226 603 4299 angelica,
633 4227 756 4283 scientiae
770 4232 908 4301 appetitus
963 4233 1036 4290 onim
1058 4234 1182 4308 ignarum
1201 4233 1260 4297 viae,
1282 4232 1407 4287 trahebat
1425 4229 1575 4300 parvulum,
1599 4229 1760 4285 infantulum

109 4310 246 4369 hominem
276 4313 485 4371 immortalitatis
511 4314 598 4388 gloria
627 4315 760 4388 spoliavit.
790 4318 909 4375 Conctur
965 4322 1132 4379 deducebat:
1153 4321 1269 4393 ideoque
1288 4321 1360 4376 velut
1375 4320 1535 4392 quibusdem
1553 4318 1679 4390 passibus
1694 4319 1761 4374 ibat.

109 4400 172 4472 quis
185 4402 335 4459 escendere
349 4403 376 4459 in
388 4412 508 4461 montem
519 4404 664 4476 potestatis
677 4423 686 4475 ;
700 4415 816 4477 quantos
831 4418 911 4480 putas
966 4420 996 4465 ut
1008 4411 1044 4465 de
1063 4410 1161 4465 virtute
1175 4409 1202 4463 in
1218 4408 1344 4465 virtutem
1361 4408 1499 4464 videretur
1518 4407 1591 4463 Deus
1608 4406 1723 4463 deorum
1734 4408 1762 4462 ιιι

110 4490 325 4549 contradictores
338 4493 459 4560 babebit,
476 4502 595 4566 quantos
607 4493 730 4551 inveniet
745 4496 911 4571 repulsores,
967 4498 1031 4553 Sion
1052 4498 1138 4569 (Psoi.
1168 4511 1289 4562 axxxm,
1315 4497 1353 4559 8').
1378 4494 1485 4551 institia
1506 4494 1579 4550 enim
1603 4495 1664 4564 ejus
1693 4495 1765 4550 sicut

110 4577 250 4635 obstacula
278 4588 389 4651 quanta,
419 4597 499 4654 quam
531 4581 668 4640 difficilem
683 4581 775 4639 viam?
805 4585 875 4654 Quid
890 4581 913 4642 si
968 4594 1074 4643 montes
1088 4585 1137 4642 Dei
1153 4586 1241 4655 (Pscl.
1255 4600 1347 4651 xxxv,
1360 4587 1398 4651 7).

110 4669 220 4725 tandem
231 4686 294 4726 cum
305 4670 417 4743 adipisci
428 4670 654 4744 contigeritquod
666 4672 793 4744 optabat:
808 4677 913 4733 Poten-
1003 4677 1030 4732 7.
1045 4674 1100 4730 Sed
1114 4675 1179 4743 jam,
1204 4673 1227 4727 si
1251 4673 1351 4744 placet,
1371 4675 1455 4729 saltus
1473 4673 1554 4728 etiam
1574 4670 1647 4743 ipsos
1661 4669 1765 4726 intuca-

84 4784 86 4793 ·
113 4762 164 4825 ies,
180 4758 377 4833 aitScriptura,
386 4765 518 4832 potenter
528 4766 670 4819 tormenta
678 4765 913 4840 putieatarffinp,
969 4778 1037 4832 mur,
1054 4761 1152 4834 quibus
1166 4760 1311 4818 exsultavit
1324 4769 1354 4817 ut
1367 4762 1445 4836 gigas
1458 4761 1492 4815 ad
1507 4760 1670 4816 currendam
1680 4758 1763 4831 ιιιιιι,

113 4848 218 4918 v1,7):
245 4858 276 4905 ut
296 4860 447 4922 praesentas
474 4849 672 4906 sollicitudines
695 4859 722 4906 ιι
750 4852 911 4925 anxietates,
968 4859 995 4910 et
1005 4854 1082 4922 quus
1092 4851 1213 4923 egressio
1232 4865 1366 4907 asumma
1389 4850 1469 4920 cralo,
1490 4867 1541 4922 per
1558 4849 1660 4922 gradus
1679 4862 1764 4920 quos-

108 4951 176 5007 quas
188 4945 311 5007 potestas
326 4941 384 5011 ipsa
398 4940 479 5011 parit,
499 4939 633 4996 omittam.
654 4939 774 5012 Cupidus
783 4942 853 4998 altor
871 4953 913 4998 cst
968 4942 1030 4996 dnm
1047 4941 1180 5014 usquead
1200 4957 1336 4997 summam
1350 4942 1411 5010 ejas
1430 4940 1547 4997 occurrit
1571 4940 1658 5009 (Paci.
1680 4953 1762 5004 xvuv,

106 5021 227 5078 inflantis
260 5027 406 5097 scientiae3
436 5038 566 5102 quantum
603 5028 746 5098 laborabit,
779 5040 912 5101 (putantum
967 5034 994 5095 6,
1023 5029 1185 5086 ltl‘rimum
1210 5046 1278 5103 ergo
1305 5029 1440 5087 constitue
1468 5036 1588 5083 montem
1621 5024 1707 5092 illum,
1736 5026 1764 5081 in

107 5112 263 5168 anxiabitur
281 5115 390 5183 spiritus
405 5120 480 5187 ojus?
498 5118 531 5173 Et
548 5129 638 5174 tamen
653 5117 763 5174 audiet:
781 5117 838 5173 Nec
852 5120 872 5174 si
885 5128 910 5175 te
966 5136 1045 5191 quem
1065 5119 1188 5174 ascendit
1206 5135 1267 5174 cum
1288 5120 1371 5173 Petro
1386 5127 1411 5173 et
1427 5118 1528 5172 tacebo
1540 5127 1568 5172 et
1587 5117 1702 5185 launna,
1717 5115 1764 5169 ubi

106 5201 224 5273 turperis,
240 5204 440 5274 apprehendes.
458 5208 486 5260 ln
497 5207 676 5262 amaritudine
688 5206 837 5262 morabitur
847 5223 911 5262 oru·
965 5219 992 5263 et
1012 5208 1214 5280 transfiguratus
1234 5217 1275 5262 cst
1295 5216 1358 5261 unte
1378 5221 1435 5262 eos.
1461 5205 1576 5261 llelulsit
1602 5204 1685 5258 iacies
1703 5203 1765 5271 cius

107 5290 150 5349 las
168 5293 242 5364 ejus,
258 5292 365 5364 quoties
379 5294 473 5351 videre
495 5297 650 5370 contigerit,
666 5297 711 5368 qui
727 5312 757 5353 se
771 5298 908 5368 posterio-
963 5306 992 5353 ut
1007 5296 1056 5364 sol,
1071 5306 1100 5352 et
1127 5297 1287 5353 vestimenta
1304 5298 1363 5367 ejus
1377 5295 1446 5350 lacta
1466 5301 1530 5351 suat
1550 5294 1610 5349 alba
1628 5293 1697 5349 sicut
1717 5292 1764 5347 nix

106 5395 166 5439 rem
179 5382 292 5452 judicet,
308 5391 353 5438 aut
381 5391 456 5454 putet
478 5386 511 5438 ab
527 5385 586 5442 aliis
609 5385 738 5458 reputari.
761 5386 830 5455 Quid
845 5403 906 5442 cum
964 5386 1072 5457 (uncto.
1095 5401 1165 5449 xvvv,
1186 5390 1211 5451 l,
1235 5387 1276 5456 2).
1296 5385 1513 5442 Resurrectionis
1532 5383 1617 5456 gloria
1638 5383 1689 5438 ista
1709 5388 1762 5446 est,

106 5466 256 5528 iutimucrit
271 5470 406 5529 multam?
420 5473 551 5540 Perdam,
575 5473 662 5545 iuquit
680 5474 823 5539 Dominus,
856 5491 904 5531 sn·
960 5491 1043 5546 quam
1067 5474 1095 5529 in
1120 5483 1211 5530 monte
1236 5474 1295 5546 spei
1318 5472 1544 5545 contemplamur.
1563 5470 1664 5543 thuid
1689 5468 1762 5526 anim
