3734 5948
29 234 87 293 iil

30 463 160 520 corpore,
189 446 313 502 videlicet
336 453 391 498 tam
418 443 486 499 vivis
510 456 588 510 quam
615 441 740 510 mortuis,
756 456 833 495 orare

32 544 99 593 sunt
112 534 262 591 constituit.
274 533 382 586 Nullum
393 530 455 584 inde
470 544 594 600 saporem
606 529 705 583 babere
720 528 835 603 deben13

34 625 102 697 quia
118 624 220 678 nullrtm
240 621 292 677 sibi
317 619 431 693 gloriam
450 619 548 673 debent
566 617 714 686 assignare,
730 616 777 671 sed
793 615 836 668 di-

35 698 101 770 cere
116 728 176 767 cum
192 711 338 782 propbeta:
356 709 416 764 Non
428 706 516 771 uoltis,
532 706 658 771 Domine,
675 721 732 759 non
746 702 835 767 nobis,

36 803 88 858 ted
105 800 216 856 nornint'
241 802 289 852 tao
314 797 491 866 duplarium
521 795 608 863 (Psoi.
633 808 690 850 0111.
715 792 752 862 ι).
776 791 836 845 Νοιι

36 890 117 946 facile
139 894 350 949 consentaneum
370 884 434 954 quia
453 890 554 955 quanto
578 882 748 948 annosiores,
765 888 837 934 tauto

37 976 233 1044 ferventiores,
261 982 289 1029 et
308 988 339 1028 eo
364 971 485 1041 rapidius
508 981 630 1033 currunt,
651 984 705 1039 quo
725 968 837 1022 vicinius

35 1067 257 1139 appropinquant
281 1064 314 1118 ad
330 1062 447 1131 palmari.
464 1062 514 1115 i‘er
529 1060 653 1114 ordinem
669 1057 750 1128 posili
764 1067 837 1112 sunt.

37 1155 93 1212 Ubi
108 1154 179 1209 enim
199 1152 300 1223 aliquid
323 1150 477 1205 ordinatum
491 1155 542 1212 est,
558 1147 580 1200 si
599 1146 641 1202 bie
656 1162 709 1200 uon
726 1152 777 1207 est,
794 1142 839 1198 ubi

37 1243 118 1298 cibus
144 1249 171 1294 et
195 1249 286 1311 potua,
314 1237 424 1308 vigilare
452 1246 478 1291 ct
506 1236 633 1298 (tormine,
664 1234 789 1287 laborare
814 1245 840 1284 et

36 1333 195 1403 quiescere,
211 1330 350 1383 ambulare
365 1335 391 1381 et
406 1326 513 1389 sedere,
532 1334 558 1379 et
582 1333 680 1378 catera
694 1321 796 1387 otnnia,
813 1321 838 1374 in

38 1434 157 1474 numero
177 1429 203 1473 et
226 1433 351 1470 mensura
365 1426 392 1470 et
411 1413 531 1484 pondere
547 1411 770 1468 constituuntur?
790 1409 841 1465 Su-

39 1511 162 1579 pet-iores
177 1517 203 1561 et
217 1504 358 1560 inferiores
372 1511 449 1572 saint,
465 1502 530 1573 quia
546 1502 615 1555 inter
630 1515 680 1554 nos
696 1497 801 1553 l‘raelati
816 1505 842 1552 et

40 1594 145 1651 subditi
163 1603 234 1658 suat,
259 1593 339 1647 etsie
362 1590 515 1660 superiores
530 1587 706 1643 inferioribus
718 1588 842 1659 iungun-

657 226 827 288 stadodtts
846 227 888 286 titt
910 228 1070 288 btvtttsts.

28 361 178 417 masticant
192 359 280 414 cibum
295 358 407 420 dentes3
431 357 493 424 quia
508 354 560 422 ipsi
575 368 623 422 pro
638 362 694 408 toto
707 352 834 409 Ecclesiae
850 377 873 454 Α

1627 233 1679 294 ila

891 355 932 408 dd
947 352 1067 421 ejusdem
1077 351 1321 408 considerationem
1336 356 1482 424 Apostolus
1492 373 1684 429 expavescens,

889 450 916 498 et
939 442 1109 512 pavescendo
1146 439 1284 508 deficiens,
1310 440 1425 497 clamare
1445 439 1638 516 compellitur:
1666 450 1687 506 0

890 531 1011 587 altitudo
1026 530 1191 586 diuitiarum
1206 530 1355 602 sapientior
1370 534 1398 586 et
1411 533 1539 589 scientie
1551 536 1599 592 Dei
1607 536 1618 590 l
1631 543 1684 592 etc.

891 618 970 689 (ilem
982 634 1021 682 x1,
1039 619 1095 687 bil.

930 705 1036 762 teta
1059 710 1086 761 2.
1112 708 1151 761 Be
1176 709 1225 762 bac
1255 706 1377 761 satietate
1403 708 1469 780 legis
1498 709 1524 763 in
1549 713 1677 778 psalmo:

891 797 980 866 Super
991 812 1093 866 anquam
1103 797 1264 865 refectionis
1275 795 1404 852 educauit
1414 813 1459 853 me
1470 799 1632 866 (Psalxxit,
1643 803 1686 870 2),

890 894 918 938 et
931 883 1008 940 item:
1023 884 1286 940 lineort'airuniurab
1295 883 1684 960 ulterialedomustuoelf'sol.

892 987 979 1035 xxxv,
992 973 1029 1042 9).
1046 972 1205 1040 liujusmodi
1222 973 1339 1027 ebrietas
1351 988 1405 1028 non
1420 974 1526 1030 inducit
1539 975 1686 1040 fastidium,

893 1062 939 1114 sed
967 1059 1165 1115 indeficientem
1191 1060 1351 1131 quibusdam
1385 1062 1528 1118 desideriis
1562 1074 1689 1133 provocat

893 1148 1050 1218 appetitum.
1073 1148 1102 1202 ln
1122 1149 1173 1202 boc
1212 1163 1297 1202 sacrae
1323 1148 1445 1205 lectionis
1480 1152 1576 1222 pelago
1602 1168 1690 1225 agnus

894 1237 1022 1299 ambulat,
1051 1242 1077 1290 et
1105 1236 1213 1305 elepbas
1237 1243 1319 1291 natat.
1345 1237 1373 1290 ln
1397 1237 1537 1294 catholicae
1560 1241 1691 1296 doetrinae

895 1324 1073 1390 mensajaxta
1089 1325 1230 1378 modulum
1249 1323 1434 1394 intelligentia
1450 1326 1616 1383 subicientes
1632 1329 1691 1384 sin·
1711 1303 1716 1312 .

895 1413 966 1484 gulis
985 1412 1071 1482 epulas
1086 1419 1267 1481 apponuntur.
1284 1411 1347 1466 llaec
1363 1420 1404 1467 est
1419 1414 1564 1484 paradisus
1581 1416 1691 1472 delicia-

898 1516 965 1564 rum,
992 1500 1035 1553 bie
1058 1507 1100 1554 est
1123 1499 1218 1554 hortus
1241 1501 1362 1554 omniurn
1387 1516 1546 1572 pomorum.
1575 1504 1693 1561 Venient

896 1589 988 1659 itaque
1004 1589 1030 1642 in
1054 1588 1195 1652 Bersabee,
1213 1588 1240 1642 ia
1264 1598 1385 1644 sanctam
1409 1590 1569 1657 Ecclesiam,
1594 1602 1625 1648 ut
1647 1592 1693 1647 di-

42 1690 99 1754 tur,
125 1690 154 1736 ut
182 1681 359 1736 interioresa
382 1679 570 1750 superioribus
599 1693 653 1731 uon
676 1673 841 1730 discordent.
860 1650 971 1731 Rotam
991 1682 1041 1744 est,
1066 1675 1152 1730 currit
1175 1677 1208 1730 ad
1226 1676 1437 1744 confessionem,
1455 1694 1517 1750 quae
1536 1695 1584 1750 per
1596 1680 1694 1737 ludam

41 1770 111 1828 Cura
128 1778 217 1825 autem
241 1767 387 1823 inferiores
406 1773 576 1830 moveantur,
599 1763 757 1835 superiores
771 1776 844 1815 aun-

42 1875 127 1931 quam
152 1857 252 1913 moveri
274 1857 392 1920 debent,
410 1856 473 1926 quia
493 1853 544 1909 etsi
568 1852 667 1907 subditi
681 1850 845 1921 quaudoque

43 1950 197 2013 turbentur,
215 1944 389 2013 praelatorum
404 1947 446 1997 est
461 1944 489 1997 in
505 1949 596 1996 mente
619 1937 771 2008 composita
785 1951 847 2006 per-

44 2037 153 2090 durare.
177 2034 256 2091 Sicut
279 2048 348 2103 pree
369 2036 530 2094 formarum,
554 2027 651 2098 iuquit.
667 2026 753 2095 Quam
775 2024 846 2078 bene

44 2124 173 2179 monachi
199 2122 283 2178 tunsis
312 2120 407 2176 ovibus
431 2115 635 2190 corriparanturl
661 2115 726 2186 quia
753 2127 847 2168 revera

51 2211 121 2269 tensi
136 2219 209 2280 sunt,
219 2211 319 2280 quibus
330 2223 379 2263 aec
389 2207 483 2276 corda,
494 2218 678 2275 neccorpora,
689 2216 738 2258 nec
746 2199 848 2272 aliquid

47 2300 219 2355 mundanum
229 2298 254 2350 ιιι
268 2296 430 2368 proprietate
441 2294 564 2350 relictum
573 2299 624 2347 est.
640 2292 706 2358 Qum
719 2287 849 2345 aseende-

45 2392 120 2447 rotet
130 2388 162 2444 de
170 2380 599 2453 lauacro.LavacrumBaptismus
606 2378 751 2447 est,dequo
758 2390 851 2431 ascen·

47 2479 88 2532 dit
99 2479 148 2546 qui
163 2476 196 2529 ad
208 2472 396 2528 celsitudinem
407 2470 472 2524 vitae
481 2467 649 2540 perfectioris
662 2462 791 2529 intendit3
806 2462 851 2516 de·

48 2563 156 2621 scandit
173 2575 264 2616 autem
280 2559 325 2629 qui
340 2574 369 2612 se
384 2557 445 2612 vitae
459 2556 594 2627 mancipat
616 2555 776 2610 inhonestae.
793 2556 852 2608 Om-

49 2669 98 2709 nes
109 2650 237 2723 camellis
250 2647 352 2718 felibus
360 2666 369 2713 ;
383 2644 446 2716 quia
458 2655 484 2698 et
494 2644 579 2700 verbo
594 2641 709 2712 pariunt,
721 2648 748 2695 et
758 2654 850 2694 exem·

51 2741 107 2812 pio.
121 2742 155 2794 tl
164 2737 271 2792 sterilis
282 2739 385 2790 nonest
396 2734 434 2788 eis
445 2730 523 2802 ;quia
532 2729 622 2785 nullus
631 2725 850 2786 estiufecuudus.

286 2847 404 2904 saeuo
427 2846 512 2902 xciv
532 2848 617 2916 ιιιιι.

49 2957 88 3013 Be
102 2969 235 3028 processu
254 2952 320 3005 vite
335 2948 501 3005 christiane
514 2962 562 3001 seu
580 2944 751 3016 spiritualis,
762 2947 851 3014 ynete

186 3040 344 3113 apolopiom
361 3036 442 3107 illie,
459 3032 568 3092 lezabel
581 3033 728 3104 sepientis.

90 3154 114 3203 ι.
127 3151 232 3206 Timuit
239 3147 313 3202 Elius
323 3142 440 3207 lmabel,
449 3145 478 3196 et
484 3138 677 3213 serpensille
686 3151 850 3210 quoeunque

53 3241 126 3297 tulit
140 3255 204 3295 eam
219 3238 371 3298 atalantam
386 3233 517 3302 venitque
531 3230 564 3285 in
579 3227 711 3285 Bersabee
725 3225 809 3292 luae,
825 3228 852 3280 et

51 3327 164 3382 dimisit
179 3324 217 3379 lbi
230 3337 356 3395 puerum
370 3336 467 3385 sunta,
477 3323 504 3376 et
513 3317 643 3389 perrexit
652 3315 684 3368 in
697 3312 849 3369 desertum.

52 3398 850 3487 cumquenenissetstillarumommjuniperi,elicient,

49 3503 174 3576 projecit
193 3517 230 3564 se,
246 3504 273 3555 et
289 3497 433 3554 dormivit.
450 3496 485 3550 Bt
502 3492 619 3564 ampelos
632 3490 746 3547 Domini
760 3489 852 3559 tetipe't

52 3608 129 3656 eum,
145 3595 173 3647 et
183 3590 259 3646 dimit
270 3589 317 3643 illi
329 3586 446 3656 :Serpa
457 3587 485 3638 et
496 3581 614 3638 comede.
628 3582 663 3635 Bt
678 3578 815 3649 respersit,
827 3582 853 3634 et

53 3695 115 3739 ecce
123 3679 341 3749 aaeopmsuum
349 3670 553 3729 subcinericius
564 3668 752 3740 pomacium
761 3681 852 3736 upum.

55 3768 183 3827 Comedil
197 3783 269 3837 erpo,
286 3769 314 3820 el
328 3763 407 3829 bibit,
427 3762 456 3816 et
465 3756 621 3814 ambulavit
635 3756 667 3810 in
683 3752 854 3824 fortitudine

53 3856 187 3912 ciiiilius
200 3853 389 3925 quadruplata
395 3848 490 3905 aletes
498 3849 526 3901 et
534 3842 721 3917 quadrupinto
727 3839 855 3896 metibus

51 3961 143 4019 usque
162 3941 199 3998 od
213 3944 338 3998 mentem
353 3939 404 3992 Dei
421 3933 549 4004 Orebllil
563 3935 626 4002 Bep.
642 3944 698 3994 xix,
711 3926 786 3998 3-8).
804 3927 853 3981 Per

50 4034 138 4092 Etiam
159 4032 269 4103 quippe,
294 4026 341 4101 qni
364 4026 558 4095 interpretatur
582 4020 716 4077 Dominus
739 4015 782 4072 vel
797 4017 853 4071 Bo-

899 1772 1007 1820 notatur
1023 1783 1030 1818 :
1046 1775 1071 1818 et
1086 1764 1243 1818 dimittitibi
1264 1781 1378 1834 puerum
1399 1781 1487 1833 suum,
1504 1766 1530 1822 id
1546 1777 1587 1822 est
1606 1769 1694 1838 pueri·

899 1850 952 1906 lem
968 1868 1089 1917 sensum,
1104 1852 1148 1906 vel
1161 1853 1335 1920 pristinorum
1350 1859 1459 1908 actuum
1474 1855 1648 1922 debilitatem,
1669 1867 1696 1911 et

900 1941 990 2013 pergit
1006 1940 1032 1994 in
1042 1940 1189 2008 desertum,
1202 1941 1227 1994 id
1242 1949 1283 1995 est
1296 1941 1374 1994 istius
1391 1942 1483 1995 mundi
1498 1952 1696 2013 contemptum.

901 2029 962 2096 Quo
977 2036 1121 2099 postquam
1145 2029 1226 2093 venit,
1247 2028 1334 2095 sedet,
1350 2027 1376 2080 id
1401 2038 1473 2084 esta
1493 2031 1615 2085 satutari
1649 2041 1694 2085 tu·

902 2117 987 2170 multu
1002 2116 1126 2189 quiescit,
1143 2123 1254 2171 cantans
1268 2131 1330 2172 cum
1345 2117 1477 2187 propbeta
1495 2121 1576 2175 :Brea
1589 2120 1698 2191 requies

902 2222 967 2263 men
980 2206 1012 2259 in
1030 2205 1169 2260 seculum
1187 2205 1283 2259 seculi
1298 2205 1386 2272 (Psoi.
1401 2220 1500 2274 cxxxr,
1515 2205 1570 2277 ti).
1587 2207 1699 2275 Projicii

904 2309 945 2362 se,
961 2293 988 2347 id
1013 2300 1055 2348 est
1069 2293 1149 2347 vilem
1171 2308 1200 2346 se
1220 2298 1335 2363 reputat,
1366 2295 1422 2348 suis
1442 2293 1634 2350 abrenuntians
1649 2295 1697 2349 de-

906 2381 1023 2445 sideriis,
1040 2381 1116 2448 juxta
1129 2379 1194 2434 illud
1215 2379 1416 2452 evangelicum.
1443 2382 1494 2450 Qui
1516 2384 1580 2440 vnit
1605 2385 1702 2441 uenire

905 2471 942 2526 ad
954 2485 1010 2535 me,
1027 2469 1144 2540 abnepel
1158 2470 1543 2540 semetipsumitue.1x,‘tB).
1562 2469 1703 2527 Obdormi·

905 2558 945 2612 vit
959 2557 987 2611 in
1011 2558 1109 2611 urnbra
1135 2556 1265 2628 iuniperi,
1290 2556 1352 2628 quia
1374 2556 1401 2611 in
1430 2558 1507 2612 atriis
1531 2559 1628 2615 domus
1653 2560 1700 2614 Dei

905 2646 1052 2702 seeundum
1066 2659 1161 2699 sensus
1172 2643 1296 2716 eorporis
1311 2650 1389 2700 vacat
1403 2647 1513 2701 omnino
1528 2647 1562 2701 ab
1578 2648 1703 2703 omuibus

905 2731 1091 2805 pravitatibus,
1127 2732 1221 2787 dicens
1243 2747 1305 2786 cum
1325 2732 1487 2797 Psalmista:
1513 2736 1546 2789 in
1574 2751 1644 2808 pace
1671 2737 1703 2790 in

909 2819 1034 2891 idipsum
1048 2818 1186 2874 dormtum
1201 2822 1228 2875 et
1238 2819 1412 2889 requiescam
1423 2821 1511 2888 (Ptol.
1525 2834 1563 2887 iv,
1575 2824 1614 2890 9).
1625 2821 1701 2879 Tunc

869 2928 891 3008 c
905 2905 1026 2978 angelica
1053 2907 1120 2961 visio
1140 2906 1224 2977 tangit
1239 2922 1311 2971 eum,
1331 2906 1451 2961 excitans
1466 2907 1499 2961 ad
1513 2907 1614 2962 bouum
1629 2922 1700 2979 ope·

904 2995 1030 3057 randum,
1046 2995 1072 3048 ei
1096 2995 1128 3048 ad
1153 2994 1247 3049 altiora
1270 2994 1502 3064 consurgendum.
1527 2993 1647 3064 Respicit
1668 2997 1701 3049 ad

905 3091 986 3154 caput
1003 3099 1092 3147 suum,
1108 3082 1135 3135 id
1154 3083 1238 3137 estad
1258 3082 1394 3136 Christum
1414 3083 1461 3152 qui
1484 3090 1565 3154 caput
1587 3095 1630 3138 est
1648 3085 1703 3140 Ec·

905 3170 1013 3227 clesiae:
1030 3180 1058 3225 ct
1080 3185 1144 3225 ecce
1169 3169 1363 3226 subcinericius
1391 3169 1477 3238 panis,
1501 3170 1528 3224 id
1549 3179 1590 3226 eat
1613 3179 1705 3241 pastus

905 3259 989 3314 divini
1004 3257 1150 3330 dogmatis,
1168 3257 1320 3313 lorinsecus
1345 3258 1452 3329 quidem
1474 3259 1559 3327 rudis,
1579 3260 1628 3316 sed
1645 3276 1700 3316 me-

905 3347 1016 3402 dullitus
1045 3344 1217 3401 ineffabiliter
1235 3346 1430 3404 confortativus
1444 3354 1470 3402 et
1489 3345 1589 3413 dulcis;
1615 3357 1641 3404 et
1658 3365 1704 3403 vas
1778 3402 1783 3415 ,

906 3451 996 3506 equae,
1013 3436 1064 3490 boe
1078 3443 1127 3500 est,
1144 3434 1204 3490 ious
1227 3434 1409 3506 lacrymarum
1434 3451 1494 3491 cum
1514 3435 1604 3490 cordis
1628 3451 1704 3492 com-

907 3524 1061 3594 punctione.
1081 3523 1203 3578 Comedit
1224 3530 1251 3577 et
1279 3523 1355 3578 bibit.
1380 3524 1407 3577 id
1428 3534 1469 3579 est
1494 3523 1623 3593 adimplet
1643 3540 1704 3596 quae

906 3612 998 3667 audit:
1026 3620 1053 3669 et
1070 3612 1156 3684 pergit
1174 3612 1201 3665 in
1221 3611 1377 3666 fortitudine
1400 3611 1433 3665 ad
1459 3620 1578 3666 montem
1592 3613 1652 3673 Dei,
1668 3613 1702 3664 ad

906 3700 1096 3757 celsitudinem
1112 3699 1234 3756 videlieet
1248 3698 1433 3754 beatitudinis.

1144 3821 1263 3879 snauo
1280 3822 1354 3878 xcv
1377 3823 1461 3893 (ιιι).

909 3916 947 3971 Be
960 3913 1101 3970 doctrina
1114 3911 1312 3969 arnariludine
1322 3910 1583 3984 perpendiculares
1593 3917 1700 3985 tempe-

1254 3999 1355 4058 rande.

49 4125 151 4178 minus
171 4122 264 4192 sortis,
285 4115 441 4190 intelligitur
466 4111 579 4185 quilibet
590 4111 682 4179 justus
699 4105 746 4178 qui
759 4107 890 4184 perse-fl
946 4095 969 4148 ¹·
985 4092 1154 4161 Erillimil
1169 4091 1201 4145 ²⁶⁷2
1212 4094 1298 4155 ferras
1310 4093 1338 4145 ⁶²
1348 4090 1404 4159 filii
1412 4089 1615 4162 prophetatum
1626 4089 1700 4144 tuot·

51 4212 194 4272 nationem
218 4205 316 4276 patitur
343 4212 455 4275 propter
482 4199 622 4272 justitiam.
651 4196 726 4254 Unde
749 4194 813 4250 illud
844 4210 851 4247 :

56 4283 853 4369 Beatipaiperseeutionempotiunturproplerjustitt'um

56 4386 173 4462 innita.
186 4400 212 4438 v.
232 4380 285 4451 to).
301 4379 354 4448 Qui
365 4387 487 4434 metuens
500 4376 617 4442 lezabel,
632 4374 711 4431 idest
725 4371 853 4427 malitiam

56 4474 164 4539 saeculi,
185 4473 227 4527 vel
247 4468 416 4541 tyrannidem
430 4465 540 4532 diaboli,
556 4464 644 4538 surgit
657 4465 691 4520 de
705 4462 854 4519 tentatione

59 4563 261 4639 peccaminum,
277 4567 303 4613 et
317 4557 372 4614 abit
394 4570 555 4628 quocunouu
573 4569 635 4609 eum
652 4551 742 4607 tulerit
754 4551 854 4607 volun-

59 4665 104 4711 tas
134 4668 149 4706 a
177 4650 291 4704 Domino
312 4646 363 4701 sibi
392 4642 498 4701 collata.
524 4642 657 4714 venitque
677 4640 704 4696 ia
725 4639 856 4695 Bersabee

57 4743 142 4808 Juda,
163 4741 190 4794 in
207 4745 327 4794 sancnm
343 4733 505 4799 Ecclesiam,
520 4747 580 4804 qrtae
599 4730 696 4786 dieitur
712 4727 854 4796 Bersabee,

58 4832 88 4889 id
103 4837 145 4886 est
165 4832 271 4885 Peleus
291 4826 437 4901 septimus,
454 4829 564 4894 propter
575 4820 755 4874 abundantem
771 4816 855 4886 septi-

58 4920 156 4977 formis
171 4918 287 4988 Spiritus
311 4914 437 4988 gratiam,
453 4926 513 4982 quae
537 4907 604 4963 inibi
619 4904 744 4962 fidelibus
758 4902 856 4961 dividi·

59 5020 120 5074 tur,
143 5007 183 5066 uel
204 5010 307 5064 Peleus
322 5004 473 5072 satietatis,
487 5005 598 5071 propter
611 4994 799 5065 mysteriorum
811 4990 857 5046 Dei

58 5096 282 5175 profunditatem,
304 5107 329 5150 et
344 5103 495 5149 sanctarum
516 5086 715 5157 Scripturarum
731 5080 859 5137 relectio-

59 5203 137 5244 nem.
162 5187 200 5241 Do
214 5186 263 5240 bac
279 5181 461 5256 profunditate
481 5179 610 5234 babemus
635 5175 661 5227 ιιι
678 5171 792 5242 psalmo,
813 5172 858 5226 Tc-

60 5278 181 5336 nebmso
201 5291 273 5347 apua
288 5276 320 5329 in
335 5271 456 5327 nubibus
473 5269 548 5324 aeris
564 5264 650 5337 (Psul.
672 5261 818 5332 xv11,t·2):
834 5266 862 5314 et

61 5382 167 5431 rursus,
193 5363 304 5421 ludicro
323 5366 374 5416 tua
389 5359 504 5430 odyssea
518 5355 612 5410 nauita
626 5349 709 5420 (Psoi.
726 5364 805 5411 xxxv,
821 5348 860 5416 1).

104 5509 182 5579 (itt)
197 5506 285 5569 Alias,
296 5506 331 5557 65
345 5517 379 5556 ex
389 5499 491 5554 Parvis.

910 4180 1008 4237 tabant
1021 4196 1116 4237 eorum
1131 4181 1231 4237 Blisoeo
1243 4199 1251 4234 :
1263 4178 1361 4252 quibus
1375 4180 1445 4248 fecit
1457 4180 1562 4250 opponi
1569 4179 1702 4250 pulmen-

911 4275 983 4325 tum.
1003 4270 1126 4340 Cumpue
1139 4271 1300 4341 quitassent
1314 4267 1348 4322 de
1370 4269 1506 4332 coctione,
1531 4265 1704 4322 enumerave-

909 4361 978 4414 runl
990 4377 999 4413 :
1011 4357 1081 4415 llors
1092 4358 1202 4426 inulla,
1213 4358 1258 4412 vir
1272 4357 1331 4422 Dei,
1343 4360 1371 4412 el
1381 4372 1438 4414 nou
1446 4358 1606 4428 potuerunt
1614 4369 1705 4412 eome-

910 4449 985 4504 dere.
1000 4447 1036 4501 vlt
1046 4446 1096 4502 ille
1110 4448 1248 4516 :Asseria
1259 4445 1367 4515 inquit,
1382 4444 1520 4514 farinam.
1534 4445 1568 4498 Εἰ
1578 4443 1658 4498 misit
1672 4444 1704 4497 ia

910 4536 1007 4603 ollam,
1019 4538 1048 4590 et
1062 4535 1124 4590 ait:
1141 4533 1264 4603 lniunde
1280 4533 1380 4589 turbe.
1404 4533 1439 4587 Bi
1454 4531 1590 4597 eomedit,·
1610 4535 1705 4587 einen

910 4617 1703 4696 suitquidquamampliusamoritudinisittollo(lVBep.

911 4712 1078 4780 1v,38·il).
1103 4711 1200 4766 Fames
1215 4710 1242 4765 in
1266 4718 1345 4776 terra,
1372 4708 1483 4779 penuria
1506 4706 1581 4762 vorbi
1605 4706 1654 4761 Dei
1678 4707 1705 4760 in

911 4810 1000 4859 mente
1016 4800 1132 4856 bumana
1148 4819 1155 4855 ε
1173 4798 1220 4856 lilii
1244 4800 1448 4870 prophetarum,
1475 4795 1521 4849 lilii
1547 4795 1707 4865 praedicato·

913 4910 984 4948 rum.
1000 4893 1134 4962 l‘ropbeta
1159 4890 1350 4961 iuterpretatur
1373 4886 1479 4942 uidens.
1496 4886 1530 4939 111
1544 4883 1707 4955 sauctiprae-

913 4984 1047 5042 dicatores
1064 4998 1119 5038 noa
1134 4980 1169 5035 ab
1186 4996 1215 5033 re
1236 4978 1377 5050 propbeta
1403 4974 1594 5046 appellantur:
1616 4973 1662 5043 qui
1682 4979 1709 5025 et
1805 4983 1811 4991 ’

915 5089 1016 5131 arcana
1044 5069 1233 5142 mysteriorum
1264 5067 1309 5120 liei
1334 5063 1711 5135 contemplantur,e1prou1

915 5165 1007 5221 vident
1033 5175 1123 5217 mores
1147 5155 1297 5219 bominum,
1315 5153 1444 5208 adhibent
1472 5152 1567 5207 modos
1589 5149 1709 5206 curabo-

916 5270 992 5310 uum.
1024 5246 1243 5306 Blisaeusfnlus
1275 5244 1386 5302 Domini
1411 5242 1627 5314 interpretatur:
1656 5251 1712 5310 quo

916 5341 1024 5397 nomine
1043 5337 1130 5409 quivis
1145 5333 1275 5405 praelatus
1287 5344 1312 5388 et
1331 5333 1427 5386 doctor
1443 5331 1571 5387 Ecclesia
1586 5329 1713 5381 docenter

952 5485 1018 5553 ilbi
1050 5479 1133 5545 Alias,
1157 5480 1191 5531 66
1219 5493 1249 5529 ex
1274 5474 1374 5531 Partis
