3734 5948
104 236 158 293 ³67

568 234 597 291 S.
612 233 787 292 omnnem
800 232 940 295 taetus
955 227 1293 293 OEABAEMLLENSIS

1704 237 1760 292 388

103 358 270 433 inquietandi
284 358 357 416 nulla
371 358 485 415 libertas
500 377 508 428 ;
526 358 691 431 possibilitas
706 359 780 415 nulla
793 374 899 416 nocen·
917 374 941 452 Α
957 376 1017 417 rmn
1041 359 1176 432 probavit,
1195 367 1223 418 et
1243 359 1415 432 reprobavit.
1429 359 1544 430 Qualem
1562 374 1641 434 ergo,
1665 369 1762 435 putas,

104 448 143 506 di.
157 441 159 444 ’
175 448 336 523 lieplebitur
368 447 510 518 majestate
545 448 653 506 Domini
690 448 779 505 omnis
818 456 899 519 terra,

105 537 214 610 quando
227 538 283 606 jam
303 535 447 593 voluntatis
461 538 521 607 ojus
540 534 720 611 transgressio
739 534 812 592 nulla
831 535 901 604 erit;

104 623 192 697 mmm
212 631 304 680 autern
329 623 437 696 quando
464 630 591 681 creatura
617 624 676 695 ipsa
703 623 902 680 liberabitura

106 709 235 768 servitute
256 709 438 782 corruptionis
463 712 552 780 hnjns,
577 717 794 783 propterquam
818 710 899 783 inge·

105 796 197 855 miseit
211 805 239 855 et
256 798 369 871 parturit
387 813 472 869 nsque
500 797 598 855 adhue.
620 797 680 853 Erit
702 797 776 854 enim
802 798 901 856 eoelum

104 902 217 957 novum,
239 894 266 944 et
279 895 352 944 terra
366 901 449 952 noxa;
467 893 495 941 ut
507 903 615 960 quaqua
630 887 744 944 verteris
759 887 861 957 oculos,
873 887 901 943 in

104 975 165 1047 ipsa
182 974 230 1032 tibi
249 991 340 1031 rerum
353 973 433 1042 laeie,
452 973 546 1032 divina
558 973 683 1032 videatur
697 975 901 1049 quodammodo

104 1064 282 1139 resplendere
299 1065 439 1134 majestas.

140 1158 167 1210 2.
182 1152 273 1209 Sedet
281 1160 322 1208 est
333 1151 381 1208 tibi
391 1151 477 1210 altere
489 1153 617 1225 quaedam
628 1160 700 1211 terra
711 1153 900 1227 propinquior,

104 1250 132 1299 et
148 1256 232 1315 super
250 1241 301 1298 bac
319 1240 444 1312 amplior,
463 1241 616 1315 justiorque
636 1241 796 1300 sollicitudo.
818 1245 901 1300 Nemo

103 1334 208 1408 qnippe
216 1347 333 1390 earnem
343 1331 717 1406 snamodiohobnitlllphes.
729 1349 757 1403 v,
769 1332 826 1404 29).
834 1332 903 1401 Con·

104 1419 195 1477 solare
218 1434 286 1492 ergo
310 1433 382 1488 eam,
404 1425 433 1475 ut
457 1426 483 1474 et
497 1417 555 1491 ipsa
571 1419 727 1492 requiescat
744 1418 773 1475 in
790 1435 901 1490 specu-

103 1508 183 1566 diens
206 1506 345 1578 nimirum,
368 1505 431 1580 quia
450 1507 600 1580 replebitur
622 1509 768 1579 majestate
793 1507 902 1566 Domini

103 1595 193 1655 omnis
207 1604 290 1654 terra.
305 1595 449 1666 Quomodo
467 1596 543 1653 enim
558 1612 629 1654 nnnc
643 1613 755 1654 earnem
767 1603 900 1667 nostram,

957 463 1071 506 neeesse
1083 446 1172 508 946
1188 456 1229 508 est
1248 449 1386 507 hominem
1406 448 1533 515 inveniri,
1556 448 1603 523 qui
1620 449 1761 520 repudiati

955 533 1046 592 locum
1069 537 1160 609 angeli
1182 536 1332 594 sortiatur?
1355 536 1441 594 Plane
1460 537 1611 593 immunem
1624 537 1660 594 ab
1678 537 1759 593 omni

956 623 1107 697 iniquitate,
1124 626 1172 683 sed
1188 626 1223 682 ab
1236 641 1269 683 ea
1283 625 1412 692 maxime,
1426 641 1488 697 quae
1509 624 1537 679 in
1560 624 1621 697 ipso
1643 640 1758 698 quoqne

956 713 1065 787 angelo,
1081 728 1135 770 non
1155 716 1189 770 ad
1208 715 1297 773 levem
1311 712 1459 782 offensam,
1474 729 1529 771 non
1549 715 1584 770 ad
1602 721 1760 771 momenta·

956 819 1038 860 neam
1049 802 1120 859 iram
1134 803 1244 862 inventa
1259 811 1310 869 est,
1325 804 1373 860 sed
1389 803 1423 858 ad
1437 803 1530 859 odium
1544 804 1755 877 sempiternum.

956 891 1049 949 Semel
1072 893 1190 952 turbarit
1217 892 1345 964 superbia
1375 909 1491 966 regnum
1512 892 1588 959 illud,
1613 893 1754 950 concussit

955 995 1057 1046 muros,
1073 980 1155 1035 etiam
1170 980 1315 1052 prostravit
1333 996 1367 1036 ex
1383 988 1459 1051 parte
1475 987 1502 1037 et
1516 988 1604 1052 parte,
1620 995 1676 1036 non
1696 995 1756 1036 mo-

955 1068 1025 1124 dica.
1042 1068 1112 1138 Quid
1127 1069 1220 1141 ergo?
1235 1069 1361 1127 Facilene
1380 1069 1513 1141 deinceps
1532 1069 1702 1126 admittenda
1717 1069 1757 1126 vi-

956 1157 1059 1214 detur?
1073 1159 1200 1232 Nunquid
1214 1174 1268 1216 non
1284 1159 1342 1215 odit
1355 1157 1449 1216 civitas
1458 1157 1512 1224 illa,
1527 1166 1555 1214 et
1573 1160 1757 1215 vehementer

955 1246 1108 1317 huiusmodi
1124 1254 1230 1318 pestem
1240 1247 1411 1304 abominatur
1420 1247 1434 1302 f
1444 1245 1518 1303 Certi
1532 1254 1630 1318 estote,
1644 1246 1755 1314 fratres,

955 1349 1019 1391 enm
1033 1336 1079 1407 qui
1093 1335 1220 1409 superbis
1236 1351 1290 1393 non
1304 1332 1426 1408 pepef'eit
1439 1335 1557 1408 angelis,
1573 1351 1624 1391 nee
1638 1334 1757 1393 homini-

955 1424 1007 1478 bus
1017 1421 1194 1494 parciturum.
1209 1422 1270 1480 Non
1294 1430 1336 1479 cst
1353 1422 1508 1480 contrarius
1534 1420 1671 1495 sibiipsi,
1698 1438 1752 1478 non

956 1517 999 1566 est
1011 1525 1192 1582 personarum
1205 1518 1353 1583 acceptor;
1369 1510 1466 1567 similia
1486 1517 1549 1566 sunt
1562 1508 1664 1582 judicia
1679 1511 1751 1582 ejus.

957 1599 1020 1657 Sola
1035 1600 1060 1656 ei
1076 1600 1164 1672 placet
1178 1601 1326 1667 humilitas,
1342 1600 1440 1657 sivein
1461 1599 1570 1673 angelo,
1587 1599 1646 1657 sive
1660 1600 1690 1655 in
1704 1601 1755 1657 ho·

104 1685 281 1754 meremini,
294 1688 425 1758 majestas
439 1684 530 1744 divina
541 1687 654 1759 repleat,
670 1703 733 1743 eum
747 1694 775 1744 et
787 1703 904 1758 magnus
919 1684 941 1762 Β
957 1689 1049 1760 mine,
1067 1689 1154 1762 etqui
1169 1689 1247 1745 sedet
1265 1689 1293 1746 in
1308 1690 1416 1756 throno,
1437 1688 1510 1745 solos
1525 1688 1601 1763 eligit
1619 1688 1756 1759 subditos,

104 1779 150 1837 ille
165 1778 274 1848 Paulus,
303 1779 438 1852 primitias
464 1786 568 1835 tantmn
592 1779 704 1852 spiritus
725 1780 841 1847 habens,
856 1778 902 1836 in·
957 1794 973 1835 e
1000 1777 1100 1851 quibus
1117 1778 1222 1848 repleat
1242 1778 1384 1849 templum.
1411 1777 1548 1849 Scriptum
1562 1775 1665 1849 quippe
1690 1785 1752 1833 est:

104 1868 237 1945 gemisoat
254 1868 447 1926 miserabiliter
465 1869 543 1940 satis,
559 1876 586 1925 et
595 1868 680 1926 dieat:
698 1871 759 1928 Scio
771 1872 903 1944 quianon
960 1867 1754 1939 Quissicntllominnsllensnostenqair'naltisbabitat,

104 1963 148 2018 est
163 1961 196 2017 in
205 1973 261 2025 me,
273 1958 323 2016 noc
338 1963 380 2016 est
390 1961 601 2029 incarnemea,
612 1959 712 2017 bonnm
726 1958 839 2030 itbom.
852 1971 901 2027 vn,
956 1963 985 2017 et
1010 1959 1131 2016 humilia
1141 1958 1255 2031 respicit
1269 1960 1300 2013 in
1313 1958 1389 2023 corb,
1400 1961 1428 2013 et
1439 1958 1470 2013 in
1481 1960 1576 2014 terra?
1587 1953 1675 2026 (Psoi.
1685 1971 1754 2024 exn,

105 2050 164 2118 ts.)
192 2047 224 2101 Et
246 2053 321 2103 certe
343 2048 399 2118 jam
424 2063 479 2102 non
498 2047 690 2104 dominabatur
714 2054 856 2120 peccatum
874 2045 902 2100 in
957 2050 984 2119 o,
1000 2047 1040 2118 6.)
1053 2045 1124 2104 Vide
1147 2055 1237 2102 autern
1261 2061 1296 2102 ne
1324 2046 1395 2102 forte
1415 2043 1552 2100 Michaelis
1571 2044 1686 2101 verbum
1709 2044 1755 2111 sit,

104 2138 166 2208 ejus
191 2135 300 2192 mortali
322 2151 440 2208 corpore
463 2136 554 2207 (born.
570 2151 608 2202 rr,
636 2137 692 2206 te).
719 2134 788 2192 Nota
810 2141 906 2190 tamen
957 2135 1076 2207 superbo
1089 2133 1126 2188 illi
1145 2133 1256 2190 dicenti:
1270 2133 1606 2198 Similiserodltissimo,
1617 2130 1756 2190 infaciem

104 2226 203 2293 adhue,
221 2231 249 2281 et
263 2240 362 2297 corpus
376 2223 491 2280 mortale
505 2223 655 2296 perhiberi,
671 2231 698 2280 et
714 2221 816 2295 peceati
831 2237 901 2295 quo·
957 2221 1120 2279 resistentis.
1145 2221 1259 2278 llichael
1283 2220 1382 2293 quippe
1401 2219 1610 2292 interpretatum
1644 2219 1755 2287 dicitnr,

105 2330 160 2388 que
180 2313 269 2369 solum
288 2312 437 2368 dominium
447 2311 552 2384 negari.
569 2314 633 2369 Erat
647 2312 722 2371 enim
737 2312 819 2368 etiam
840 2319 904 2369 tune
957 2316 1017 2390 quis
1031 2319 1063 2370 nt
1076 2312 1171 2370 Dens?

105 2402 149 2458 lex
168 2399 273 2474 peceati
288 2400 317 2455 in
340 2400 473 2458 membris
486 2403 547 2472 ejus
561 2401 652 2473 (Rom.
673 2417 723 2470 ιιι,
742 2403 800 2472 23),
820 2416 903 2474 quam
993 2404 1020 2457 l.
1043 2402 1117 2458 Bene
1132 2415 1199 2474 ergo
1221 2401 1357 2472 propheta
1370 2413 1431 2455 eum
1445 2397 1570 2464 dixisset,
1595 2397 1697 2455 vidisse
1725 2415 1755 2457 se

105 2491 217 2564 quidem
234 2487 384 2561 majestatis
404 2489 545 2560 plenitudo
564 2505 626 2548 eum
651 2488 766 2557 venerit,
791 2504 904 2560 prorsus
957 2489 1103 2548 Dominum
1122 2491 1265 2548 sedentem
1277 2504 1361 2560 super
1375 2487 1472 2544 solium
1495 2486 1635 2544 excelsum
1652 2494 1680 2544 et
1698 2488 1756 2544 ele·

105 2579 241 2638 excludet.
255 2579 316 2634 Non
332 2576 421 2634 solum
439 2586 541 2648 autern,
559 2577 608 2634 sed
636 2584 663 2634 et
683 2576 830 2634 novissima
844 2576 900 2632 ini·
956 2587 1063 2647 vatnm3
1090 2593 1126 2634 ne
1153 2578 1223 2634 forte
1241 2585 1288 2632 ant
1311 2574 1449 2632 excelsum
1473 2574 1642 2647 intelligeres
1663 2576 1698 2631 de
1720 2592 1754 2634 eo

105 2669 176 2727 mica
189 2669 347 2725 destruetur
368 2682 452 2724 more.
477 2664 638 2738 Replebitur
670 2680 737 2738 ergo
760 2667 903 2736 majestate
956 2668 1058 2726 dictum
1072 2665 1757 2741 quiait:Ascendamsaperaltitudinemnnbinrn

105 2756 214 2816 Domini
229 2764 303 2814 terra
322 2765 425 2826 nostra,
445 2756 554 2827 qnando
573 2770 685 2826 prorsus
702 2754 842 2810 demedio
859 2755 905 2810 fret
958 2756 1036 2827 (lsai.
1049 2770 1107 2821 xxv,
1126 2755 1184 2826 li);
1201 2762 1247 2808 aut
1262 2752 1397 2809 elevatum
1408 2751 1530 2808 referres
1543 2751 1578 2806 ad
1596 2766 1645 2807 eos
1663 2751 1755 2809 homi·

106 2854 134 2905 et
147 2845 250 2919 peccati
265 2846 355 2902 omnis
369 2861 477 2913 sensus,
492 2843 649 2901 etdebitum
657 2843 764 2900 mortis.
776 2841 905 2914 Roplebi-
958 2861 1018 2915 nes,
1042 2844 1088 2916 qui
1109 2846 1137 2899 in
1160 2842 1317 2915 superbiam
1337 2841 1489 2914 eriguntur,
1519 2839 1639 2897 addidit:
1664 2842 1701 2897 tte
1722 2859 1757 2899 ca

107 2944 160 3005 tur,
180 2935 303 3008 inquam,
322 2932 413 2991 omnis
430 2940 502 2989 terra
522 2931 732 2988 nostraDomini
748 2934 902 3002 majestate,
958 2953 1020 3010 μιν,
1034 2934 1083 2992 snb
1097 2936 1157 3008 ipso
1176 2938 1271 3000 erant,
1287 2932 1434 3005 replebant
1454 2932 1611 3004 templum
1626 2937 1655 2986 ur
1667 2932 1756 2985 mani.

108 3024 217 3099 qnando
235 3021 444 3082 resurrectionis
460 3021 551 3096 gloria
571 3020 713 3090 vestietur,
734 3020 829 3076 induet
848 3021 903 3075 im·
957 3023 1029 3079 feste
1049 3022 1195 3096 intelligas,
1212 3037 1267 3079 non
1287 3036 1348 3076 eam
1367 3017 1539 3076 altitudinem
1557 3019 1756 3087 commendari,

104 3112 277 3171 mortalitatis
296 3112 405 3183 stolam,
424 3109 639 3187 configurabitur
656 3108 776 3182 deniqne
790 3109 904 3166 claritati
959 3126 1020 3183 quae
1034 3110 1170 3166 extollitur
1184 3110 1315 3166 adversus
1330 3124 1414 3177 eum3
1441 3106 1492 3164 sed
1514 3122 1563 3164 eos
1586 3105 1615 3162 in
1642 3108 1755 3179 templo,

105 3200 347 3274 eorporischristi.
362 3198 681 3270 Salvatorensiquidem
693 3197 904 3273 exspectamus,
958 3190 1024 3258 sive'
1039 3199 1068 3255 in
1091 3199 1158 3256 solio
1181 3199 1250 3264 fore,
1262 3196 1309 3271 qni
1332 3198 1383 3253 sub
1407 3212 1440 3253 eo
1468 3202 1541 3263 sunt,
1561 3194 1630 3254 alios
1644 3195 1757 3269 quidem

106 3287 905 3364 qnireforncalritcorpushernilr'tutisnostre,configura·
958 3288 1081 3346 excelsos
1096 3287 1241 3344 stabilitate
1259 3285 1355 3355 solida,
1371 3284 1438 3342 alios
1459 3300 1493 3341 ex
1516 3284 1572 3342 imo
1585 3285 1690 3343 levatos
1704 3286 1758 3340 mi-

107 3383 169 3436 tam
182 3379 294 3451 corpori
306 3377 451 3436 claritatis
465 3393 524 3433 aran
542 3376 679 3450 (Philipp.
698 3390 740 3443 ιιι,
756 3378 813 3446 20).
834 3375 905 3446 Quid
959 3377 1095 3440 secatione
1107 3375 1208 3433 divina.
1222 3376 1263 3433 dc
1286 3391 1323 3432 ne
1345 3374 1416 3431 forte
1436 3372 1560 3444 objicias,
1585 3373 1684 3430 ditioni
1694 3374 1757 3446 ejus

105 3468 195 3524 adhuc
208 3480 373 3533 murmuras,
390 3479 453 3521 caro
474 3464 585 3534 misera,
601 3464 666 3537 quid
684 3464 774 3520 adbuc
788 3463 905 3520 recalci-
959 3466 1085 3524 universa
1108 3466 1235 3535 subesse,
1268 3480 1319 3520 nec
1350 3463 1499 3536 quidquam
1521 3460 1761 3519 determinationis

107 3564 171 3620 tras,
186 3562 215 3613 et
227 3555 359 3613 adversus
369 3553 496 3627 spiritum
511 3551 709 3625 mucupisctst
725 3551 754 3606 Si
769 3559 795 3609 te
816 3553 905 3609 humi·
959 3555 1060 3612 habere
1083 3554 1155 3627 quod
1169 3553 1224 3609 ait:
1244 3555 1311 3623 Qnre
1329 3552 1380 3609 snb
1395 3554 1455 3624 ipso
1474 3556 1579 3609 erant:
1602 3558 1632 3607 nt
1656 3551 1755 3619 solam,

105 3644 162 3715 liat,
178 3643 201 3701 si
216 3643 339 3717 castigat,
356 3643 380 3699 si
394 3643 493 3718 redigit
507 3642 534 3698 in
548 3641 726 3708 servitutem3
740 3640 770 3696 id
783 3642 904 3712 profecto
958 3661 1019 3718 quae
1033 3642 1183 3700 voluntaria
1197 3649 1334 3710 esteten
1349 3641 1457 3698 fervore
1467 3639 1605 3697 charitatis
1615 3641 1755 3711 procedit,

106 3734 134 3791 in
149 3742 196 3791 tuo
215 3749 320 3808 genere
334 3748 390 3790 non
405 3732 496 3789 minua
519 3739 565 3787 tua
578 3730 695 3787 interest
706 3746 787 3802 quam
809 3729 902 3803 ipsius.
958 3734 1123 3807 approbaret
1137 3739 1164 3789 et
1174 3729 1379 3788 commendaret
1393 3728 1442 3785 Dei
1453 3729 1661 3801 subjectionem,
1677 3730 1757 3786 addi·

106 3823 176 3894 Quid
191 3822 232 3878 eis
245 3821 362 3891 invides,
379 3822 425 3894 qui
438 3822 473 3879 de
487 3820 616 3892 operibns
630 3818 775 3887 vermium,
796 3826 823 3875 et
840 3836 903 3875 mu·
958 3823 997 3879 dit
1012 3822 1087 3879 etde
1102 3818 1253 3890 seraphim,
1269 3819 1304 3875 de
1323 3817 1422 3892 quibus
1438 3825 1466 3874 et
1482 3817 1602 3875 nosloco
1617 3833 1667 3875 suo
1681 3817 1759 3876 dico·

109 3911 177 3967 rinm
201 3909 317 3980 pellibus
332 3909 474 3983 ingloriam
499 3909 582 3981 plane
602 3906 717 3980 gloriam
746 3907 903 3964 mendicare
957 3928 1028 3977 mus,
1043 3909 1115 3983 quod
1128 3910 1165 3964 ab
1179 3922 1212 3965 eo
1227 3906 1308 3963 fuerit
1322 3906 1425 3963 datum.

108 4015 164 4056 non
183 4000 358 4068 erubescunt,
374 3998 447 4056 cultu
469 3997 586 4070 indigno
614 3996 689 4069 viris,
712 3996 859 4055 interdicto
877 4005 904 4054 et
993 4004 1019 4056 tt.
1041 4003 1075 4056 Et
1094 4015 1137 4068 ra,
1154 3996 1251 4069 inquit,
1268 4013 1329 4070 qnae
1351 3997 1401 4055 snb
1425 3997 1484 4069 ipso
1500 3999 1593 4061 erant,
1612 3995 1758 4067 replebant

106 4087 286 4157 mulieribus;
302 4086 462 4158 semetipsos
477 4087 692 4143 dehonestantes
712 4085 803 4158 potius
822 4103 903 4159 quarn
958 4088 1160 4162 temptam.hh
1174 4083 1757 4158 initiosiquidemcreaveratangelosDeus,

106 4179 259 4235 amantes?
276 4177 437 4233 Reforment
463 4176 526 4249 ipsi,
546 4182 592 4230 aut
613 4173 702 4248 magis
719 4181 794 4231 certo
813 4175 905 4231 deior-
958 4181 987 4237 in
1011 4179 1111 4251 quihus
1134 4176 1208 4234 beati
1230 4175 1302 4232 illius
1324 4174 1418 4248 templi
1435 4173 1577 4247 plenitudo
1597 4182 1758 4232 constaret:

106 4275 183 4325 ment
193 4282 308 4340 corpora
332 4281 402 4330 sna;
418 4272 455 4339 te,
471 4265 494 4322 si
513 4263 599 4321 fueris
618 4280 718 4337 corpus
736 4264 902 4334 humilitatis,
920 4295 943 4373 u
958 4270 1007 4325 sed
1022 4283 1077 4324 non
1092 4267 1120 4323 in
1133 4265 1260 4324 omnibus
1273 4264 1473 4336 beneplacitum
1488 4270 1531 4319 est
1545 4262 1580 4330 ei,
1600 4261 1663 4335 qnia
1682 4266 1758 4321 etin

107 4356 266 4414 reformabit
279 4355 353 4411 idem
368 4353 465 4412 artilex
484 4353 530 4426 qni
549 4352 684 4411 formavit.
705 4353 790 4423 illam,
811 4354 833 4408 si
848 4369 903 4409 non
959 4359 1037 4430 ipsis,
1048 4364 1078 4411 nt
1086 4355 1218 4427 seriptum
1228 4352 1461 4425 est,anpelis',sais
1470 4352 1758 4425 reperitpraoitatem

958 4447 1024 4520 (lob.
1042 4459 1079 4511 ιν,
1091 4446 1147 4515 tt).
1165 4442 1224 4498 Fuit
1238 4440 1340 4515 quippe
1351 4440 1379 4497 in
1393 4440 1434 4497 eis
1448 4441 1494 4512 qui
1504 4440 1628 4497 diceret:
1644 4443 1756 4499 Ponam

958 4534 1052 4594 sedem
1064 4548 1158 4589 meam
1170 4531 1207 4587 ad
1215 4531 1377 4602 aquilonem
1386 4530 1466 4600 (lsai.
1477 4545 1537 4597 xtv,
1554 4528 1599 4602 13)
1611 4544 1618 4598 ;
1634 4538 1662 4584 et
1670 4544 1757 4601 popu·

957 4623 1013 4678 lum
1023 4620 1068 4693 qni
1082 4618 1135 4675 sibi
1153 4618 1289 4685 erederet,
1304 4616 1408 4676 habuit.
1428 4616 1508 4675 lliser
1531 4617 1600 4688 ipse,
1625 4617 1671 4689 qui
1691 4617 1753 4674 eine

957 4711 1015 4767 Deo
1030 4725 1091 4765 esse
1106 4707 1210 4775 maluit,
1226 4722 1305 4780 quarn
1329 4708 1380 4764 sub
1393 4707 1469 4779 De03
1485 4705 1579 4762 miseri
1601 4713 1629 4763 et
1639 4705 1688 4775 illi,
1704 4708 1754 4780 qui

956 4799 1081 4857 videntes
1094 4797 1183 4854 furem
1197 4803 1376 4853 cucurrerunt
1389 4811 1452 4853 omn
1463 4810 1506 4853 eo.
1523 4795 1655 4853 Exierunt
1675 4796 1753 4853 infe-

106 4442 218 4516 desipis,
239 4443 433 4515 praestolabere
452 4458 574 4510 manum,
601 4450 630 4498 ut
653 4442 728 4514 quod
747 4441 822 4509 fecit,
842 4442 904 4515 ipsa

106 4533 220 4591 reficiat.

141 4626 168 4679 3.
188 4624 249 4678 lam
268 4619 413 4695 veroquid
429 4620 457 4676 in
474 4620 533 4693 ipsa
556 4619 715 4692 prophetica
733 4619 837 4677 visione
857 4636 903 4677 se-

104 4720 202 4785 quatur
215 4712 344 4769 attonde:
360 4714 396 4769 lli
419 4727 463 4777 eo,
482 4709 579 4782 inquit,
595 4726 657 4783 qne
673 4711 723 4767 sab
738 4710 798 4782 ipso
808 4716 902 4776 erarrt,

104 4802 251 4876 replebant
266 4801 413 4874 temptam.
430 4799 582 4870 Propterea
609 4813 676 4854 sano
691 4797 775 4852 dixit:
802 4800 902 4855 lierni-

102 4891 228 4949 liaresnb
241 4892 450 4963 potentirnann
464 4890 524 4952 Dei,
541 4890 574 4944 ni
587 4887 693 4945 exaltet
706 4888 903 4958 teintempore
956 4887 1032 4955 lices,
1056 4893 1083 4943 et
1106 4900 1207 4943 vacuus
1231 4883 1340 4940 relictus
1353 4892 1395 4941 est
1421 4882 1508 4951 loeus,
1529 4900 1613 4955 quem
1636 4883 1753 4958 accipiat

101 4983 274 5039 visitationis
295 4981 321 5049 (l
334 4982 409 5037 Petr.
431 4994 461 5044 v,
484 4982 522 5046 6).
540 4977 606 5033 Vide
624 4984 653 5033 ut
676 4977 727 5033 sub
748 4976 808 5047 ipsu
827 4976 903 5034 inve·
956 4977 1033 5033 alter.
1049 4975 1145 5032 Nonne
1154 4974 1213 5030 Deo
1227 4974 1350 5044 san'ecta
1359 4972 1423 5038 oris,
1433 4971 1524 5028 anima
1534 4972 1753 5044 mealhlioqnin

104 5067 198 5137 niaris,
221 5067 340 5140 ahoquin
366 5083 422 5125 non
446 5066 551 5138 poteris
571 5081 634 5123 esee
654 5080 715 5122 cum
737 5064 808 5136 ipso.
832 5065 901 5136 Quid
955 5080 1007 5122 nec
1022 5063 1069 5121 tibi
1083 5063 1159 5121 loeus
1181 5062 1234 5120 erit
1252 5062 1280 5118 in
1304 5061 1418 5133 templo,
1441 5060 1505 5134 quia
1528 5079 1591 5135 qua
1617 5062 1668 5119 salt
1692 5065 1753 5136 ipso

104 5158 200 5216 enimi
227 5164 317 5231 putas,
344 5156 535 5214 indifferenter
567 5153 690 5210 admittet
721 5153 846 5210 homines
874 5156 901 5212 in
955 5158 1049 5221 erant,
1066 5152 1212 5227 replebant
1225 5151 1372 5224 tenplum.
1388 5150 1499 5206 Frustra
1513 5149 1659 5223 pulsabunt
1672 5150 1754 5209 fatuae

101 5247 167 5305 illud
186 5255 268 5305 tantae
282 5245 457 5304 beatitudinis
475 5243 616 5316 templum,
633 5243 679 5316 qui
700 5259 733 5300 ne
758 5243 832 5315 ipsos
843 5245 903 5318 qni·
954 5243 1085 5316 virgines,
1100 5241 1128 5297 in
1143 5257 1243 5297 vanum
1262 5240 1427 5307 clamabunt,
1448 5239 1494 5296 ubi
1513 5239 1632 5312 impletae
1651 5239 1755 5298 fuerint

101 5336 165 5395 dem
188 5338 301 5413 angelos
325 5331 515 5392 indifferenter
539 5333 647 5408 reliquit
661 5333 689 5390 in
705 5333 758 5392 eof
781 5340 827 5390 aut
846 5350 901 5391 non
954 5334 1055 5406 nuptiae
1073 5330 1312 5397 discumbentium,
1328 5338 1355 5386 et
1373 5331 1457 5402 janna
1471 5328 1564 5388 clausa
1578 5329 1641 5386 erit.
1657 5330 1754 5388 lnfelix

102 5424 239 5484 ducernet
256 5426 327 5483 inter
351 5423 457 5498 glebas,
482 5422 529 5495 qui
547 5421 676 5479 discrevit
699 5422 771 5478 inter
789 5422 902 5481 stellas?
953 5422 1054 5491 anima,
1068 5421 1113 5479 eui
1125 5439 1143 5477 a
1155 5418 1256 5493 nuptiis
1271 5418 1324 5475 illis
1342 5418 1489 5495 eontigerit
1510 5417 1631 5476 exeludil
1657 5419 1753 5477 lnfelix

103 5513 275 5573 Examinabit
289 5518 532 5587 consurgentem,
548 5511 594 5583 qni
612 5510 703 5584 ipsum
721 5527 831 5586 qnoque
849 5529 898 5569 au·
953 5511 989 5571 de
1002 5527 1056 5584 qno
1070 5510 1248 5570 clamabitur:
1269 5510 1519 5584 Tottaturimpias,
1536 5525 1572 5568 ne
1585 5509 1679 5570 nnnc
1696 5512 1755 5583 plo
