3734 5948
58 246 122 336 ‘iia
675 262 1088 330 senuonssounttansts.
1665 266 1721 328 nso

62 401 132 460 dolo
146 401 350 475 proximante.
365 395 526 455 sicutenim
544 394 703 452 munditiam
718 391 787 451 intra
799 408 861 462 nus,
878 433 902 514 Α
956 397 983 448 8.
1004 391 1129 449 Christus
1142 390 1274 449 Dominus
1296 405 1374 465 mons
1388 398 1441 463 est,
1454 391 1537 448 'mons
1550 393 1718 466 cosmatus,

65 477 135 564 erga
147 487 301 562 proximum
311 485 492 542 innocentiam
509 472 759 543 libfi‘couvenit
768 482 863 540 obser·
918 491 946 540 et
958 497 1036 538 mons
1050 480 1170 555 pinguis.
1188 481 1268 540 Mons
1293 487 1334 538 est
1361 479 1537 548 sublimitate,
1557 481 1719 556 eoagulatus

63 579 142 645 ιιιίς
162 577 202 633 sie
222 574 290 631 etin
309 574 397 640 nobis,
414 584 441 631 et
463 589 526 647 erga
542 571 693 644 proximum
715 571 864 630 mercanda
917 569 1062 628 multorum
1076 569 1210 642 congerie,
1226 568 1334 644 pinguis
1347 570 1490 627 charitate.
1507 569 1542 626 Et
1556 585 1628 628 nunc
1655 572 1718 632 ride

64 668 175 724 vinulis
188 679 281 736 opera,
296 679 380 739 opera
395 662 512 735 pietatis.
528 663 588 718 Nun
603 677 670 737 ergo
683 663 769 718 simus
786 661 864 717 nobis
916 659 1055 734 quomodo
1069 660 1157 715 trahat
1169 659 1204 715 ad
1230 675 1260 716 sc
1280 658 1380 725 omnia,
1409 659 1547 732 quomodo
1569 658 1595 715 ei
1622 663 1717 719 omnia

63 743 187 819 inutiles,
215 769 250 810 ne
270 753 299 807 iu
323 765 393 807 vano
418 749 597 824 receperimus
618 748 721 805 animas
741 757 861 821 nostras3
916 750 1043 806 uniantur
1070 747 1173 805 unitate
1197 748 1377 815 substantiali,
1396 747 1544 821 personali,
1570 748 1715 821 spirituali,

65 838 123 902 nou
143 843 229 899 simus
248 840 356 897 inutiles
379 839 502 912 proximo
525 845 628 908 nostro,
645 854 678 894 ne
701 839 728 893 in
748 852 818 893 rano
838 836 863 893 ei
917 836 1114 896 sacramentali.
1130 839 1217 894 Habet
1235 837 1262 893 in
1278 853 1306 892 ae
1322 837 1435 903 Patrem,
1452 852 1514 893 cum
1527 851 1582 911 qno
1598 845 1641 893 est
1662 854 1718 895 una

61 934 172 1007 jurasse
186 929 341 1003 probemur.
366 929 447 986 Novit
461 928 618 1000 figmentum
639 935 759 983 nostrum
775 925 862 997 Spiri-
916 927 1066 984 substantia
1082 943 1089 994 ;
1105 926 1187 982 hahet
1200 934 1367 998 assumptum
1395 926 1542 992 hominem,
1572 943 1633 984 cum
1660 943 1716 999 qno

62 1011 109 1078 tus
122 1019 170 1093 qui
183 1018 349 1091 loquebatur
372 1033 419 1088 per
440 1017 614 1087 Prophetam,
630 1030 682 1073 nec
695 1016 729 1072 de
749 1013 864 1074 utilitate
916 1024 956 1072 est
969 1032 1022 1074 una
1037 1030 1177 1088 persona·,
1202 1015 1282 1072 habet
1310 1014 1493 1073 adherentem
1518 1014 1571 1070 sibi
1607 1015 1715 1073 fidelem

63 1107 181 1184 proximi
194 1105 354 1179 simpliciter
363 1105 449 1163 voluit
461 1119 644 1162 commonere.
658 1104 697 1160 Ile
708 1104 863 1175 juramento
916 1106 1044 1173 animam,
1061 1121 1125 1161 cnm
1140 1120 1193 1177 qua
1207 1111 1249 1160 est
1262 1102 1373 1173 spiritus
1390 1119 1478 1173 unus,
1493 1104 1576 1160 babet
1585 1103 1715 1177 sponsam

64 1200 117 1268 itus
139 1196 274 1262 contenit,
290 1203 320 1251 ιιι
341 1210 519 1270 agnoscamus
535 1191 669 1261 llebitum,
689 1201 719 1248 ut
742 1191 862 1264 promis·
915 1195 1066 1252 Ecclesiam
1081 1209 1163 1250 unam
1177 1193 1297 1250 omniurn
1330 1191 1492 1263 electorum,
1515 1209 1577 1250 curu
1600 1202 1716 1266 quaest
1816 1224 1820 1233 =

63 1302 124 1345 nam
148 1287 230 1342 linem
249 1284 351 1341 irritam
377 1283 465 1340 lacera
491 1299 641 1341 vereamur.
670 1282 771 1340 Omnes
792 1281 863 1337 enim
915 1300 978 1343 caro
993 1299 1058 1349 una,
1074 1281 1105 1340 lit
1120 1281 1189 1339 forte
1201 1282 1316 1338 carnalis
1330 1283 1389 1338 haec
1416 1280 1481 1337 unio
1500 1280 1616 1337 dicenda
1630 1280 1715 1341 luisse

63 1375 195 1449 proximis
212 1373 295 1448 jurati
312 1389 414 1441 sumus,
431 1388 492 1429 cum
515 1372 612 1446 quibus
626 1371 652 1426 in
676 1370 807 1427 Ecclesia
820 1385 863 1426 ve·
915 1372 1067 1438 videbitur;
1083 1372 1131 1428 sed
1146 1371 1367 1429 sacramentalem
1383 1370 1474 1426 dicere
1494 1370 1589 1440 malni,
1605 1370 1713 1445 dignius

63 1456 154 1521 nimus
174 1462 313 1531 unitatem.
329 1463 363 1517 Et
388 1462 445 1517 baec
461 1459 593 1531 professio
613 1458 677 1516 fidei
692 1459 860 1526 Christianae,
915 1463 967 1519 hon
989 1461 1153 1518 vocubulum
1177 1460 1338 1528 arbitratus,
1362 1457 1512 1529 presertim
1541 1459 1713 1517 occasionem

63 1555 93 1608 nl
109 1552 156 1624 qui
171 1549 251 1620 trivit,
264 1551 319 1621 jam
335 1548 456 1606 nonsibi
471 1548 553 1622 uitat,
570 1548 619 1606 sed
634 1550 658 1606 el
672 1547 720 1621 qui
735 1563 784 1618 pro
799 1561 860 1603 om·
914 1551 995 1608 dante
1005 1550 1148 1623 apostolo,
1164 1548 1280 1608 ubisit:
1298 1547 1711 1623 Sacramentumltocntopnum

61 1638 149 1695 uibus
167 1646 290 1693 mortuus
304 1648 355 1694 est.
915 1646 972 1709 cst,-
986 1657 1034 1714 epo
1043 1645 1139 1698 nutem
1147 1639 1210 1697 dico
1220 1641 1252 1696 in
1259 1638 1416 1703 Christuct
1426 1639 1458 1695 iu
1470 1637 1711 1712 hecteuautpter.

63 1723 82 1730 ”
99 1731 128 1783 6.
142 1727 199 1785 Nec
212 1727 280 1782 mihi
299 1727 371 1783 dicat
384 1726 445 1799 quis
462 1744 470 1782 r
486 1726 517 1782 Ei
530 1725 629 1793 tinam,
645 1725 693 1782 sed
717 1724 765 1782 tibi
780 1740 835 1783 uon
851 1742 858 1782 :
876 1724 899 1806 Β
915 1745 943 1794 ιι,
960 1729 1016 1801 32).
1032 1727 1229 1801 Pinguissimus
1247 1727 1327 1797 plane
1342 1734 1370 1783 et
1397 1726 1550 1783 uberrimus
1571 1742 1659 1796 mons,
1685 1726 1713 1783 in

62 1814 334 1891 qnandoquidemille
345 1818 492 1872 nonsolum
503 1829 552 1888 pro
563 1813 863 1881 omnibusvitit,sedet
916 1835 971 1892 qun
986 1816 1188 1889 beneplacitum
1202 1823 1243 1870 est
1256 1815 1314 1871 Deo
1328 1814 1452 1872 habitare
1466 1815 1493 1871 in
1509 1831 1561 1873 eo:
1578 1814 1711 1889 siquidem

63 1902 862 1979 proomnibusmortuusestffldor.v,lll).Qunmodoenim
915 1917 1062 1979 propterea
1075 1904 1152 1962 unxit
1174 1920 1237 1960 eunt
1252 1903 1314 1959 oleo
1337 1902 1437 1958 letitiae
1462 1919 1517 1974 prae
1531 1904 1713 1976 participibus

62 1995 89 2051 ei
103 1993 180 2066 sirit,
193 1993 240 2065 qui
255 1993 370 2066 negligit
383 1993 421 2049 sic
436 1993 470 2048 ab
485 2008 518 2049 ec
533 1993 669 2050 dilectos?
683 1994 821 2065 quomodo
836 1994 862 2048 ei
915 1995 982 2052 sais.
1002 1997 1080 2052 Mnus
1105 1993 1259 2050 caelestium
1273 2000 1437 2058 aromatum,
1466 2006 1545 2047 mons
1563 1991 1711 2047 charisma·

61 2081 139 2147 vivit,
155 2082 202 2154 qui
226 2081 313 2153 legem
337 2081 398 2150 ejus
422 2097 476 2138 ιιοιι
499 2081 606 2154 implet,
632 2080 678 2152 qui
703 2080 861 2137 mandatum
916 2094 971 2141 tum
984 2082 1177 2157 spiritualium,
1193 2097 1248 2137 uon
1264 2080 1300 2136 ad
1314 2095 1472 2136 mensuram
1491 2079 1628 2152 accipiens
1650 2079 1710 2154 spi-

61 2170 126 2241 ejns
138 2183 193 2227 non
208 2172 318 2226 serrati
332 2169 437 2241 Queris
451 2171 558 2245 legenti
572 2170 672 2245 quaeris
683 2169 861 2244 mandatum?
915 2172 1004 2241 ritum,
1022 2174 1069 2228 sed
1083 2171 1267 2227 omnimodam
1281 2167 1410 2227 obtinens
1429 2167 1626 2240 plenitudinem
1644 2184 1709 2242 gra-

61 2253 117 2316 lloc
130 2249 184 2327 est,
199 2255 475 2329 inquit,mnndutum
486 2254 638 2324 'meumst
651 2257 862 2329 diliputt'smui·
914 2260 1022 2317 tiarum.
1039 2261 1151 2333 Magnus
1177 2274 1266 2327 mons,
1283 2258 1311 2314 in
1329 2274 1384 2332 quo
1403 2272 1500 2314 omnes
1519 2255 1639 2315 thesauri
1664 2262 1711 2313 sa-'

60 2362 132 2413 cem,
144 2347 219 2402 sicta
233 2345 323 2402 dilect
336 2362 382 2402 vor
397 2344 489 2416 (loon.
502 2360 564 2416 ιιιι,
576 2347 638 2415 tlh
653 2355 680 2401 et
693 2343 858 2417 Apostolus:
912 2349 1024 2422 pientiae
1049 2357 1077 2405 et
1099 2348 1220 2406 scientiae
1240 2345 1391 2403 absconditi
1420 2354 1493 2414 sunt,
1522 2345 1550 2401 in
1572 2361 1627 2417 quo
1654 2353 1711 2402 tota

60 2433 860 2508 tiltcraltomuroneroportntc,etsicodimplchitislepem
913 2438 1088 2495 humanitatis
1108 2437 1214 2505 veritas,
1245 2444 1301 2493 tota
1328 2434 1475 2492 divinitatis
1502 2434 1632 2492 inhabitat
1652 2434 1709 2508 ple-

63 2522 170 2582 ctera·
180 2523 285 2596 (Galat.
299 2539 338 2588 vt,
349 2525 387 2594 2).
403 2523 465 2579 Noli
477 2532 647 2595 ergoputare
658 2521 804 2596 gratuitum
816 2522 861 2577 bt>
912 2528 1024 2600 nitud03
1042 2527 1166 2584 excelsos
1188 2535 1215 2582 et
1233 2524 1383 2581 immensus
1400 2539 1406 2579 :
1426 2525 1454 2579 in
1473 2541 1526 2598 quo
1551 2523 1641 2582 omnia
1664 2524 1709 2579 in-

60 2629 125 2670 num
148 2613 220 2686 quod
244 2612 357 2668 exhibes
379 2611 512 2684 proximo,
527 2623 558 2669 ut
581 2611 657 2669 liceat
677 2611 756 2668 etiarn
776 2609 859 2666 dissi·
912 2623 1142 2687 stanrnnturquae
1157 2615 1183 2669 in
1201 2613 1308 2673 1153
1323 2613 1411 2682 ooelis,
1428 2621 1455 2671 et
1477 2629 1538 2687 quae
1554 2622 1710 2687 superter-
1799 2624 1806 2640 s

61 2697 166 2761 'baulare
181 2703 204 2758 si
230 2701 306 2758 uella.
322 2701 432 2757 Debitor
456 2716 487 2756 es
502 2699 664 2757 sacramenti
682 2706 815 2770 cantione,
831 2706 860 2755 et
911 2721 982 2774 ram,
997 2713 1027 2762 ut
1041 2703 1076 2760 sit
1090 2704 1161 2760 Deus
1175 2705 1266 2760 omnia
1280 2703 1307 2759 in
1322 2701 1459 2759 omnibns.

60 2792 171 2866 propria
186 2791 355 2863 professione
370 2790 480 2847 teneris.
496 2788 551 2848 Hic
569 2805 635 2863 ergo
650 2788 859 2862 completione
947 2798 974 2851 9.
995 2792 1100 2862 Venite,
1112 2794 1292 2849 ascendamus
1310 2791 1338 2848 io
1351 2793 1426 2849 hunc
1441 2801 1572 2860 montem,
1586 2790 1685 2848 iratres
1703 2809 1709 2848 ε

59 2878 638 2946 denumerabantur,centuriandum
648 2895 665 2933 o
675 2875 859 2934 mosolutort'
914 2891 941 2938 et
956 2883 979 2938 si
995 2883 1037 2938 nia
1052 2881 1132 2938 nobis
1153 2880 1257 2939 videtur
1274 2880 1370 2949 ardua,
1399 2897 1579 2937 exoneremus
1603 2896 1673 2954 nos3
1688 2881 1710 2937 si

58 2987 119 3030 suo,
136 2970 194 3041 ilic,
210 2969 274 3041 quia
287 2985 358 3024 unos
373 2968 470 3041 accipit
496 2968 629 3026 bravium.
650 2966 700 3023 Sed
726 2981 760 3022 ne
774 2981 857 3020 unum
912 2979 995 3040 arcta,
1011 2971 1092 3028 etiam
1110 2969 1248 3026 exinanire
1261 2985 1312 3025 nos
1326 2986 1382 3025 non
1400 2984 1542 3026 careamus
1559 2985 1567 3038 3
1584 2968 1709 3043 silonga,

57 3060 199 3117 hominurn
215 3066 306 3131 putes,
323 3059 382 3118 hoec
392 3063 435 3114 ert
447 3048 592 3133 ueneratio
602 3056 791 3130 quarentium
805 3056 857 3113 Do·
910 3069 985 3117 tantu
999 3060 1087 3132 magis
1101 3058 1277 3128 festinemus,
1294 3058 1317 3113 si
1331 3057 1478 3123 laboriosa,
1495 3057 1642 3115 clamemus
1660 3056 1685 3114 ei
1701 3074 1708 3114 :

58 3151 184 3207 mittum.
207 3148 256 3205 ttir
270 3148 384 3218 accipiet
406 3142 636 3215 benedictionem,
653 3146 718 3217 quia
738 3151 859 3218 caputet
914 3149 1002 3208 Trahe
1017 3165 1068 3207 not
1080 3152 1143 3221 port
1164 3153 1201 3216 te,
1216 3147 1344 3204 inodora
1359 3150 1570 3219 unquentorum
1593 3149 1711 3204 tuorum

58 3232 161 3311 corpus
179 3253 251 3293 unus
273 3246 312 3293 etl
337 3234 469 3293 Christus.
485 3234 541 3290 Sed
565 3234 624 3290 haec
641 3241 683 3289 est
698 3227 856 3307 ¹gulielmo,
910 3236 1161 3309 ιιιννιιιιιιι(6αηι.
1169 3250 1189 3301 ι,
1198 3234 1313 3306 3).Felix
1322 3232 1371 3308 qui
1380 3234 1420 3291 sic
1428 3234 1585 3303 cucurrerit,
1598 3241 1628 3290 ut
1636 3249 1711 3291 com·

58 3323 122 3400 huia
140 3323 169 3382 in
194 3340 319 3382 mensura
342 3316 427 3380 aetatis
441 3322 619 3396 plenitudinis
638 3321 737 3378 Christi
763 3335 858 3378 omnes
911 3325 1069 3400 prehendat,
1085 3325 1140 3380 imo
1159 3331 1187 3380 ut
1205 3324 1263 3395 ipse
1290 3323 1546 3396 comprehendatur,
1567 3329 1594 3378 οι
1620 3321 1648 3378 ιη
1675 3323 1709 3379 tt.

58 3407 162 3489 puriter
176 3428 351 3470 occurremus
363 3412 478 3486 (dpbes,
491 3427 531 3483 ιι,
548 3414 604 3484 13).
911 3417 964 3472 lam
978 3413 1186 3488 amplitudinem
1200 3415 1301 3470 montis
1318 3421 1345 3468 et
1366 3411 1564 3485 plenitudinem
1587 3411 1711 3484 corporis

95 3505 123 3559 7.
140 3501 260 3559 Etiorte
274 3503 347 3558 idem
362 3501 421 3571 ipse
435 3501 569 3557 Dominus
587 3499 855 3566 mons'llomitticsl‚
910 3504 1011 3562 Christi
1031 3508 1169 3561 mereatur
1182 3501 1298 3559 admitti.
1330 3501 1405 3558 Felix
1419 3501 1466 3573 qui
1480 3500 1595 3557 inillum
1623 3500 1711 3557 beati·

58 3593 95 3649 de
108 3607 163 3664 qun
178 3589 298 3647 dicitur:
318 3591 384 3660 Quis
398 3589 570 3647 ascendetur
584 3592 710 3647 montem
724 3586 858 3647 Domini?
909 3592 991 3652 ficum
1018 3600 1138 3649 muntem
1166 3600 1221 3647 tam
1240 3584 1427 3649 desideranter
1453 3597 1480 3645 et
1504 3597 1711 3662 perseveranter

58 3685 112 3739 aut
126 3679 284 3755 puisrtnbit
294 3680 326 3735 in
337 3677 736 3749 locosanctoejrts‘lllimlrum
749 3677 859 3750 lpseest
910 3681 1073 3753 ascenderit,
1088 3688 1118 3736 ut
1135 3680 1164 3735 in
1179 3679 1344 3737 locosancto
1360 3679 1449 3734 locum
1463 3677 1708 3750 accipiens'stutio·

58 3769 181 3827 abcissus
204 3768 263 3825 sine
277 3768 401 3824 manibus
423 3765 502 3839 lapis,
519 3767 565 3840 qui
599 3784 616 3821 n
635 3773 753 3822 montem
775 3765 858 3824 crevit
909 3771 963 3842 nis,
977 3771 1035 3827 Deo
1046 3769 1119 3825 Patri
1131 3768 1160 3823 in
1174 3777 1268 3824 sancto
1283 3769 1343 3838 eius
1356 3775 1497 3840 appareat,
1519 3764 1643 3823 simulet
1662 3766 1707 3821 ui·

60 3861 222 3916 immensum
236 3858 320 3931 (Dan.
336 3873 367 3928 ιι,
384 3859 430 3925 at,
447 3860 492 3926 35,
508 3856 554 3930 tt)
571 3875 577 3912 ε
595 3855 709 3929 ipsequi
724 3857 858 3913 exaltatus
909 3857 972 3915 dent
986 3857 1115 3915 virtutem
1134 3857 1193 3927 ejus
1207 3865 1235 3914 et
1248 3857 1365 3929 gloriam
1379 3855 1456 3927 [Psoi
1469 3870 1547 3927 ,uxta
1570 3858 1610 3926 3),
1634 3856 1707 3912 haud

58 3959 168 4005 aterra
186 3947 276 4003 omnia
301 3947 383 4003 trabit
403 3948 436 4002 ad
466 3961 495 4002 sa
519 3948 610 4017 (loun.
634 3960 686 4012 ιιι,
706 3945 762 4018 32),
780 3959 857 4001 mons
910 3947 992 4003 aliam
1006 3962 1070 4002 sane
1085 3961 1167 4019 quam
1180 3945 1307 4002 eumdem
1322 3946 1412 4017 ipsum
1427 3953 1549 4001 montem
1561 3947 1706 4000 montium.

58 4037 229 4112 coagulatus,
241 4052 321 4093 mons
336 4035 454 4109 pinguis.
471 4036 570 4108 thnid
586 4051 635 4093 vos
648 4035 746 4105 ludet,
761 4033 856 4108 utquid
910 4043 1029 4092 montem
1040 4034 1241 4106 coagulatumet
1256 4034 1494 4108 pinguem,lesum
1505 4033 1640 4090 Christum
1650 4032 1707 4091 bo-

57 4125 234 4198 suspicamini
258 4133 378 4183 montem
402 4125 585 4199 coagulatum,
608 4131 726 4181 montem
749 4123 777 4179 in
800 4139 856 4196 quo
910 4125 1014 4181 minum
1028 4130 1164 4181 nostrum.
1177 4125 1206 4178 ln
1220 4139 1274 4197 quo
1289 4122 1415 4180 nimirum
1431 4140 1478 4193 per
1488 4121 1707 4197 praedestinatio·

56 4213 259 4286 beneplacitum
269 4225 309 4268 est
317 4215 375 4271 Deo
383 4215 502 4271 babitare
512 4214 540 4271 in
551 4213 602 4273 eoi
611 4214 699 4278 (Psoi.
710 4226 798 4282 axau,
810 4213 854 4278 ld,
909 4230 972 4272 nem
982 4214 1017 4271 ab
1027 4221 1132 4271 aeterno
1140 4213 1318 4285 apparuimus
1327 4212 1352 4270 ci
1360 4211 1408 4287 qui
1417 4211 1577 4283 dilexitnus,
1589 4218 1616 4266 et
1626 4211 1708 4284 grati-

56 4296 119 4377 Π.)
143 4301 342 4369 intremebat,
359 4304 491 4375 inquiunt,
506 4307 637 4378 princepe
652 4303 855 4384 demoniorum
870 4292 894 4371 ss
909 4303 997 4360 beavit
1009 4302 1036 4358 in
1051 4300 1149 4360 dilecto
1169 4302 1236 4358 Filio
1250 4318 1311 4369 sun,
1326 4301 1354 4358 in
1378 4318 1431 4374 quo
1460 4301 1541 4373 elegit
1567 4316 1619 4356 nos
1645 4308 1707 4356 ante

58 4395 141 4467 ejicit
154 4391 304 4449 demonio.
320 4391 488 4449 Exsecranda
506 4393 633 4464 suspicio,
649 4403 676 4451 et
689 4393 857 4465 blasphemia
910 4392 1003 4448 mundi
1017 4391 1235 4449 constitutionem
1246 4389 1436 4463 (iubeant).
1447 4388 1500 4446 Sed
1508 4390 1567 4460 jam
1582 4396 1647 4445 tunc
1661 4405 1707 4447 co·

59 4476 295 4560 reprehensibilis!
320 4479 452 4552 Princeps
470 4490 512 4538 est
535 4482 669 4549 Christus,
693 4488 721 4538 et
744 4496 857 4552 magnus
909 4496 1081 4554 gnoscemus,
1098 4479 1168 4536 sicut
1181 4489 1208 4534 et
1222 4479 1323 4554 cogniti
1338 4495 1442 4548 sumus,
1459 4495 1522 4536 cum
1545 4477 1650 4552 plenius
1678 4488 1706 4534 et

59 4571 197 4644 princeps,
222 4570 300 4640 cujus
324 4585 358 4626 ne
384 4567 436 4642 ipsi
456 4570 566 4642 quidem
583 4570 721 4628 demones
745 4579 857 4648 possunt
910 4571 1054 4642 perfectius
1078 4569 1208 4626 exaltatus
1236 4567 1385 4623 altissimus
1417 4576 1443 4624 et
1471 4566 1629 4623 uberrimus
1659 4567 1705 4624 ille

59 4659 183 4733 elingere
204 4659 396 4731 principatum.
411 4661 445 4716 ht
455 4658 559 4719 illonrm
575 4675 688 4734 regnum
703 4660 732 4715 in
746 4675 774 4716 se
789 4660 857 4732 ipsis
909 4675 991 4715 mons
1005 4658 1096 4716 omnia
1109 4659 1199 4713 trahet
1212 4657 1246 4711 ad
1261 4673 1302 4722 se,
1319 4657 1365 4730 qui
1380 4663 1421 4713 est
1436 4656 1614 4732 superomnia
1622 4658 1707 4714 bene·

58 4748 174 4808 divisum
190 4747 355 4804 desolabitur
370 4747 483 4819 (ttattt.
499 4763 551 4815 ιιι,
567 4751 611 4814 at,
627 4749 674 4820 ab)
690 4766 696 4804 :
712 4749 794 4819 hujus
810 4767 856 4806 re·
909 4749 997 4806 dictus
1010 4748 1038 4804 in
1052 4748 1162 4805 saecula.
1177 4746 1277 4801 Amen.

59 4856 143 4916 gnum
158 4838 295 4911 integrum
317 4845 399 4910 atque
412 4836 572 4908 perfectum,
587 4844 614 4893 et
635 4837 713 4911 regni
728 4837 788 4908 ejus
802 4854 856 4895 non
1174 4834 1291 4893 stltttto
1309 4835 1441 4892 XXXIV.

58 4927 110 4986 erit
134 4925 196 4982 linis
210 4926 288 4998 (Luc.
303 4940 325 4997 t,
346 4926 401 4997 33).
423 4925 509 4981 Distat
528 4938 596 4997 ergo
618 4923 690 4980 inter
708 4924 855 4999 principem
1034 4929 1073 4987 lle
1091 4925 1181 4985 nerlu
1199 4927 1325 4999 Oriucnts
1340 4926 1372 4982 iu
1387 4929 1473 4982 benit.
1492 4942 1518 4996 ι,
1537 4929 1565 4982 9.

58 5022 87 5076 el
120 5015 265 5087 principes,
288 5030 339 5071 nro
367 5014 424 5069 ulla
447 5011 613 5086 comparatio
636 5012 707 5070 inter
737 5021 855 5071 montem
946 5022 971 5073 l.
988 5019 1091 5076 Nocere
1105 5024 1228 5088 possunt,
1244 5002 1274 5071 ut
1287 5031 1394 5085 vereor,
1407 5015 1476 5071 forte
1490 5015 1628 5074 nonnullis
1638 5030 1704 5071 ver-

58 5105 230 5180 coagulatum
252 5115 279 5161 et
295 5106 434 5177 pinguem,
450 5111 477 5160 et
500 5112 607 5159 montes
631 5113 734 5159 tantum
751 5120 855 5184 coagu-
908 5108 1020 5179 baquae
1034 5104 1094 5162 heri
1108 5105 1179 5161 lecta
1194 5113 1256 5161 suut
1283 5105 1371 5170 vobis,
1398 5120 1430 5159 ex
1463 5105 1574 5161 homilia
1602 5106 1706 5163 scilicet

57 5196 139 5252 latos.
156 5192 254 5251 Vester
277 5196 328 5251 iste
342 5186 493 5252 beelsebub
518 5209 596 5249 mons
619 5193 788 5267 coagulatus,
808 5193 856 5250 sed
909 5194 1038 5269 Origenis
1064 5209 1146 5266 super
1160 5192 1306 5264 capitulum
1317 5193 1383 5248 illud
1406 5192 1484 5266 legis,
1500 5195 1547 5251 ubi
1560 5194 1652 5251 Aaron
1679 5203 1707 5268 et

57 5300 113 5343 non
137 5282 258 5365 pinguis,
275 5285 363 5359 magis
385 5294 475 5342 autem
489 5283 630 5367 sterilitate
649 5289 780 5357 perpetua
792 5300 854 5358 ma·
908 5285 958 5343 lilii
972 5286 1033 5357 ejus
1047 5285 1141 5340 ιίιιιιιιι
1164 5283 1259 5340 bibere
1274 5283 1464 5356 prohibentur,
1492 5303 1554 5343 eum
1569 5285 1706 5343 accessuri

55 5372 183 5433 ledictus.
214 5377 301 5443 ulons,
325 5373 389 5447 quia
411 5374 497 5430 elatus
518 5380 559 5429 est
574 5389 580 5429 :
597 5371 766 5445 coagulatus,
790 5373 856 5444 quia
909 5373 1020 5449 suntad
1035 5374 1135 5431 altare:
1152 5371 1176 5428 si
1192 5371 1324 5444 recipiant
1338 5389 1371 5431 ea
1386 5373 1554 5449 simpliciter,
1570 5376 1640 5432 sicut
1654 5394 1703 5435 su-

57 5452 169 5537 squama
181 5481 302 5538 squama
315 5463 500 5536 conjungitur,
517 5472 545 5520 et
557 5458 728 5538 coagulatum
739 5461 860 5519 estsicut
912 5482 980 5524 nare
998 5463 1133 5537 videntur.
1161 5483 1173 5515 ι
1191 5461 1313 5536 Salvator
1340 5479 1457 5521 meus.»
1483 5464 1579 5536 inqrrit.
1602 5488 1615 5516 ι
1638 5466 1703 5543 luge

56 5546 101 5611 lao‘
117 5568 164 5611 cnr
178 5569 284 5612 eorum.
845 5548 848 5556 ’
912 5553 994 5613 eu'am
1008 5553 1080 5609 hunc
1095 5557 1207 5623 peccata
1224 5545 1295 5620 mea,
1311 5560 1339 5609 et
1351 5552 1445 5610 tandiu
1463 5560 1505 5610 est
1526 5552 1553 5610 in
1574 5545 1699 5614 'moernre
