3734 5948
178 192 230 251 519
658 185 686 243 S.
702 181 1024 244 BtuutttttttttuttTts
1037 182 1353 247 cutha-lttttttsts
1768 192 1821 252 520

177 328 207 373 nt
233 332 327 374 eorum
359 312 489 371 solemnia
519 310 711 367 celebremus?
736 311 841 366 liabent
878 311 970 382 ntique
1027 311 1076 367 sed
1091 312 1187 370 bostut
1205 315 1416 387 populcscttjttt
1429 314 1646 375 Domiuorlictts
1659 319 1719 390 ejas
1732 319 1837 388 (Psob.

176 406 361 475 sanctitatem,
384 402 432 458 sed
455 406 567 471 propter
587 414 702 470 corpora
725 408 823 458 vestra.
843 403 886 457 hu
909 417 973 462 vero
1027 403 1257 467 cxttn,13,ti).
1282 402 1379 459 Videte
1400 417 1467 475 ergo
1485 404 1509 459 sl
1531 418 1584 460 uou
1607 405 1721 477 dignum
1739 407 1774 462 sit
1791 392 1838 466 uts

176 509 290 565 corpora
304 502 393 548 vestra
416 496 510 545 sancta
524 503 583 544 esse
603 489 664 559 quis
688 488 877 563 dubitetque
899 499 971 548 tem.
1027 484 1124 542 lestum
1139 503 1251 562 agamus
1265 490 1335 545 diem
1351 504 1404 562 quo
1419 505 1469 545 nos
1478 493 1625 562 assumpsit
1638 492 1664 548 in
1681 494 1821 568 proprios,
1839 552 1842 565 ,

178 584 250 653 plum
261 580 345 636 sancti
360 579 477 652 Spiritus
491 586 564 645 sunt,
580 586 610 632 ut
628 578 695 634 sciat
709 577 896 651 unusquisque
911 597 973 653 poa.
1026 585 1054 629 et
1066 575 1200 635 investivit
1214 594 1245 633 se
1259 594 1308 649 per
1325 578 1515 634 ministeriales
1528 589 1555 635 et
1569 580 1687 638 vicarios
1701 598 1776 654 suos,
1791 591 1821 640 ut

178 670 268 727 sidere
291 685 339 725 vas
359 683 439 724 suurn
460 667 489 720 iu
508 663 742 722 sanctificatione?
764 667 856 738 ltaque
872 678 972 726 sauctae
1026 663 1071 719 liat
1084 665 1152 721 sicut
1165 667 1290 738 ipsejam
1314 668 1376 723 olim
1400 667 1575 738 promiserat:
1599 672 1663 741 Epo,
1684 667 1839 744 inquietis(

177 766 239 814 suut
258 758 355 813 animae
375 762 486 827 propter
506 754 701 811 inhabitantem
723 755 852 824 Spiritum
878 758 928 813 liei
942 759 972 813 in
1026 755 1157 810 iumento
1172 770 1270 812 eorem
1284 770 1330 815 cro
1344 756 1523 813 eorumbene
1533 755 1634 827 (loch.
1646 773 1677 828 tt,
1695 759 1753 828 ll):
1771 772 1822 814 uos

178 847 275 915 vobis3
295 854 388 903 sancta
402 851 465 900 sunt
478 858 593 914 corpora
613 852 725 914 propter
743 845 864 903 unimus:
881 856 973 902 saneta
1026 850 1115 896 autem
1140 843 1255 914 populus
1273 844 1331 914 ejus
1345 852 1372 898 et
1393 859 1458 898 oves
1483 859 1590 915 pascue
1609 847 1681 917 ejus.
1705 845 1821 913 Quando

179 946 220 990 est
234 934 314 990 etiam
329 942 439 1005 propter
452 946 567 1003 corpora
582 931 690 985 domus.
706 929 802 986 adhuc
821 940 895 988 certe
909 949 972 990 cor·
1027 927 1100 983 enim
1114 929 1210 984 domus
1224 931 1273 984 ista
1288 945 1337 1002 per
1356 945 1449 985 manus
1463 930 1621 1001 pontificum
1642 934 1766 1005 dedicata
1780 939 1823 990 est
1839 924 1841 928 ⁴

180 1023 298 1094 ruptibili
314 1021 590 1078 tenebaturincerue
605 1026 632 1075 et
651 1018 804 1091 incorpore
819 1021 928 1092 peccati,
945 1022 972 1077 in
1028 1016 1152 1081 Domino,
1182 1026 1293 1089 propter
1316 1035 1365 1075 uos
1386 1020 1445 1074 sine
1464 1019 1549 1075 dubio
1567 1019 1666 1076 iactum
1686 1031 1741 1091 est3
1766 1037 1823 1077 non

179 1127 234 1184 quo
249 1122 276 1167 et
288 1127 370 1182 grave
383 1109 505 1166 adulterii
528 1110 629 1165 crimen
652 1108 761 1164 admisit
785 1107 859 1164 illius
873 1111 972 1180 anima,
1026 1103 1115 1160 solum
1130 1105 1178 1176 qui
1196 1115 1261 1162 tunc
1276 1117 1420 1178 presentes
1435 1106 1542 1174 luimus,
1563 1108 1611 1164 sed
1626 1110 1824 1181 etquicunque

178 1200 225 1273 qui
239 1199 346 1257 dicabat
361 1217 368 1254 :
382 1197 494 1256 ruptone·
503 1199 631 1253 animam
643 1211 746 1263 meam,
760 1201 894 1270 qnoniam
907 1216 975 1256 san.
1027 1207 1112 1263 usque
1126 1191 1154 1247 iu
1174 1191 1256 1248 duem
1272 1194 1364 1249 seculi
1380 1194 1495 1250 Domino
1510 1205 1572 1250 sunt
1587 1196 1614 1251 iu
1633 1198 1684 1253 boc
1693 1196 1752 1254 lucc
1766 1196 1823 1251 rni-

181 1288 407 1359 instanteset.
425 1298 534 1350 nsxxv,
549 1285 587 1355 2).
614 1282 745 1339 ttirabitis
763 1285 844 1358 plane
860 1287 933 1343 Deus
946 1288 974 1343 iu
1027 1277 1137 1337 litaturi.

179 1379 280 1435 sanetis
295 1375 362 1442 suis,
377 1389 432 1431 nou
449 1372 572 1429 modoiu
595 1371 762 1439 coelestibus‚
786 1376 833 1430 sed
852 1376 931 1430 etiam
946 1377 974 1431 in
1064 1371 1090 1424 t.
1105 1368 1136 1423 ln
1155 1369 1233 1425 nobis
1250 1370 1367 1443 proinde
1392 1369 1568 1441 spiritualiter
1587 1371 1692 1444 impleri
1711 1388 1824 1430 necesse

180 1465 304 1521 murenis.
328 1462 479 1534 Utrobique
504 1468 613 1516 sanctos
636 1459 731 1526 habet,
755 1470 781 1515 et
804 1461 833 1517 in
856 1461 975 1534 utrisque
1027 1466 1078 1522 esi,
1099 1471 1161 1528 quw
1175 1456 1203 1511 in
1223 1458 1374 1529 parielibtss
1394 1458 1539 1515 visibiliter
1561 1469 1766 1531 praeeesterttttl.
1791 1461 1842 1519 Et·

180 1551 312 1609 mirabilis
325 1559 376 1618 cst,
392 1551 454 1607 illos
468 1549 576 1621 quidem
600 1548 765 1618 beatificans,
787 1551 852 1605 istos
874 1552 974 1607 sancti-
1028 1544 1052 1598 ti
1067 1544 1152 1600 iuiii⁸
1162 1545 1242 1613 scire,
1258 1546 1317 1601 haee
1334 1546 1425 1617 utique
1440 1557 1517 1615 sunt;
1529 1549 1664 1620 &timim
1674 1549 1823 1621 iniciipii0.

179 1641 275 1698 ficem,
991 1607 1159 1700 diiunctio,
1184 1634 1353 1701 illuminatio,
1384 1635 1545 1702 benedictio,
1573 1638 1636 1694 Haec
1663 1639 1769 1710 quidem
1798 1639 1825 1693 in

216 1733 243 1785 2.
260 1732 301 1784 hu
315 1728 527 1801 experimentum
545 1727 665 1799 queritis
679 1728 750 1797 ejus,
767 1727 800 1782 de
815 1743 868 1798 qua
883 1727 975 1800 loqui·
1029 1725 1080 1780 hac
1098 1723 1195 1778 visibili
1223 1726 1304 1780 donto
1326 1726 1415 1781 iecere
1439 1725 1597 1795 pontifices3
1618 1730 1676 1783 hec
1701 1727 1835 1784 Christus

179 1835 249 1884 mur,
275 1816 433 1882 sanctitatis,
448 1825 474 1872 et
492 1825 647 1872 sanctorum
666 1815 743 1871 robis
757 1814 869 1872 istorum
889 1817 976 1873 miru-
1028 1813 1157 1868 assistens
1177 1812 1296 1884 pontifex
1320 1815 1472 1870 futurorum
1497 1817 1631 1871 bonorum
1653 1817 1837 1892 invisibiliter*

180 1906 242 1964 cula
255 1903 555 1962 desideretisostendil
571 1902 648 1959 ttnlti
663 1912 734 1959 certe
747 1919 780 1960 etr
795 1904 873 1959 vobis
887 1914 978 1976 a'pec·
1028 1901 1151 1973 quotidie
1164 1910 1292 1972 operatur
1305 1902 1333 1958 iu
1348 1904 1436 1961 nobis.
1455 1904 1544 1960 Primo
1559 1905 1695 1976 siquidem
1705 1905 1826 1977 aspergit

179 1996 245 2051 catis
268 2003 295 2050 et
321 1993 403 2062 vitiis,
420 1992 448 2047 itt
472 1992 571 2063 quibus
597 2000 822 2063 compurtuerunt
849 2003 975 2064 tauquam
1029 2004 1080 2045 nos
1103 1990 1231 2062 hyssopo,
1255 2000 1284 2046 ut
1307 1994 1477 2062 mundemur,
1503 1996 1632 2063 lavemur,
1657 1994 1830 2063 desinemus*

177 2087 299 2156 jumenta
321 2081 349 2138 in
370 2092 563 2148 stercoresuo,
589 2080 822 2147 eriereuirilitert
839 2087 867 2136 ct
884 2083 977 2153 quoti-
1029 2078 1186 2151 dicaturque
1212 2079 1248 2135 de
1271 2079 1362 2134 nobis:
1398 2082 1464 2150 Qoe
1483 2085 1524 2138 cet
1546 2085 1604 2139 istc
1622 2099 1683 2156 qaoe
1698 2082 1827 2142 aramme

178 2171 223 2229 die
237 2170 460 2245 impugnantibus
469 2170 509 2225 eis
519 2176 643 2241 potenter
657 2171 800 2235 resistunt,
812 2168 977 2240 justadpo·
1030 2167 1180 2226 macuta?
1195 2170 1291 2239 (dont.
1316 2185 1379 2238 vut,
1396 2173 1434 2241 5.)
1461 2171 1552 2242 Levat,
1577 2172 1698 2244 iuquam,
1721 2187 1773 2230 nos
1797 2172 1827 2227 iu

178 2257 738 2331 stolum,quidesanctisloquensutiquea
753 2259 975 2326 convaluerant,
1029 2255 1211 2321 confessione.
1247 2258 1319 2312 levet
1357 2272 1407 2314 nos
1440 2259 1621 2331 lacrymarum
1654 2260 1750 2330 imbre,
1784 2245 1841 2314 la·'

178 2349 282 2421 inquit,
297 2348 330 2407 da
353 2347 533 2416 infirmitate,
555 2350 644 2419 [ortes
669 2348 743 2418 sueti
763 2352 833 2404 sunt
859 2350 891 2404 in
905 2347 977 2407 hetto
1029 2352 1073 2401 vat
1104 2344 1202 2400 sudore
1224 2345 1408 2416 poenitentite;
1443 2345 1530 2420 magis
1561 2356 1650 2402 autem
1676 2346 1747 2405 lavat
1777 2360 1828 2402 nos

179 2438 272 2506 (idcir.
287 2453 331 2506 st,
347 2436 404 2510 il).
419 2436 490 2503 Qntd
506 2436 664 2502 mirabilius,
680 2439 788 2509 quaudo
802 2439 826 2493 is
840 2437 888 2512 qui
902 2440 977 2511 prius
1028 2447 1096 2503 aquit
1129 2432 1174 2487 ilii
1205 2432 1410 2502 prelioiitiimsst
1446 2449 1508 2506 ‘1¹1ae
1535 2435 1570 2490 di
1602 2435 1677 2490 i0ni0
1708 2433 1825 2506 piendi,

179 2526 223 2583 vis
239 2543 287 2598 per
311 2526 424 2581 biduum
448 2531 582 2596 poterut·
602 2524 719 2596 muria,
735 2528 854 2598 crapula,
881 2536 909 2584 at
927 2542 976 2583 co·
1029 2521 1112 2578 idest
1131 2521 1165 2576 ab
1179 2523 1240 2591 ejus
1258 2523 1350 2590 latere,
1374 2521 1518 2580 emanarit.
1542 2524 1669 2595 hsperqit
1686 2538 1739 2579 uos
1760 2524 1825 2594 hys·

180 2613 400 2680 messstionibum
414 2624 441 2671 et
466 2613 651 2679 ebrietatibus,
664 2622 694 2669 et
715 2613 858 2685 cubilibus,
875 2623 902 2671 et
920 2617 975 2671 int·
1029 2625 1106 2681 sepo,
1131 2626 1192 2682 que
1212 2609 1322 2666 humilis
1344 2612 1428 2667 berba
1447 2618 1500 2682 est,
1528 2622 1555 2667 et
1581 2611 1699 2682 pectoris
1721 2625 1826 2683 purpe-

178 2703 327 2775 pudicicia,
347 2702 500 2774 caterisque
514 2702 649 2759 similibus
667 2710 695 2758 et
712 2702 890 2759 dissimilibus
904 2704 976 2759 vitiis
1028 2698 1096 2767 tivtt;
1121 2714 1192 2771 aqua
1213 2699 1350 2770 sapientie
1365 2699 1500 2768 salutaris,
1531 2716 1592 2771 quae
1613 2710 1655 2755 est
1673 2699 1754 2755 timor
1767 2698 1825 2754 Do·

178 2791 422 2860 contineremus
443 2793 477 2845 ab
499 2789 678 2846 ebcuutinet
701 2790 898 2859 multisaunis,
919 2800 975 2849 tcta
1028 2786 1105 2856 mini,
1129 2786 1234 2842 initium
1259 2786 1396 2858 sapientie
1419 2795 1447 2843 et
1471 2788 1532 2845 iens
1552 2788 1629 2859 vitte;
1653 2786 1734 2842 eliam
1761 2799 1826 2843 con·

178 2880 273 2952 utique
301 2879 439 2935 thasus?
459 2878 539 2948 Quod
561 2880 651 2949 majus
673 2879 842 2943 miraculum,
864 2880 974 2952 quaudo
988 2882 1012 2961 Β
1026 2877 1175 2932 dimeutum
1196 2875 1260 2932 selis
1274 2876 1437 2943 admiscens,
1465 2892 1500 2933 ne
1526 2877 1562 2931 sit
1585 2874 1720 2946 insipidus
1746 2875 1827 2931 timor

178 2975 219 3023 tot
238 2969 362 3039 juvenes,
380 2975 421 3024 tot
441 2966 639 3038 adolescentes,
656 2975 695 3022 tot
719 2966 835 3033 nobiles,
856 2966 975 3023 uniuersi
1030 2965 1090 3020 sine
1111 2979 1171 3036 spe,
1195 2964 1253 3019 sine
1274 2964 1430 3020 devotione.
1454 2965 1514 3020 lion
1542 2965 1630 3021 solum
1653 2975 1756 3032 eutem,
1777 2963 1827 3018 sed

177 3057 296 3128 denique
321 3071 390 3127 quos
417 3057 462 3112 bic
492 3055 581 3124 video,
610 3054 684 3112 uelut
710 3054 738 3110 in
759 3069 865 3112 ceroma
879 3065 973 3127 aperto
1028 3052 1150 3109 inscribit
1163 3052 1247 3124 digito
1262 3051 1323 3119 Dei,
1340 3052 1367 3106 iu
1384 3067 1439 3123 quo
1454 3053 1582 3124 ejiciebat
1594 3051 1736 3118 daemonia,
1753 3051 1827 3107 haud

178 3151 305 3201 tenentur
319 3146 381 3200 sine
396 3144 520 3213 usculis,
534 3145 593 3200 solo
603 3144 651 3200 [tei
661 3144 758 3199 timore
772 3142 884 3213 confixi3
900 3148 973 3216 quod
1027 3143 1139 3199 dubium
1161 3143 1227 3216 quin
1253 3143 1280 3199 in
1295 3142 1398 3214 Spiritu
1413 3152 1516 3199 sancto.
1543 3142 1678 3207 inscribit,
1703 3141 1825 3213 inquam,

178 3232 207 3287 in
236 3241 308 3289 tanta
335 3242 507 3303 perseverant
529 3231 674 3289 aillictione
700 3230 875 3303 penitentie,
903 3231 974 3288 ultra
1026 3227 1114 3307 legem
1128 3248 1214 3304 suem,
1231 3244 1284 3287 nou
1296 3233 1351 3302 jam
1366 3231 1394 3286 in
1409 3232 1506 3303 lapide,
1522 3231 1570 3288 sed
1585 3231 1614 3286 iu
1625 3231 1724 3287 tabulis
1736 3229 1828 3289 cordis

181 3317 287 3377 tort
306 3322 433 3378 virtutem
455 3321 612 3390 humanam,
628 3335 711 3391 supra
733 3328 865 3386 naturam,
880 3328 974 3376 contra
1027 3324 1190 3395 carnalibus,
1205 3321 1388 3395 prophetidem
1408 3321 1524 3392 implens
1538 3321 1757 3391 promissionem,
1775 3335 1828 3392 qua

178 3408 428 3466 cousuetudinem?
450 3408 516 3480 Ipsi,
540 3409 641 3478 credo,
664 3407 761 3465 videtis
791 3417 892 3479 quanta
915 3410 973 3480 jam
1027 3428 1057 3468 se
1071 3411 1209 3484 pollicitus
1223 3421 1263 3467 est
1277 3409 1431 3466 ablaturum
1442 3425 1490 3466 cor
1503 3410 1826 3480 lapideum,etcarneum

180 3511 324 3568 possemus
340 3497 460 3554 inuenire
474 3495 654 3567 miracula,si
676 3496 837 3568 perscrutari
849 3497 973 3572 singilla-
1027 3515 1073 3556 cor
1087 3515 1146 3556 esse
1159 3499 1284 3555 daturum
1305 3498 1417 3570 (Emi.
1435 3498 1539 3567 salt),
1555 3497 1584 3553 id
1598 3507 1640 3553 est
1653 3497 1825 3565 nondurum,

178 3585 225 3640 tim
242 3585 332 3643 liceret
345 3585 626 3664 singulorumexitum
643 3585 678 3640 de
690 3585 817 3658 AEgypm
832 3593 860 3640 et
874 3585 974 3642 deserti
1027 3605 1081 3645 nou
1096 3590 1272 3653 obstinatum,
1287 3602 1342 3643 nott
1356 3587 1577 3655 Iudaicummed,
1594 3585 1679 3657 pium,
1695 3586 1743 3641 sed
1755 3600 1827 3640 ntan.

137 3672 140 3677 ’
178 3677 261 3744 viam,
289 3675 316 3730 id
346 3686 388 3733 est
410 3673 673 3730 abrenuntiationem
696 3673 806 3743 seculi,
836 3673 974 3730 introitum
1028 3685 1145 3742 suetum,
1166 3676 1214 3732 sed
1228 3675 1375 3741 tractabile,
1391 3676 1438 3730 sed
1463 3676 1600 3733 devotum.
1617 3677 1723 3733 Baetes
1744 3689 1826 3749 quem

179 3767 347 3833 monasterii,
376 3767 404 3821 iu
437 3765 602 3823 monasterio
633 3766 879 3821 conversationem.
902 3762 975 3832 Quid
1030 3771 1063 3823 tu
1082 3765 1230 3833 erudieris,
1247 3765 1459 3833 [inmittendo
1474 3765 1532 3837 ispe
1547 3770 1596 3822 too
1611 3764 1740 3822 docueris
1759 3778 1825 3820 eum

179 3870 243 3911 vero
262 3866 324 3911 sunt
338 3856 406 3926 brec,
423 3855 476 3910 nisi
499 3853 642 3910 manifesta
665 3852 840 3908 inhabitantis
854 3855 881 3908 in
896 3853 975 3910 vobis
1028 3856 1115 3927 (Psoi.
1127 3870 1208 3924 xant,
1221 3857 1277 3926 ta).
1288 3853 1369 3920 Beati,
1379 3855 1500 3925 inquam,
1509 3853 1556 3926 qui
1570 3852 1643 3909 docti
1652 3856 1681 3909 ci
1690 3865 1826 3909 memores

178 3943 295 4012 Spiritus
311 3943 395 3999 saucti
406 3955 564 4019 ammenta
578 3944 593 3998 i
606 3942 806 3999 Namhabitsre
820 3941 847 3997 iu
862 3957 975 4013 corpore
1028 3949 1099 4002 aaut
1116 3943 1321 4002 mundatorem
1346 3946 1418 4015 ejus,
1439 3944 1476 4000 ud
1493 3942 1659 4014 sccmndttm
1682 3957 1717 3999 eo
1736 3939 1824 4011 (Psoi.

179 4030 295 4086 animam
305 4032 420 4102 probant
434 4030 529 4089 vitales
549 4038 637 4087 tuctus
655 4029 777 4101 corporis
793 4048 799 4088 :
816 4030 936 4085 habitare
946 4029 974 4085 in
1028 4047 1076 4103 ott,
1093 4034 1149 4104 tt).
1160 4030 1396 4103 Alioquiusct'ettti
1409 4031 1755 4102 bonumetrtortsocicoti,
1765 4043 1828 4101 pec·

178 4118 267 4174 anima
281 4119 410 4191 Spiritum
426 4118 523 4190 probat
537 4117 591 4177 rita
609 4117 768 4191 spiritualis.
783 4119 852 4174 illud
866 4135 898 4175 ex
912 4119 973 4174 visu
1029 4126 1127 4178 cotom
1137 4119 1314 4191 estilti(loc.
1325 4135 1366 4190 tv,
1381 4122 1443 4192 1713
1457 4127 1590 4178 atterum
1599 4117 1827 4178 tcicnsucitttttn·

178 4218 206 4264 et
221 4208 312 4265 auditu
326 4208 496 4279 dignoscitur
513 4226 519 4265 :
539 4208 611 4264 istud
627 4224 660 4263 ex
675 4207 806 4262 charitate
821 4217 849 4264 et
863 4206 972 4264 hutnili-
989 4162 1012 4241 ὓ
1031 4213 1087 4267 tem
1103 4209 1217 4267 Domini
1240 4210 1286 4266 tui
1304 4212 1332 4264 at
1352 4224 1411 4266 cort
1426 4211 1547 4280 saeuos,
1570 4207 1662 4282 plopis
1680 4205 1828 4280 vapulabit

180 4304 242 4364 tate,
258 4300 416 4369 ceterisque
429 4296 581 4353 virtutibus.
1027 4298 1129 4356 maltis
1144 4298 1224 4368 (tac.
1239 4311 1292 4367 xit,
1306 4295 1363 4369 lt'l).

215 4389 242 4440 3.
260 4384 356 4442 Vestra
373 4395 415 4441 est
437 4384 529 4460 igitur,
548 4384 643 4442 iratres
656 4386 820 4452 charissimi,
831 4397 918 4444 vestra
932 4394 974 4444 est
1063 4389 1091 4442 5.
1105 4384 1182 4442 Unde
1201 4399 1313 4442 nocuae
1336 4391 1377 4442 est
1401 4392 1431 4441 ut
1452 4384 1542 4443 unedo
1565 4383 1709 4456 spiritualis
1728 4382 1827 4459 gratiss

179 4474 308 4531 hodierna
329 4472 467 4530 festivitas.
485 4475 540 4530 llos
560 4474 675 4532 dedicati
698 4475 764 4532 estis
784 4475 911 4544 Domino,
927 4491 976 4533 ves
1028 4475 1138 4546 adjuvet
1156 4474 1338 4532 infirmitatem
1362 4482 1492 4545 nostram,
1509 4474 1742 4531 observantiarum
1755 4473 1826 4530 ista·

177 4562 261 4636 elegit
283 4571 311 4618 et
336 4563 481 4634 assumpsit
504 4563 531 4618 in
551 4565 687 4635 proprius.
707 4564 778 4632 titt,
803 4564 891 4637 iuquit
906 4566 975 4621 Pro-
1029 4579 1089 4619 rum
1116 4571 1144 4620 et
1174 4563 1341 4620 multimode
1365 4562 1528 4635 penitentie
1554 4579 1648 4622 cruces
1673 4561 1828 4620 devotionis

179 4653 269 4723 pheta,
281 4651 433 4710 derelictus
441 4654 483 4709 est
491 4654 743 4725 pnapenorpttmo
751 4654 851 4711 tuerit
863 4652 977 4726 adjutor
1029 4668 1086 4710 sue
1109 4651 1196 4724 matie
1220 4652 1338 4734 liniens;
1352 4652 1416 4727 quie
1438 4668 1488 4710 uec
1506 4660 1546 4710 cst
1570 4652 1629 4709 tina
1646 4666 1726 4710 cruce
1749 4648 1828 4724 sequi

178 4739 267 4812 (reat.
282 4756 320 4808 tx,
334 4739 388 4811 ld).
405 4739 490 4809 Quam
504 4741 573 4797 bene
581 4743 777 4810 commutastis,
792 4740 974 4811 dilectissimi,
1030 4741 1179 4815 Christum
1194 4749 1225 4797 et
1236 4742 1296 4798 siue
1320 4740 1448 4799 unedone
1462 4741 1550 4800 crucis
1562 4741 1735 4815 asperitatem
1754 4739 1828 4797 ierre

178 4828 309 4902 quidquid
328 4829 428 4885 babere
449 4828 575 4899 potuistis
603 4830 631 4885 in
649 4831 759 4898 seculo,
779 4830 887 4904 quaudo
904 4847 976 4888 nunc
1030 4831 1091 4903 quis
1115 4832 1225 4904 posset?
1243 4831 1312 4889 Hinc
1335 4843 1377 4889 cst
1397 4832 1472 4905 quod
1495 4828 1575 4887 multi
1594 4830 1784 4888 abominantur
1799 4837 1828 4884 et

178 4918 353 4989 relinquendo
372 4933 414 4984 aa,
429 4918 533 4992 proprii
556 4933 617 4974 esse
637 4921 773 4974 meruistis
791 4921 975 4979 auctorissae·
1029 4919 1136 4993 fugiunt
1158 4921 1359 4993 poeniteutiam,
1382 4919 1616 4993 crucemquidem
1631 4920 1763 4989 ridentes,
1777 4918 1828 4974 sad

178 5007 243 5071 culi,
259 5016 286 5061 et
300 5022 364 5062 eum
377 5007 478 5064 habere
491 5006 628 5080 propriam
640 5007 847 5078 possessionem,
858 5010 904 5082 qni
917 5011 976 5067 siue
1028 5023 1083 5065 nou
1107 5008 1186 5066 etiam
1201 5011 1366 5069 unctionem.
1394 5012 1448 5067 llos
1470 5010 1518 5081 qui
1540 5009 1644 5081 experti
1668 5009 1747 5078 estis,
1763 5021 1827 5065 ecce

178 5093 262 5148 dubio
278 5097 366 5165 portio
380 5104 407 5152 et
421 5096 567 5153 hareditas
581 5106 623 5152 est
646 5111 767 5153 suorum.
782 5096 877 5170 Neque
890 5100 972 5169 etrite,
1029 5099 1081 5171 ipsi
1096 5099 1172 5156 scitis
1184 5102 1250 5173 quia
1262 5117 1329 5158 vera
1341 5115 1408 5156 crux
1426 5108 1518 5155 nostra
1531 5100 1642 5156 inuncta
1661 5106 1715 5170 ast,
1735 5106 1762 5154 et
1777 5112 1828 5169 per

178 5183 249 5239 sicut
268 5182 396 5240 dixerunt
417 5185 465 5241 lilii
481 5185 629 5260 iniquitatis
645 5204 653 5242 t
668 5189 771 5245 Beatos
788 5188 911 5262 populos
925 5193 976 5249 coi
1029 5187 1145 5260 granam
1173 5188 1291 5262 Spiritus
1312 5188 1475 5259 adiuvantia,
1500 5188 1593 5245 suetis
1613 5195 1640 5244 et
1659 5185 1828 5246 delectabilis

179 5272 240 5332 bec
248 5277 328 5342 sunt,
340 5274 498 5346 temporalia
512 5275 616 5334 scilicet
629 5290 690 5350 que
698 5275 874 5352 premiserat,
883 5295 976 5352 mone
1029 5286 1070 5334 est
1093 5279 1250 5351 penitentia
1273 5287 1374 5348 nostra,
1393 5288 1429 5348 et,
1454 5284 1485 5336 ut
1499 5277 1536 5336 ite
1556 5278 1655 5348 dicam,
1676 5274 1827 5334 amaritudo

178 5365 298 5436 pinaria
312 5365 478 5422 eructantis
492 5382 530 5424 cn
549 5366 599 5425 hoc
613 5368 934 5439 momenmentum,
948 5378 976 5426 et
1029 5368 1296 5427 nostradulcissima
1309 5365 1347 5425 dt
1361 5377 1504 5442 postquem
1526 5369 1618 5426 unctio
1631 5365 1726 5442 gratie
1744 5363 1828 5437 huius

178 5452 275 5508 similia
291 5469 297 5512 :
313 5469 377 5524 nou,
394 5453 514 5527 inquam.
528 5456 973 5534 intemperantissime
1028 5458 1206 5531 precesserit,
1225 5460 1282 5532 jtttn
1303 5455 1443 5517 lucarnam
1464 5473 1543 5516 suam
1562 5456 1686 5514 cbristus
1698 5470 1754 5516 ucn
1773 5468 1827 5529 pc·
