3734 5948
101 199 154 261 lle

557 193 585 251 S.
601 189 777 250 emanant
796 189 938 248 manns
953 190 1299 251 cctam-vautnrtsrs

1708 199 1761 253 320

100 333 158 386 cro,
174 319 327 394 quicunque
342 320 496 392 hujusmodi
510 335 614 384 sumus,
636 315 814 372 resarciamus
836 316 897 370 ani·
914 339 937 416 Α
952 333 1048 374 omnes
1058 316 1158 389 ubique
1170 327 1284 388 agerent
1300 316 1495 387 paenitentiam,
1516 318 1666 373 secundum
1681 319 1758 391 quod

101 424 170 480 mus,
185 409 307 481 spiritum
322 408 521 480 recolligamus,
543 406 703 477 abjicientes
717 403 897 475 perniciosam
952 406 1049 462 Paulus
1059 405 1271 462 Atheniensibus
1281 405 1362 461 tradit
1377 407 1452 475 (Act.
1465 421 1538 470 xvir,
1554 406 1610 476 30).
1623 406 1763 464 Memento

102 486 278 569 tepiditatem,
300 500 351 553 etsi
375 514 430 553 non
455 498 517 570 quia
538 495 691 568 periculosa
715 502 765 562 cst,
792 502 819 548 et
841 494 899 548 [teo

102 587 182 654 solet,
205 596 234 641 nt
258 586 393 644 interdum
417 585 607 642 miserabiliter
628 583 791 654 plangimus,
817 581 898 635 etiam

101 674 232 729 vomitum
246 690 409 746 provocare;
425 681 499 730 certe
514 673 578 744 quia
598 671 798 739 molestissima,
821 669 901 740 plena

103 761 219 818 miseriae
233 771 261 818 et
274 763 384 834 doloris,
400 761 508 818 inferno
519 762 599 832 plane
613 760 746 832 proxima,
760 767 788 816 et
807 759 902 815 umbra

103 850 198 906 mortis
209 852 271 922 jure
286 860 422 908 censetur.

140 943 165 994 8.
182 939 211 996 si
225 940 371 1011 quaerimus
385 955 446 1011 quae
456 954 563 993 sursum
573 944 647 1000 sunt,
663 936 744 991 etiam
759 949 858 1005 sapere
875 942 902 989 et

104 1027 248 1099 praelibare
271 1027 377 1084 interim
403 1026 568 1082 studeamus.
594 1025 675 1080 Forte
699 1025 772 1080 enim
797 1024 899 1093 poterit

105 1115 253 1171 intellectui
268 1123 293 1173 et
304 1115 412 1172 affectui
422 1131 475 1171 non
485 1113 709 1171 inconvenienter
719 1113 815 1183 aptari,
828 1113 900 1183 quod

106 1212 135 1259 et
148 1219 271 1276 quaerere
285 1220 346 1276 quae
360 1219 465 1259 sursum
481 1211 552 1273 sunt,
565 1211 696 1272 etsapere
705 1202 902 1263 admonemur,

106 1292 176 1347 utin
190 1291 393 1364 principalibus,
409 1291 638 1364 quemadmodum
648 1305 731 1359 snpra
741 1288 841 1344 dictum
852 1297 903 1353 est,

108 1379 237 1436 membris
252 1380 307 1435 suis
326 1388 418 1437 nostra
432 1379 515 1437 corda
536 1379 660 1434 manibus
683 1377 845 1450 quibusdam
870 1377 905 1447 pii

107 1482 220 1525 conatus
235 1479 263 1526 et
276 1471 396 1528 exercitii
418 1470 564 1542 spiritualis
587 1470 680 1525 levare
697 1468 856 1523 studeamus
871 1465 904 1519 ad

107 1557 204 1613 Deum.
219 1557 331 1628 Omnes,
344 1558 370 1612 ni
380 1557 466 1623 fallor,
483 1573 544 1630 quae
559 1563 739 1612 sursumsunt
753 1553 901 1627 quaerimus

953 498 1055 554 etenim
1065 499 1115 553 Dei
1127 499 1241 555 verbnm
1255 506 1284 553 et
1299 497 1469 568 Sapientiam
1483 497 1650 553 incarnatam
1664 517 1670 553 :
1684 500 1765 568 cuius

953 587 1046 657 utique
1070 603 1138 658 opus
1157 594 1216 642 erat
1244 594 1302 641 teto
1329 586 1375 642 illo
1396 592 1530 657 tempore,
1549 602 1603 658 quo
1617 587 1704 642 videri
1737 589 1764 642 in

955 675 1044 740 terris,
1060 683 1087 730 et
1101 674 1173 729 inter
1191 676 1315 730 homines
1328 674 1484 729 conversari
1503 674 1613 742 dignata
1630 685 1672 730 est
1688 676 1764 730 inel-

957 760 1045 817 fahilis
1064 761 1107 816 illa
1125 762 1272 829 virtus‚illa
1286 760 1381 832 gloria,
1395 762 1440 815 illa
1453 763 1594 831 majestas,
1609 763 1764 820 illuminare

956 852 1048 908 oculos
1061 851 1162 916 cordis,
1186 861 1213 907 et
1228 851 1343 906 suadere
1360 850 1440 906 fidem
1456 851 1609 907 hominibus
1624 853 1763 922 praediea-

957 940 1140 1011 tionepariter
1155 947 1182 995 et
1196 940 1352 995 ostensione
1367 939 1518 1013 signorum.
1529 941 1652 1013 Denique
1670 944 1764 1015 Spiri-

959 1034 1003 1084 tus
1015 1030 1137 1093 Dareitai,
1149 1028 1195 1097 ait,
1206 1044 1291 1100 svper
1313 1045 1367 1090 me,
1380 1027 1678 1097 edeeenqeliamtdam
1688 1047 1762 1102 peu-

957 1118 1071 1191 peribus
1086 1118 1167 1172 arisit
1182 1133 1226 1172 mc
1236 1118 1300 1186 (ise.
1317 1132 1372 1183 nxr,
1389 1118 1426 1183 l).
1442 1117 1477 1169 Et
1490 1114 1620 1186 apostolis
1630 1116 1766 1188 loqueba-

959 1215 1002 1261 tur
1014 1222 1019 1259 :
1033 1206 1129 1263 eidnec
1143 1206 1284 1263 rrtodictrm
1300 1206 1396 1260 latrare
1409 1207 1440 1260 itt
1458 1206 1529 1261 nobis
1544 1210 1602 1274 est;
1617 1207 1766 1261 cartbnlete

959 1297 1027 1352 elem
1040 1300 1130 1354 tricem
1146 1295 1262 1362 hebetis,
1274 1300 1309 1351 et
1319 1312 1375 1351 non
1391 1295 1569 1351 tenebricatos
1583 1297 1764 1369 comprehen-

959 1385 1030 1440 dent
1044 1386 1137 1454 (locat.
1152 1400 1205 1452 xrr,
1221 1384 1279 1453 35).
1293 1384 1350 1440 Nec
1364 1384 1444 1441 modo
1459 1392 1522 1439 ante
1537 1384 1702 1454 passionem.
1714 1388 1764 1440 serl

960 1480 988 1529 et
1002 1480 1064 1543 post
1078 1473 1304 1528 resurrectionem
1319 1474 1347 1527 in
1362 1473 1628 1542 multisarqumentis
1637 1489 1688 1544 per
1705 1473 1767 1529 dies

960 1560 1139 1633 quadraginta
1154 1576 1290 1631 apparens
1310 1561 1360 1624 eis,
1376 1570 1403 1616 et
1424 1561 1539 1634 loquens
1559 1561 1594 1616 de
1610 1576 1697 1634 regno
1714 1561 1764 1616 ltei

108 1644 248 1702 intellectu
276 1644 340 1701 fidei
355 1654 382 1702 et
396 1646 498 1716 judicio
514 1645 642 1715 rationis3
671 1644 720 1699 sed
749 1657 804 1698 non
821 1657 906 1717 laeque
923 1643 944 1718 Β
960 1649 1034 1715 (Act.
1060 1663 1080 1714 r,
1103 1650 1153 1718 3);
1175 1647 1283 1717 qnando
1304 1656 1330 1702 et
1349 1665 1459 1703 sensnm
1480 1648 1530 1712 eis,
1562 1655 1591 1702 ut
1610 1649 1767 1720 Scripturas

109 1731 220 1788 forsitan
235 1734 355 1806 sapimus
368 1751 464 1791 omnes
478 1751 539 1807 quae
554 1750 663 1789 sursum
683 1739 757 1797 sunt,
780 1740 906 1800 tanquam

108 1820 221 1878 inescati
231 1824 272 1878 his
282 1833 413 1897 quaesunt
426 1840 509 1895 super
524 1831 638 1885 terram,
656 1821 774 1877 violento
790 1819 905 1891 quodam

109 1911 265 1980 praejudicio
282 1910 443 1969 affectionis.
462 1911 537 1967 Unde
554 1910 626 1965 enim
651 1927 699 1977 ea,
714 1924 796 1981 quam
826 1906 906 1976 paulo

108 2006 172 2054 ente
185 2000 366 2068 ostendimus,
392 2000 542 2056 animorum
558 1999 710 2063 diversitas,
728 2004 801 2051 tanta
816 1996 907 2066 dispa-

109 2087 194 2142 rilitas
207 2089 373 2157 studiorum,
389 2089 626 2145 conversationum
644 2095 716 2142 tanta
738 2083 906 2139 dissimilita-

108 2175 166 2231 dot
180 2175 256 2232 Unde
272 2176 418 2249 spiritualis
431 2176 526 2249 gratiae
539 2176 631 2247 inopia
645 2182 719 2229 tanta
736 2173 906 2246 quibusdam,

107 2279 168 2318 cnm
183 2264 242 2319 aliis
256 2267 333 2338 copia
349 2273 423 2321 tanta
437 2263 584 2321 exuberet?
594 2264 718 2320 Prol'ccto
732 2278 783 2317 nec
797 2276 906 2326 avarus,

107 2367 159 2406 nec
173 2351 251 2423 inops
265 2361 307 2408 est
320 2354 414 2425 gratiae
429 2353 587 2408 distributor
598 2370 605 2418 ;
617 2351 666 2407 sed
683 2351 728 2405 ubi
742 2365 828 2405 vacua
843 2363 909 2403 vasa

107 2449 222 2518 desunt,
237 2458 309 2505 stare
320 2450 408 2506 oleum
420 2464 533 2504 necesse
549 2455 600 2506 est.
613 2448 743 2517 Undique
759 2462 820 2501 sese
829 2444 907 2517 inge·

108 2539 143 2593 rit
155 2553 232 2594 amor
246 2539 354 2594 mundi:
377 2554 437 2593 cum
457 2535 703 2605 consolationibus,
723 2534 777 2589 imo
798 2532 908 2588 desola-

108 2627 225 2682 tionibus
246 2626 301 2682 suis
319 2625 447 2682 observat
462 2624 564 2693 aditus,
581 2640 630 2696 per
655 2621 792 2678 fenestras
813 2619 908 2687 irruit,

107 2725 227 2772 mentem
247 2723 375 2786 occupat,
396 2713 515 2769 sednon
541 2712 663 2784 ejusqui
692 2710 782 2766 dixit:
806 2711 909 2766 lteanit

108 2806 248 2862 comolari
258 2806 355 2862 aniane
366 2819 446 2869 mem·
461 2802 697 2874 aramaththai,
713 2805 740 2857 et
753 2799 909 2854 delectatos

961 1734 1153 1809 intelligerent,
1169 1736 1268 1808 legitur
1282 1738 1421 1807 aperuisse
1441 1738 1450 1791 l
1459 1740 1523 1793 Late.
1545 1753 1626 1801 xxiv,
1643 1739 1700 1807 45),
1718 1738 1765 1791 in-

962 1823 1096 1879 tellectum
1109 1824 1198 1893 pentius
1208 1823 1381 1889 informabat,
1392 1840 1472 1896 qnam
1481 1823 1764 1896 purgabataffeclum.

998 1918 1040 1970 ll.
1082 1912 1198 1981 Quando
1231 1913 1301 1967 enim
1338 1914 1371 1966 arl
1397 1913 1544 1983 spiritualia
1559 1912 1629 1969 affici
1650 1922 1768 1985 possent

961 2001 1110 2056 animales?
1125 2001 1182 2056 lmo
1201 2017 1266 2057 vero
1281 2018 1315 2055 no
1331 2002 1416 2072 ipsam
1431 2002 1541 2072 quidem
1558 2018 1658 2057 meram
1674 2003 1767 2058 lucem

960 2095 1087 2160 poterant
1106 2086 1197 2144 92ss
1220 2089 1391 2159 aliquatenus
1406 2090 1552 2153 sustinere,
1568 2089 1615 2144 sed
1632 2090 1766 2146 exhibere

961 2178 1012 2233 illis
1021 2177 1141 2249 oportuit
1154 2177 1271 2232 Verbum
1282 2177 1312 2232 in
1324 2193 1405 2233 carne
1418 2222 1424 2247 ,
1438 2179 1522 2234 solem
1535 2179 1561 2233 in
1573 2180 1766 2246 nube,lnmem

961 2268 989 2321 in
1015 2272 1096 2335 testa,
1122 2266 1175 2320 mel
1190 2266 1218 2320 in
1242 2282 1315 2336 cera,
1337 2282 1447 2322 cereum
1471 2267 1499 2322 in
1513 2268 1626 2324 laterna.
1643 2268 1762 2338 Spiritus

962 2362 1025 2410 ante
1045 2354 1141 2410 faciem
1158 2354 1263 2410 illorum
1278 2354 1402 2411 Christus
1414 2355 1556 2422 Dominus,
1572 2356 1621 2412 sed
1637 2372 1691 2413 non
1707 2356 1764 2413 uti-

962 2461 1015 2518 que
1025 2443 1084 2499 sine
1095 2445 1200 2513 umbra,
1212 2444 1239 2499 in
1250 2459 1303 2515 qua
1314 2444 1437 2500 viverent
1448 2444 1556 2499 interim
1573 2445 1644 2500 inter
1653 2453 1764 2520 gentes.

965 2533 1040 2589 Unde
1055 2541 1083 2588 et
1097 2533 1202 2606 Virgini
1217 2533 1318 2605 legitur
1334 2535 1510 2607 obumbrasse
1524 2533 1604 2604 (Luc.
1620 2550 1639 2598 r,
1656 2535 1765 2606 35.),nc

963 2621 1157 2678 vehementiori
1183 2623 1357 2678 reverberata
1381 2622 1537 2694 splendore,
1554 2623 1588 2678 ad
1603 2622 1766 2678 candidissi-

963 2726 1034 2765 mam
1049 2709 1120 2765 illam
1135 2710 1234 2779 lucem,
1250 2712 1475 2783 purissimumque
1496 2710 1640 2784 fulgorem,
1665 2710 1764 2788 divini·

964 2800 1037 2866 tatis,
1052 2799 1132 2854 etiam
1162 2799 1232 2855 illius
1256 2800 1353 2873 aquilae
1369 2811 1460 2871 posset
1475 2801 1545 2857 acies
1560 2801 1694 2857 hebetari.
1712 2804 1766 2857 hli-

107 2911 171 2953 eem
181 2895 190 2963 (
201 2894 384 2960 Psolnxxvr,
395 2891 701 2962 3,l).l’raeoccupatum
714 2903 813 2958 nempe
825 2902 908 2941 seecu-
964 2890 1037 2944 nime
1053 2896 1142 2942 tamen
1162 2889 1204 2943 vel
1220 2890 1307 2943 nubes
1326 2890 1383 2958 ipsa
1406 2890 1473 2945 levis
1488 2905 1548 2945 esse
1562 2890 1647 2960 potuit
1663 2891 1765 2957 otiosa,

106 2982 208 3039 laribus
221 2980 492 3039 desideriisanimum
507 2979 652 3036 delectatio
668 2975 907 3042 sanctedeclina13
926 2949 948 3026 Β
964 2978 1013 3034 sed
1029 2993 1060 3032 ea
1076 2992 1184 3049 qnoque
1199 2992 1264 3031 usus
1284 2984 1326 3032 est
1342 2978 1367 3031 in
1380 2979 1509 3041 salntem;
1530 2977 1765 3048 etdiscipulorum

107 3089 159 3129 nec
181 3072 290 3129 misceri
318 3079 445 3144 poterunt
463 3086 528 3128 vera
543 3069 630 3135 vanis,
660 3076 764 3123 aeterna
780 3065 908 3132 caducis,
964 3068 1079 3134 animoa,
1094 3067 1140 3138 qni
1157 3082 1207 3121 nec
1222 3066 1254 3120 ad
1271 3066 1334 3120 fidei
1350 3067 1583 3122 intelecmmzsine
1599 3066 1687 3138 aliqua
1704 3086 1763 3123 ιιιιι-

108 3162 255 3236 spiritualia
268 3161 469 3232 corporalibus,
485 3175 590 3216 summa
606 3158 686 3222 imis,
701 3164 732 3212 ut
745 3154 846 3226 pariter
863 3169 910 3208 sa·
966 3154 1066 3210 tatione
1086 3154 1201 3211 affectus
1216 3163 1342 3225 poterant
1361 3155 1525 3226 promoveri,
1549 3171 1600 3211 nec
1620 3171 1766 3228 assurgere

109 3253 665 3323 piasqumsnrsumsunt,etquaesnper
682 3255 798 3301 terram.
965 3246 1052 3301 adhuc
1077 3248 1111 3300 ad
1135 3246 1285 3317 spiritualia
1313 3245 1507 3316 praevalebant,
1537 3247 1564 3300 in
1592 3263 1648 3301 stam
1675 3250 1767 3303 carnis

150 3344 182 3396 9.
208 3338 313 3395 Felices
327 3338 452 3392 nimirum
477 3337 527 3392 viri
540 3336 592 3398 illi,
609 3351 660 3407 per
678 3348 746 3404 quos
768 3332 910 3387 [lominica
965 3336 1121 3404 provocavit
1135 3333 1278 3389 affectum:
1296 3343 1427 3389 utamore
1438 3334 1554 3405 quodam
1569 3336 1687 3391 humano
1701 3353 1766 3405 ope-

109 3429 232 3486 uscensio
246 3426 347 3501 legitur
361 3427 636 3499 presignataAEnoch
652 3431 745 3494 raptus
776 3424 786 3491 (
802 3423 892 3477 dccli.
966 3423 1035 3478 ranti
1050 3423 1127 3490 mira,
1142 3423 1210 3477 inira
1224 3423 1345 3494 loquenti
1360 3421 1461 3477 homini
1476 3423 1657 3492 adhaererent,
1672 3440 1767 3480 arnore

109 3534 190 3575 xnrv.
208 3517 272 3589 fb),
283 3524 311 3572 et
325 3515 470 3572 translatus
482 3513 554 3568 Elias
570 3514 604 3581 (l
609 3514 627 3568 V
639 3513 693 3583 llep
705 3551 710 3563 .
722 3526 760 3572 n,
777 3512 806 3562 ll
817 3507 910 3576 taen
964 3511 1058 3583 utique
1082 3511 1184 3566 carnali
1206 3512 1302 3578 adhuc,
1328 3512 1377 3567 sed
1401 3519 1455 3565 qam
1480 3511 1579 3583 vapido,
1607 3519 1635 3567 u,
1658 3514 1767 3568 &ems

108 3624 155 3663 008
170 3605 314 3679 (111111,ᾳυί
329 3604 378 3660 8011
392 3606 447 3674 jam
465 3603 522 3658 Deo
536 3600 643 3665 11111111,
659 3599 707 3654 80¹i
722 3604 819 3653 vacant
833 3596 912 3651 intel·
965 3600 1092 3655 omnibus
1116 3599 1287 3669 praevaleret.
1315 3598 1445 3655 Nimirum
1470 3599 1513 3654 hic
1538 3608 1598 3655 erat
1621 3600 1666 3655 ille
1682 3600 1766 3671 hloysi

108 3697 229 3772 ligando,
245 3694 393 3768 diligendo,
403 3691 526 3748 fruendo.
536 3692 632 3762 Neque
644 3688 715 3743 enim
727 3701 841 3757 corpora
851 3701 911 3756 quar
965 3704 1090 3759 serpens,
1106 3688 1153 3760 qni
1168 3696 1312 3758 serpentes
1325 3703 1464 3759 magorum
1484 3688 1597 3760 AEgypti
1613 3703 1710 3742 omnes
1721 3705 1767 3759 pa·

110 3791 330 3856 corrumpuntur,
346 3783 406 3838 illas
420 3786 572 3855 aggravant
590 3778 709 3838 animas,
736 3783 782 3831 aut
801 3784 911 3829 terrena
965 3777 1031 3832 riter
1045 3776 1186 3833 devoravit
1200 3777 1298 3846 ednod.
1316 3793 1365 3844 vn,
1388 3778 1581 3848 italiamque
1600 3793 1605 3830 :
1624 3780 1692 3832 Ecce
1704 3794 1765 3841 reor,

109 3872 268 3928 inhabitatio
283 3887 380 3927 sensus
394 3886 500 3939 eorum,
518 3880 645 3941 tanquam
663 3864 746 3920 nnulta
761 3864 911 3935 cog'tantes
965 3866 1099 3937 inquiunt,
1126 3867 1295 3936 reliquimus
1318 3869 1423 3931 onerario,
1449 3871 1477 3921 et
1505 3867 1595 3922 serrant
1615 3882 1714 3921 sumus
1739 3870 1767 3921 le

110 3961 251 4035 deprimit,
268 3960 313 4032 qui
332 3975 393 4015 cum
407 3959 464 4014 Deo
489 3958 643 4013 ambulasse
659 3963 823 4011 nuscuntur.
846 3953 912 4007 Fac·
966 3955 1077 4023 (Mettis.
1094 3969 1154 4023 ιιιιι,
1170 3955 1227 4022 til.
1242 3954 1316 4008 Beati
1332 3954 1465 4025 siqnidem
1480 3954 1560 4020 oculi,
1576 3954 1622 4024 qui
1636 3953 1767 4010 videbant

112 4063 168 4112 lum
183 4058 225 4107 est
238 4049 461 4120 impedimentum
476 4061 557 4102 omne
572 4045 606 4100 de
622 4044 723 4112 medio,
735 4042 842 4098 occasio
857 4042 913 4096 rrrri-
966 4045 1108 4100 ltonrinnm
1124 4045 1277 4112 nrajestatis
1292 4045 1318 4099 in
1334 4061 1416 4100 carne
1432 4051 1606 4115 presentem,
1623 4052 1765 4099 auctorem

111 4157 190 4198 versa
204 4140 323 4204 sublflll.
335 4137 463 4193 1111111115
476 4135 549 4191 nulla
565 4133 660 4189 111Ῑί111
676 4140 727 4196 081,
739 4147 801 4202 111111)
817 4145 911 4185 eorum
967 4134 1149 4190 universitatis
1159 4134 1230 4189 inter
1251 4135 1373 4190 homines
1388 4141 1606 4198 conversantem,
1621 4132 1767 4188 virtutibus

110 4231 236 4288 affectum
250 4235 392 4301 aggravet,
408 4221 772 4296 veldcprimatintcllectum
782 4263 788 4274 ·
800 4220 868 4273 Nam
884 4225 913 4272 el
928 4255 951 4332 n
968 4233 1165 4289 coruscantem,
1187 4224 1309 4279 infirmos
1330 4229 1481 4288 curantem,
1502 4224 1585 4278 maria
1603 4223 1764 4278 calcantem.

111 4322 231 4396 priorem
243 4322 278 4378 ob
293 4319 460 4388 bocraptnm
471 4312 613 4383 Scriptura
628 4316 822 4366 commemorat
838 4307 911 4375 (tat,
968 4321 1089 4366 rnortuos
1106 4311 1292 4380 suscitantem,
1313 4310 1444 4365 eleemonis
1464 4310 1654 4381 imperantem,
1671 4318 1699 4363 et
1715 4325 1766 4379 po-

112 4428 147 4468 ne
170 4410 240 4468 forte
265 4411 355 4466 vincat
377 4405 479 4462 malitia
501 4400 679 4474 sapientiam,
705 4406 734 4453 et
763 4396 912 4452 intellectus
968 4408 1092 4458 testatem
1118 4399 1231 4455 similem
1253 4400 1406 4455 hominibus
1426 4398 1613 4454 conferentem
1632 4402 1652 4464 ;'
1673 4398 1766 4453 anilem

112 4503 172 4573 ejus
182 4502 224 4559 vel
238 4501 329 4557 anime
340 4497 411 4555 ultra
422 4493 518 4567 decepi
529 4492 632 4556 valcat,
649 4485 806 4545 autmutari
824 4489 910 4559 (Sep.
967 4486 1134 4543 ethumilem
1160 4486 1253 4553 corde,
1272 4485 1431 4557 benignum,
1448 4484 1597 4551 affabilem,
1615 4485 1768 4540 miscricor-

112 4604 159 4657 ιν,
174 4591 237 4663 ll).
967 4578 1019 4632 dim
1032 4575 1181 4632 visceribus
1196 4574 1364 4641 affluentem,
1380 4578 1487 4647 ignum
1498 4575 1547 4630 Del
1558 4581 1699 4645 peecatum
1711 4591 1766 4628 mm

150 4681 196 4735 lt).
219 4678 304 4735 Nobis
325 4684 417 4733 autem
442 4672 515 4728 unde
537 4671 564 4726 in
589 4667 631 4723 his
654 4665 775 4723 tenebris
796 4666 910 4734 veritas,
967 4666 1122 4731 habentem,
1151 4673 1178 4718 et
1197 4664 1315 4720 omnium
1347 4673 1458 4735 peecata
1488 4671 1651 4736 portantem.
1678 4663 1768 4717 Beacn

112 4770 186 4827 unde
199 4767 317 4827 charitas
330 4766 357 4822 in
372 4768 424 4821 hcc
438 4760 536 4818 saeculo
550 4771 679 4831 nequam,
690 4755 716 4809 in
731 4756 783 4811 hoc
799 4754 910 4824 mundo,
967 4771 1056 4819 aures,
1072 4771 1134 4825 quae
1145 4755 1229 4809 verba
1244 4754 1306 4810 vitae
1321 4757 1355 4810 ab
1369 4755 1454 4826 ipsius
1469 4753 1601 4809 incarnati
1620 4752 1702 4807 l'crbi
1718 4768 1767 4807 ore

113 4858 159 4929 qui
173 4865 245 4914 totns
260 4856 362 4928 positus
380 4859 422 4909 cst
442 4849 469 4905 in
488 4845 627 4921 maligno?
641 4844 732 4908 Putas,
742 4843 795 4900 erit
809 4843 854 4914 qui
869 4843 911 4897 in·
967 4843 1107 4915 percipere
1128 4844 1315 4912 merebantur,
1332 4845 1430 4917 quibus
1445 4847 1591 4901 enarrabat
1607 4842 1768 4914 Uniqenitns

113 4943 249 5001 tellectum
271 4944 417 5008 illuminet,
439 4941 486 5014 qui
505 4937 652 4992 inflammet
678 4931 825 4988 affectum?
854 4931 911 4987 Erit
966 4934 1011 5005 qui
1028 4942 1069 4988 cst
1083 4934 1110 4989 in
1131 4933 1189 4988 sinu
1210 4933 1307 5001 Patris,
1326 4945 1353 4991 et
1377 4943 1440 4990 note
1459 4933 1576 4990 faciebat
1596 4949 1767 5005 quaecunque

113 5033 221 5105 utique,
235 5033 258 5086 ei
273 5042 464 5089 convertamur
486 5027 520 5083 ad
535 5025 720 5090 Christum,ut
737 5020 862 5078 velamen
876 5022 911 5077 de
966 5022 1084 5078 audisset
1108 5039 1124 5077 a
1141 5025 1218 5079 Patre
1240 5039 1245 5077 ι
1272 5032 1301 5079 ut
1320 5026 1421 5079 linearia
1445 5023 1576 5078 doctrine
1595 5021 1714 5078 caelestis
1733 5022 1769 5074 ab

112 5121 242 5180 cordibus
263 5121 413 5177 auferatur.
435 5120 541 5178 llic.cst
560 5115 632 5171 enim
647 5114 682 5169 de
703 5127 757 5186 quo
780 5112 910 5183 scriptum
967 5105 1050 5184 ipsius
1067 5111 1191 5168 Veritatis
1205 5113 1350 5184 purissimo
1370 5111 1444 5168 fonte
1461 5112 1608 5176 haurirent,
1632 5109 1769 5164 universis

112 5220 171 5269 est:
189 5201 911 5282 detraentesserapioneamcramortia,tuaorta
966 5202 1139 5271 postmodnm
1170 5203 1298 5274 gentibus
1328 5200 1506 5272 propinanda,
1538 5201 1593 5255 ime
1620 5199 1769 5254 eructanda

112 5307 154 5360 ert
170 5304 210 5358 cis
224 5302 288 5375 (len.
305 5301 394 5369 ιιι3).
407 5298 545 5370 Siquidem
558 5296 657 5368 prioris
667 5290 828 5366 ignorantiae
845 5299 912 5346 tem·
967 5297 1100 5361 pacarent.

113 5404 181 5460 pora
204 5388 356 5461 despiciens
382 5387 471 5455 Deus,
496 5389 664 5444 annuntiavit
690 5386 859 5448 hominibus,
883 5392 911 5442 ut
1006 5391 1046 5443 tt.
1063 5382 1133 5454 Quid
1149 5382 1257 5444 aelirum,
1280 5382 1386 5448 tratres,
1403 5381 1425 5434 si
1446 5381 1575 5450 implebat
1596 5377 1701 5432 tristitia
1717 5392 1766 5432 cor

148 5480 205 5547 lle)
224 5477 291 5532 vide
311 5492 393 5550 supra
407 5490 490 5531 eerm.
511 5481 537 5542 3,
558 5495 633 5534 num.
655 5483 682 5533 2.
