3734 5948
463 242 498 307 itt
516 241 617 305 FES‘ll)
636 244 663 305 S.
683 241 827 304 ANDREAE
844 242 1002 304 apostant
1014 240 1125 305 SRRHO
1138 244 1172 305 Π.
1575 248 1636 310 510·

83 368 318 442 maiesataam
332 370 416 442 ipsius
429 381 455 426 ει
468 369 774 440 invocemnsauxilium,
791 382 815 462 Α
829 387 883 444 pas
901 385 996 428 msam
1009 373 1052 428 ito
1065 375 1100 428 at
1122 371 1247 438 mdcam,
1263 371 1435 431 claritatem
1453 376 1550 430 cutem
1568 379 1628 430 coit

83 466 204 519 rocemur
217 459 354 532 etamplo.
365 461 429 516 Plus
441 460 513 528 dico,
533 468 561 517 ει
574 477 607 517 ea
621 459 700 516 nobis
710 474 777 516 non·
833 461 963 528 labacro,
977 458 1054 517 citit
1074 458 1147 517 mitt
1174 460 1287 534 prodest
1304 462 1331 531 (l
1344 462 1404 519 Cor.
1420 476 1483 528 atu,
1497 462 1537 534 3).

83 542 174 609 ridere
189 548 255 605 mihi
277 549 369 606 videor
396 548 423 605 in
450 549 503 606 hoc
529 550 624 623 gradu.
651 546 681 605 Si
711 547 778 604 dicis
868 551 895 606 3.
911 548 998 607 Vultis
1012 557 1042 606 ut
1055 553 1089 605 de
1111 551 1169 622 ipsa
1189 565 1298 625 quoqne
1320 550 1392 607 beati
1414 550 1497 621 hujns
1511 551 1628 624 apostoli

83 654 89 695 ι
108 638 243 694 Δειιιεειε
258 637 414 709 apostolum
427 653 499 708 ease,
523 654 573 696 nec
586 652 665 710 posse
677 644 715 706 te,
732 636 777 709 qui
833 639 967 710 passione,
983 654 1064 708 qnam
1083 640 1209 697 nimimm
1232 641 1311 698 bodie
1334 639 1515 709 celebramus,
1531 639 1628 714 loqut-

83 741 147 793 tes,
160 726 220 796 cius
234 724 310 797 sequi
320 725 433 798 vestigia
449 743 456 792 ;
473 726 571 799 pudeat
584 734 657 783 certe
670 724 714 782 vel
730 738 778 781 eos
832 744 894 783 ntur
908 726 1007 801 alicuid
1022 727 1057 785 ad
1071 729 1177 787 laudem
1192 727 1301 795 Christi,
1320 737 1347 786 et
1367 729 1400 785 ad
1422 727 1628 786 edificationem

83 830 133 873 natu
152 821 225 883 sunt,
240 829 294 870 non
310 815 408 869 imitari
426 815 512 870 Nemo
525 825 638 885 repente
656 813 687 870 fit
701 831 777 871 sum-
832 817 974 874 vestram?
989 816 1110 874 Audistis
1139 826 1229 885 certe,
1252 832 1314 875 cum
1341 814 1510 888 pervenisset
1532 816 1629 874 beatus

83 903 260 972 ascendendo,
281 917 335 958 non
348 903 464 961 volando
478 904 689 977 apprehenditur
702 919 778 960 sum·
831 907 953 963 Andreas
974 907 1007 962 ad
1022 907 1111 962 locum
1134 907 1179 964 ubi
1201 923 1266 964 crux
1290 916 1385 979 parata
1407 911 1475 975 erat,
1491 907 1629 980 quomodo

83 994 171 1051 totle.
190 991 378 1049 Ascendanns
393 991 485 1065 igitur,
501 993 577 1050 reiut
595 994 700 1049 dnobus
714 993 777 1066 qui·
831 994 999 1052 confortatus
1013 993 1047 1048 sit
1067 994 1095 1049 in
1118 994 1250 1063 Domino,
1268 1001 1294 1050 et
1314 1010 1362 1066 per
1385 992 1523 1065 Spiritum,
1547 1010 1629 1067 quem

83 1082 231 1154 npedibns,
247 1081 419 1139 meditatione
439 1090 467 1139 et
484 1082 614 1139 oratione.
644 1082 777 1140 lleditatio
831 1099 884 1139 una
897 1098 958 1139 curu
968 1083 1072 1141 caeoeris
1083 1082 1214 1155 apostolis
1225 1080 1254 1139 in
1266 1081 1462 1158 igneislinguis
1476 1091 1628 1153 acceperat,

83 1186 113 1227 ru
127 1170 206 1227 docet
231 1169 297 1241 quid
317 1169 390 1226 desit
406 1187 414 1237 ;
430 1170 516 1227 oratio
531 1186 565 1228 ne
579 1171 650 1228 desit
662 1171 774 1230 obtinet.
832 1172 914 1229 rerba
928 1186 991 1228 aere
1004 1171 1082 1245 ignea
1104 1171 1274 1244 loqueretur.
1290 1169 1392 1226 Videas
1416 1169 1490 1225 enim
1509 1178 1628 1239 paratam

84 1274 112 1315 nt
125 1259 254 1328 ostendit,
269 1258 320 1313 ist-a
333 1257 453 1315 deducit.
470 1258 775 1331 bleditationadenique
833 1261 938 1318 eminus
960 1276 1086 1326 crucem,
1116 1275 1304 1333 nequaqnam,
1328 1266 1358 1315 ut
1385 1259 1494 1332 exigere
1525 1258 1630 1315 videtur

83 1346 153 1405 finus
185 1347 353 1403 imminentia
386 1347 463 1406 nobis
486 1346 623 1419 pericula3
652 1347 776 1405 oratione
831 1349 954 1407 mortalit
967 1348 1121 1420 infirmitas,
1137 1348 1290 1419 facieseius
1305 1348 1443 1421 expalluit,
1460 1364 1631 1422 nequaquam

83 1450 133 1504 tut,
147 1443 293 1507 prestante
312 1435 428 1492 Domino
442 1446 537 1492 nostro
563 1435 628 1493 iesu
658 1435 775 1503 Christo,
831 1439 943 1513 sanguis
956 1438 1016 1510 eius
1029 1438 1136 1513 gelatus
1155 1448 1196 1495 est
1211 1428 1283 1506 ,non
1300 1445 1397 1494 stetcm
1410 1453 1505 1508 come,
1522 1445 1629 1495 eutici

83 1524 193 1581 nPatre
216 1528 244 1581 et
257 1523 362 1596 Spiritu
385 1527 479 1581 sancto
499 1523 604 1581 visitet
634 1531 729 1597 regnat
748 1525 776 1583 in
830 1526 955 1587 faucibus
972 1527 1070 1595 haesit,
1095 1541 1150 1584 non
1175 1526 1339 1585 contremuit
1362 1540 1472 1599 corpus,
1492 1542 1630 1583 noumens

89 1614 266 1672 seculorum.
282 1614 381 1669 Amen.
830 1619 892 1689 ejus
905 1618 1016 1673 turbata
1029 1625 1085 1683 est;
1101 1632 1157 1673 non
1167 1615 1287 1681 recessit,
1303 1622 1333 1671 ut
1343 1615 1457 1681 assolet,
1468 1614 1629 1674 intellectus.

294 1699 411 1758 SERMO
426 1701 459 1757 ll·
829 1706 869 1764 lix
883 1705 1047 1762 abundantia
1073 1705 1163 1762 cordis
1183 1720 1215 1761 os
1242 1706 1362 1761 locutum
1383 1711 1434 1771 est,
1456 1712 1484 1760 et
1511 1703 1630 1761 charitas

155 1794 194 1848 oe
208 1795 328 1866 quotuor
350 1789 598 1848 comitatorem.
830 1809 891 1866 quae
908 1793 1033 1850 fervebat
1047 1794 1073 1849 iu
1089 1795 1181 1862 corde,
1197 1793 1276 1864 quasi
1292 1791 1420 1849 scintillas
1434 1792 1564 1865 quasdam
1579 1807 1626 1846 ar-

83 1877 129 1938 tati
148 1879 245 1935 Audite
278 1878 394 1951 apostoli
412 1877 567 1934 solemnitas
595 1877 677 1935 bodie
703 1879 777 1935 cele·
831 1881 1003 1939 dentissimas
1026 1882 1165 1939 emittebat
1189 1881 1215 1936 in
1239 1897 1318 1939 voce.
1344 1879 1416 1950 Qnid
1434 1880 1507 1936 enlm
1531 1879 1629 1935 beatus

98 1986 105 2024 :
133 1984 213 2038 quant
237 1967 260 2023 si
287 1967 332 2040 pia
354 1965 534 2024 sollicitudine
563 1974 775 2039 perscrutemur,
829 1971 960 2038 Andreas,
976 1986 1038 2027 cum
1054 1971 1106 2027 sibi
1124 1977 1254 2044 paratam,
1270 1977 1299 2024 ut
1313 1968 1383 2036 dixi,
1397 1984 1508 2026 crucem
1522 1968 1641 2033 eminus¹

83 2057 227 2117 invenimus
237 2056 264 2113 in
279 2073 310 2112 ea
322 2071 381 2127 quae
394 2055 528 2113 aedificent
541 2055 646 2113 animas
659 2066 775 2113 nostras.
831 2066 962 2122 cerneret.
976 2057 1158 2130 loquebatur?
1174 2077 1187 2110 s
1202 2057 1226 2115 0
1240 2073 1316 2122 crux,
1335 2075 1346 2110 s
1360 2055 1457 2128 inquit,
1473 2055 1541 2111 rdin
1553 2054 1627 2111 desi-

94 2145 228 2218 siquidem
251 2144 436 2202 conversionis
458 2160 516 2201 suae
543 2144 620 2201 initio
647 2161 778 2218 magnum
832 2145 934 2214 demta,
951 2145 1045 2216 etjam
1069 2145 1269 2218 concupiscenti
1290 2144 1380 2200 animo
1394 2141 1565 2216 praeparatal
1583 2158 1629 2197 se·

83 2233 194 2292 erfectae
207 2233 367 2292 obedieutiae
395 2241 505 2306 praestat
519 2234 682 2307 exemplum.
697 2232 778 2303 Quod
833 2250 915 2291 cums
930 2241 959 2292 et
971 2235 1094 2309 gaudens
1110 2234 1189 2291 tenio
1204 2234 1238 2291 ad
1253 2243 1279 2291 te
1292 2250 1299 2303 ;
1314 2233 1351 2289 ita
1366 2241 1396 2290 ut
1410 2240 1438 2289 ει
1447 2239 1476 2288 tu
1492 2232 1630 2289 exsultans

82 2340 91 2379 ι
105 2322 265 2381 Christianis
287 2322 413 2379 omnibus
428 2321 625 2395 necessarium,
639 2323 718 2380 nobis
735 2333 778 2379 ta-
831 2323 966 2400 supoipias
978 2338 1033 2391 me,
1053 2323 1214 2397 discipulum
1229 2323 1300 2394 eins,
1325 2321 1372 2395 qui
1391 2321 1523 2394 pependit
1541 2320 1569 2376 in
1583 2327 1629 2392 te;

83 2418 97 2468 t
118 2411 225 2469 charius
239 2411 464 2485 amplectendum,
487 2411 534 2484 qni
562 2411 688 2487 nimirum
713 2427 778 2484 spo·
833 2413 895 2485 qnia
910 2422 1016 2469 amator
1030 2419 1092 2469 tuus
1104 2428 1211 2487 semper
1224 2411 1273 2477 fui,
1289 2421 1316 2468 et
1331 2410 1486 2468 desiderati
1501 2409 1627 2482 amplecti

95 2516 128 2558 ct
143 2501 201 2571 ipsa
216 2500 384 2570 professione
399 2507 491 2556 nostra
504 2509 625 2557 tenemur
645 2501 777 2557 obedien·
833 2508 868 2556 te.
889 2521 903 2554 c
919 2500 1046 2567 Obsecro,
1063 2500 1171 2568 iratres,
1187 2500 1270 2556 homo
1292 2508 1336 2557 εει
1352 2499 1399 2571 qui
1413 2498 1531 2572 loquitur
1546 2497 1628 2554 baecf

83 2587 182 2646 litores.
198 2588 312 2661 Sapiens
330 2588 527 2645 nummularius
551 2587 645 2661 [alica
670 2605 777 2645 merca·
832 2605 866 2644 an
885 2605 939 2645 non
954 2596 996 2644 cst
1011 2590 1102 2658 bomo,
1118 2589 1167 2644 sed
1183 2587 1308 2663 angelus,
1324 2597 1369 2645 aut
1377 2602 1446 2643 nota
1456 2585 1546 2659 aliqua
1559 2601 1631 2642 crea·

83 2716 97 2746 .,
112 2677 248 2747 iutoipsa,
265 2676 411 2749 Sapientia,
440 2676 485 2733 cni
514 2693 627 2734 necesse
651 2679 779 2735 babemus
833 2682 916 2736 tnra‘i
943 2676 1031 2733 Homo
1054 2676 1134 2749 plane
1157 2676 1253 2733 similis
1279 2676 1369 2746 nobis,
1400 2674 1546 2747 passibilis.
1561 2675 1629 2731 Nam

83 2766 186 2823 shunc
209 2765 366 2821 obedientie
389 2781 549 2838 nummum3
576 2781 627 2823 nec
650 2766 779 2839 suscipiet
833 2767 1064 2840 passibilemeum
1083 2766 1173 2838 passio
1187 2767 1245 2839 ipsa
1265 2775 1385 2835 testatm,
1401 2781 1455 2840 qua
1480 2765 1629 2837 appropin-

83 2851 118 2910 isi
132 2861 159 2909 et
177 2853 281 2925 integer
299 2853 458 2923 inveniatur,
471 2861 499 2909 et
512 2853 571 2910 sine
584 2854 676 2926 aliqua
701 2854 777 2911 falsi·
831 2867 932 2930 quanto
963 2862 1017 2913 tant
1050 2857 1218 2913 letabundus
1245 2857 1369 2913 exsultat
1403 2856 1482 2914 Unde
1511 2869 1578 2929 ergo
1601 2854 1629 2909 in

83 2958 128 2999 am
151 2940 175 2998 si
189 2941 360 3010 discutimus,
377 2940 400 2996 si
415 2940 608 3013 dijudicamus,
624 2950 653 2998 et
676 2941 703 2997 in
728 2944 780 3001 hoc
833 2945 943 3003 homine
969 2958 1040 3002 nora
1067 2946 1126 3000 laec
1143 2945 1303 3012 exsultatio,
1327 2953 1355 3001 et
1386 2941 1478 3000 tactus
1498 2942 1630 2998 hactenus

82 3048 89 3086 t
104 3039 239 3104 precepto
255 3029 408 3101 obedimus,
428 3031 475 3087 sed
486 3045 540 3086 non
555 3029 583 3085 in
598 3030 644 3087 illo
656 3049 663 3098 ;
679 3029 780 3088 fractus
794 3028 817 3107 c
832 3034 976 3090 inaudita?
986 3032 1064 3090 Unde
1077 3032 1106 3088 in
1120 3040 1193 3089 tanta
1207 3033 1353 3106 fragilitate
1365 3038 1442 3089 ιειιιε
1454 3029 1629 3088 mustantiai

83 3135 182 3187 umus,
211 3135 266 3175 non
288 3119 418 3191 suscipiet
436 3135 498 3174 eum
526 3118 698 3190 Christus,a
725 3136 779 3195 quc
832 3122 908 3180 Unde
926 3124 955 3179 in
970 3123 1081 3179 bomine
1105 3128 1158 3177 tam
1177 3121 1325 3195 spiritualis
1343 3135 1430 3190 mens,
1449 3126 1504 3175 tant
1523 3116 1630 3174 fervens

83 3224 106 3264 m
127 3216 250 3266 tenemur
275 3207 385 3273 nummi,
415 3223 470 3264 non
489 3207 577 3275 fracti,
607 3210 654 3265 sed
682 3208 779 3282 integri
832 3210 957 3280 charitas,
971 3209 1078 3267 animus
1104 3217 1160 3266 tam
1179 3209 1331 3266 robustuai
1346 3207 1426 3264 Absit
1448 3214 1509 3263 uta
1526 3221 1555 3261 se
1569 3204 1629 3277 ipso

83 3313 124 3354 es.
138 3296 241 3354 Omnes
265 3296 336 3353 enim
362 3295 544 3352 obedientiam
568 3296 736 3368 simpliciter,
752 3309 778 3356 et
832 3305 930 3356 unum
955 3299 981 3354 ei
1003 3296 1146 3354 credamus
1163 3297 1255 3354 inesse
1275 3294 1417 3354 virtutem!
1445 3294 1553 3351 Donum
1567 3309 1630 3364 per-

83 3387 279 3461 laexceptione
296 3385 480 3458 promisimus.
495 3384 573 3456 Quod
590 3387 689 3459 siquis
714 3387 778 3445 obe·
832 3386 930 3443 fectum
949 3393 1000 3454 est,
1030 3385 1228 3443 descendensa
1253 3385 1332 3442 Patre
1359 3384 1504 3452 luminum,
1533 3381 1567 3437 ab
1595 3397 1629 3439 co

83 3476 164 3542 Mem,
180 3476 228 3532 sed
242 3474 407 3531 simulatorie
422 3474 505 3535 etad
520 3475 639 3547 oculum,
656 3493 778 3534 murmu-
831 3476 924 3549 ntique
936 3476 984 3551 qui
1000 3474 1062 3533 iacit
1071 3473 1204 3531 mirabilia
1218 3490 1316 3549 magna
1330 3475 1413 3530 solus.

83 3579 125 3623 ant
137 3564 166 3620 in
180 3563 339 3620 abscondito
355 3581 361 3619 :
375 3562 458 3619 falsus
473 3569 515 3619 est
541 3580 669 3619 nummus
692 3564 753 3636 ejus
768 3585 775 3633 ;
866 3567 893 3621 t.
909 3565 993 3621 Plane
1007 3563 1117 3635 spiritus
1138 3574 1208 3630 erat,
1234 3563 1409 3630 dilectissimi,
1424 3563 1471 3636 qni
1485 3562 1629 3633 adjuvabat

83 3668 121 3710 tm
134 3653 223 3719 babet,
248 3668 302 3708 non
331 3660 483 3725 argentum,
500 3660 527 3708 et
550 3651 677 3727 iniquitas
701 3656 778 3713 sedet
831 3652 1012 3710 infirmitatem
1028 3654 1098 3724 ejus,
1118 3668 1266 3726 perquem
1289 3651 1491 3708 diffundebatur
1504 3650 1532 3706 in
1547 3650 1630 3707 corde

83 3743 206 3800 talamum
221 3740 586 3815 plumbi.1)olosesgit,sed
605 3743 778 3817 inconspectu
831 3743 914 3815 ipsius
927 3742 1044 3799 charitas
1069 3742 1148 3799 fortis
1163 3749 1193 3797 ut
1205 3756 1288 3808 mors,
1305 3739 1359 3794 into
1382 3748 1409 3795 ει
1424 3736 1519 3795 fortior
1533 3748 1628 3796 morte.

83 3831 186 3889 aoniam
203 3830 277 3886 Deus
291 3846 346 3886 non
357 3829 493 3887 irridetur.
831 3831 926 3903 Cuius,
941 3845 958 3889 o
972 3831 995 3888 si
1006 3840 1033 3888 ει
1050 3845 1101 3887 nos
1115 3828 1260 3902 participes
1270 3825 1454 3885 inveniamurl
1470 3826 1543 3884 Ecce
1558 3827 1629 3884 enim

83 3918 210 3978 &audire
224 3919 348 3992 perlectae
362 3918 524 3976 obedientie
547 3917 686 3976 formam?
706 3920 778 3978 Vidit
831 3920 962 3978 molestus
975 3926 1017 3979 cst
1030 3917 1111 3974 nobis
1134 3913 1300 3988 peanitentiae
1322 3916 1408 3984 labor,
1423 3915 1545 3989 corporis
1558 3915 1630 3972 aflli-

83 4025 124 4081 ιιι,
138 4009 176 4065 ait
190 4007 367 4084 euangelista,
384 4010 503 4064 Petram
517 4013 546 4065 ct
560 4010 702 4067 Aodrccm
713 4011 778 4067 mit·
831 4010 884 4066 ctio
896 4005 998 4083 pratis,
1015 4004 1177 4062 abstinentia
1190 4020 1314 4062 onerosa.
1335 4004 1366 4060 ln
1380 4002 1479 4078 vigiliis
1502 4005 1631 4062 dormitat

85 4103 145 4158 rete
164 4100 295 4162 iactare
307 4098 383 4155 etcit
393 4097 468 4154 illis:
486 4098 582 4156 Vertite
593 4103 716 4171 postme,
728 4102 777 4167 tc·
831 4096 919 4153 anima
934 4102 1028 4151 nostra
1041 4110 1099 4166 prae
1120 4094 1214 4162 taedio,
1229 4109 1282 4150 non
1298 4094 1333 4150 ob
1357 4093 1431 4150 alind
1453 4108 1528 4161 sane,
1547 4107 1630 4165 quam

83 4188 187 4259 utfieri
198 4187 352 4260 piscatores
366 4187 528 4245 bominum.
545 4186 662 4259 Faciant,
679 4185 777 4261 inquit,
831 4192 943 4258 propter
971 4184 1090 4256 inopiam
1119 4184 1244 4256 spiritus.
1263 4183 1324 4254 lpse
1352 4182 1425 4237 enim
1449 4179 1472 4236 si
1498 4180 1628 4248 adesset,

83 4275 207 4332 actoribus
221 4274 381 4346 piscatores,
401 4274 455 4331 imo
471 4275 718 4346 praedicatoresdt
732 4276 779 4334 illi
831 4272 972 4347 adiuvaret
1003 4274 1063 4328 sine
1095 4272 1178 4330 dubio
1205 4271 1385 4328 infirmitatem
1416 4277 1536 4327 nosuam
1562 4287 1569 4324 :
1603 4276 1630 4326 et

83 4379 123 4434 tc,
138 4363 204 4419 nihil
219 4363 403 4434 dijudicantes
415 4375 461 4422 aut
473 4362 638 4434 hesitantes,
654 4380 708 4422 non
722 4366 777 4422 sol·
832 4364 902 4420 sicut
919 4363 999 4422 beato
1023 4362 1137 4418 Andreae
1155 4376 1263 4419 crucem
1294 4370 1322 4416 et
1346 4365 1459 4415 morum
1478 4358 1576 4429 ipsam,
1592 4359 1630 4414 sic

83 4450 132 4509 nde
141 4452 331 4519 viverent,uon
343 4452 548 4510 considerantes
557 4453 684 4524 quoniam
696 4453 777 4512 modo
832 4452 911 4508 uobis
924 4466 1034 4525 quoquc
1049 4453 1181 4519 laborem,
1197 4458 1223 4506 et
1247 4447 1433 4524 poenitentum
1454 4454 1575 4504 nostram
1590 4447 1629 4502 fa·

86 4540 210 4599 homines
235 4549 263 4597 et
286 4541 344 4597 sine
372 4541 469 4598 litteris
499 4540 691 4612 predicatores
719 4541 777 4599 deri
832 4549 914 4607 aeret,
928 4555 984 4597 non
999 4540 1088 4596 solum
1102 4553 1155 4596 non
1171 4539 1334 4605 modestam,
1354 4537 1401 4592 sed
1424 4535 1505 4592 etiam
1523 4535 1630 4593 deside·

83 4637 114 4701 t;
143 4629 208 4685 nihil
237 4629 354 4701 denique
384 4628 592 4703 interrogantes,
619 4631 678 4688 sine
704 4633 778 4689 omui
832 4629 954 4693 rabilem,
968 4636 1051 4700 atque
1072 4627 1183 4683 omnino
1202 4624 1392 4683 delectabilem
1415 4640 1485 4682 esse.
1504 4625 1629 4698 Spiritus

83 4718 175 4778 ettctts
184 4718 291 4775 retibus
299 4721 328 4774 et
338 4718 501 4776 asciscente·
512 4722 580 4776 cunt
588 4718 775 4790 eamlldattb.
832 4719 908 4777 caim
923 4733 1012 4784 mm,
1032 4716 1069 4772 ait
1082 4716 1224 4783 Dominus,
1243 4732 1328 4790 saper
1340 4715 1399 4773 mel
1421 4714 1514 4771 duleis
1528 4712 1628 4785 (dccli.

83 4809 141 4877 ill).
158 4807 315 4880 agnoscite,
332 4805 439 4872 fratres,
456 4806 587 4878 qnoniam
603 4816 714 4882 propter
728 4825 778 4867 ros
831 4823 887 4874 xiv,
901 4805 964 4880 ἵης
976 4804 1013 4861 ita
1027 4813 1056 4862 ut
1070 4821 1105 4861 ne
1127 4802 1187 4876 ipsa
1200 4803 1308 4877 quidem
1326 4801 1464 4860 dulcedini
1478 4802 1538 4873 ejus
1556 4817 1628 4874 prae-

83 4898 182 4953 sannis
205 4897 232 4952 in
261 4896 384 4953 Ecclesia
416 4892 529 4953 tuot
554 4895 719 4963 recitantur,
748 4907 778 4953 ut
832 4896 921 4952 valere
939 4902 1036 4967 queat,
1053 4893 1221 4950 amarissima
1241 4892 1321 4959 licet,
1342 4889 1439 4946 mortis
1466 4889 1628 4946 amaritudo.

83 5002 113 5044 cs
131 5003 203 5044 teras
216 4985 378 5043 obedientie
393 4985 519 5054 formam,
539 4984 675 5060 castigetis
693 4986 778 5043 corda
831 4981 902 5053 Quid
917 4996 971 5040 non
982 4982 1143 5052 temperabit
1157 4981 1203 5037 illa
1213 4979 1337 5049 dulcedo,
1353 4994 1416 5051 quae
1430 4988 1547 5035 mortem
1560 4992 1630 5065 quo·

86 5074 115 5135 in
141 5073 295 5132 obedientia
322 5073 472 5131 charitatis.
489 5074 552 5130 llaec
585 5074 712 5131 nimirum
736 5083 778 5133 est
832 5088 885 5146 que
908 5072 971 5128 facit
996 5087 1059 5128 esse
1087 5068 1296 5128 dulcissimam?
1310 5083 1371 5142 quae
1392 5067 1520 5124 resistere
1543 5066 1629 5139 possit

83 5162 298 5221 lacommendat
312 5161 631 5230 obedientiaeuummum,
647 5162 778 5222 bucillius
831 5160 960 5234 asperitas
992 5159 1112 5216 unctioni
1142 5159 1199 5225 illi,
1220 5173 1281 5231 quta
1301 5167 1415 5215 mortem
1436 5172 1545 5228 quoqtm
1568 5155 1631 5213 iacit

83 5268 121 5310 tm
135 5260 177 5310 εει
191 5255 335 5325 probatum
357 5264 437 5327 atque
454 5262 609 5326 purgatum.
625 5252 686 5310 Sola
705 5254 776 5311 enim
831 5248 1119 5307 suavissimantdnm
1129 5245 1627 5318 dedemaitddecttssntsccmanm,

83 5342 163 5413 ritas,
179 5358 241 5415 qnae
266 5341 444 5399 obedientiam
462 5350 564 5417 gratam
585 5341 647 5398 facit
661 5352 687 5398 ει
701 5359 778 5400 εεεε-
832 5355 893 5398 cecc
916 5337 1066 5395 hereditas
1086 5338 1196 5394 Daradrai
1215 5336 1302 5408 (Psoi.
1323 5350 1415 5402 cxxvi,
1441 5338 1468 5404 Ξ,
1482 5335 1518 5399 ³).
1543 5330 1629 5402 Quam

83 5448 105 5488 nt
120 5431 187 5489 Deo.
204 5434 329 5490 ilitcrem
344 5431 445 5505 quippo
456 5432 585 5490 dotorem
598 5430 695 5504 dilicit
703 5434 778 5489 Dens
832 5426 981 5486 molestiam
1004 5440 1059 5482 non
1079 5426 1195 5496 expellet
1214 5424 1344 5502 gandium
1358 5423 1435 5490 illud,
1453 5421 1528 5494 quod
1549 5436 1628 5478 mor-

85 5537 147 5594 .tx,
161 5522 201 5593 l).
215 5522 250 5578 Et
262 5520 328 5579 item
343 5538 350 5579 ε
368 5522 398 5579 Si
422 5521 576 5593 tradidero,
597 5520 694 5595 iuquit,
710 5537 775 5582 cor-
830 5525 886 5577 tetn
913 5530 1023 5590 qnoque
1050 5514 1136 5588 ipsam
1160 5513 1225 5573 facit
1248 5512 1437 5573 laetissimam?
1465 5510 1625 5584 Quaeramus
