3734 5948
52 162 121 278 roos
676 207 892 270 SERblONssSlN
911 205 1060 267 mutina,
1626 202 1696 277 1005

50 358 114 401 cum
125 337 257 413 apostolo
269 333 391 408 possint:
405 330 513 390 Cltristi
525 333 603 390 enirn
617 332 703 392 tonna
717 335 785 394 odor
799 352 847 393 sn·
861 349 889 430 ⁸
902 339 1083 406 praepostems
1106 332 1174 390 ordo
1192 340 1245 402 est,
1258 323 1324 392 vatate
1344 335 1470 394 'meritum
1492 338 1602 415 exigere
1621 355 1695 416 pra·

51 450 117 489 nans
132 433 184 488 uea
198 431 229 486 in
247 426 326 486 omni
340 427 398 482 loco
412 423 451 495 (ll
474 423 535 481 Car.
561 437 591 489 ιι,
617 421 671 495 lb).
697 424 847 495 Cypressus
901 421 994 492 mium,
1010 430 1038 477 et
1060 428 1122 477 ante
1149 421 1269 479 laborem
1296 438 1404 480 sumere
1427 424 1527 497 cibum,
1543 444 1603 485 cnm
1625 430 1697 487 dicat
1735 467 1738 476 -

52 523 127 587 item,
156 517 218 574 boni
245 530 322 588 aque
350 513 441 569 odoris
469 518 496 567 et
522 510 689 592 imputribile
721 512 848 589 similitor
899 509 1595 588 Apostolus:Quinanioiorntnortmandaaetlll
1605 518 1695 577 lbest.

10 596 11 612 ³
52 610 167 686 lignum,
182 608 346 676 incorrupta
361 602 421 658 vitae
439 600 543 658 etlidei
565 601 645 658 etiam
665 601 792 674 quemvis
813 602 847 658 de
902 613 943 664 ιιι,
969 599 1061 669 luti
1084 600 1231 656 mandatis
1254 603 1311 660 tais
1331 603 1478 672 intellexi,
1500 603 1587 677 inquit
1608 607 1695 676 (Psoi.

53 700 126 756 clero
147 697 245 752 debere
268 708 327 750 esse
346 692 520 757 demonstrat,
536 698 566 747 ut
580 690 674 747 merito
689 693 780 748 decori
794 692 848 748 do·
901 702 1000 755 ιιιιιιι,
1024 685 1087 758 ιιι)
1103 702 1109 742 :
1125 695 1154 742 nt
1169 687 1248 755 scias,
1264 689 1317 747 nisi
1336 690 1496 749 obedientiae
1511 694 1698 752 mandatorum

54 802 115 841 mus
129 799 159 839 ac
173 781 339 854 laquearium
354 780 460 837 ornatui
480 778 631 851 deputetur.
652 779 787 852 Scriptum
809 787 849 835 est
902 775 1136 846 contemplationis
1165 787 1273 849 gustum
1301 779 1409 851 penitus
1432 797 1486 836 non
1511 782 1614 838 deberi.
1638 784 1699 842 Non

55 876 126 931 enim
144 877 284 929 :Domnrn
299 874 382 926 luam
395 869 474 926 decet
487 868 660 936 sanctitudo,
675 871 801 936 Domine,
816 870 849 925 in
902 864 983 939 igitur
997 876 1079 938 putes
1097 867 1131 920 de
1155 867 1270 937 propriae
1291 883 1382 923 amore
1397 869 1505 940 quietis,
1521 882 1621 928 sanctae
1637 873 1701 929 obe·

126 964 131 975 '
166 960 385 1017 discordiarum
411 959 485 1015 Psoi.
510 972 568 1013 xctt
604 957 713 1014 suoi
735 973 800 1014 sane
822 965 850 1013 et
903 953 1013 1009 dientiae
1042 953 1147 1008 aclibus
1190 955 1360 1013 seniorumve
1387 958 1574 1016 traditionibus
1620 978 1632 1016 r
1660 962 1701 1005 '-

55 965 240 1111 ffltilgoniae
264 1050 356 1112 decos,
371 959 595 1103 ot(indelicientis
610 957 704 1119 gratim
722 1062 850 1118 expressa
903 1041 1001 1098 dicium
1020 999 1161 1097 ullatenus,
1177 1042 1336 1099 laciendum.
1358 1045 1484 1116 Alioquin
1508 1064 1562 1103 non
1586 977 1702 1107 alirffit

10 1098 16 1233 ἶ
55 1139 252 1212 perseverantia
270 1147 320 1195 est.
336 1137 450 1208 Oportet
473 1151 539 1207 ergo
561 1135 661 1202 virum,
678 1136 724 1207 qui
747 1137 781 1190 ad
802 1151 850 1192 or·
905 1138 992 1187 tecum
1014 1146 1132 1202 sponsus
1158 1131 1185 1185 in
1209 1133 1279 1188 lecto
1305 1149 1358 1190 uno
1382 1133 1477 1206 latias,
1504 1137 1601 1194 lectulo
1624 1139 1699 1212 unol,

56 1240 209 1286 nomentum
239 1234 266 1283 et
291 1227 419 1282 decorem
445 1223 593 1280 assumitur
627 1226 743 1291 doinus,
772 1224 853 1282 bonis
904 1218 951 1275 illo
969 1219 1130 1289 prasertim,
1147 1234 1226 1292 quern
1252 1220 1298 1275 tibi
1323 1237 1372 1293 pro
1391 1223 1551 1278 obedientiae
1575 1223 1701 1290 floribus,

57 1327 180 1373 ornatum
205 1315 326 1372 moribus
347 1328 427 1370 esse:
443 1320 470 1368 ot
483 1311 607 1384 quamvis
622 1327 729 1384 semper
743 1312 802 1383 ipse
817 1313 853 1368 sit
906 1308 1001 1365 cicutis
1013 1317 1095 1381 atque
1109 1309 1202 1364 urticis
1216 1309 1408 1367 inobedientiae
1422 1313 1571 1383 aspersisti,
1588 1314 1703 1386 Propter

10 1388 18 1431 ¹
56 1405 135 1474 intus,
150 1408 250 1462 ιιοιιιιιιι
266 1409 355 1458 tamen
381 1399 561 1457 testimonium
586 1399 685 1457 habere
707 1409 734 1456 et
754 1401 789 1455 ab
810 1400 853 1456 his
907 1399 980 1471 quod
1000 1413 1055 1454 non
1078 1397 1203 1455 exaudiet
1225 1399 1359 1456 orationes
1377 1409 1452 1469 tuas,
1468 1412 1630 1476 vocatusque
1643 1419 1697 1462 non

10 1470 19 1530 1
58 1495 103 1568 qni
131 1494 195 1551 loris
218 1500 291 1553 sunt.
311 1492 380 1550 Sunt
404 1495 431 1546 et
456 1489 510 1545 alia
537 1487 564 1542 in
593 1495 691 1545 natura
717 1488 851 1561 lignorum
906 1486 994 1544 veniet
1011 1504 1018 1540 :
1035 1500 1084 1542 nec
1107 1485 1180 1541 enim
1195 1486 1270 1542 dabit
1284 1487 1451 1545 inobedienti
1465 1491 1570 1562 copiam
1585 1491 1627 1548 sui
1642 1501 1701 1550 tan·

10 1552 20 1611 Ι
58 1585 153 1637 borum
168 1578 348 1651 competentia
366 1577 417 1647 bis,
431 1592 492 1648 quae
515 1573 689 1648 spiritualiter
712 1575 852 1632 disserun·
908 1583 953 1631 tus
975 1575 1139 1631 obedientiae
1162 1584 1277 1642 amator,
1292 1584 1321 1633 ut
1343 1576 1431 1649 (alias
1452 1578 1510 1652 qui)
1531 1581 1601 1637 mori
1622 1597 1703 1654 quam

10 1641 21 1701 ᾗ
59 1677 101 1726 tur
117 1688 124 1725 ε
141 1670 190 1726 sed
204 1666 341 1728 brevitatis
354 1682 438 1724 causa
452 1671 594 1736 praetereo.
908 1678 962 1720 non
976 1663 1086 1721 obedire
1099 1663 1230 1720 maluerit.
1247 1664 1299 1721 Sed
1315 1682 1403 1738 oeque
1424 1670 1557 1739 approbat
1570 1675 1624 1726 tute
1638 1686 1704 1727 con·

10 1730 22 1789 ff
94 1761 121 1814 ι.
136 1758 288 1816 Notandum
309 1772 372 1815 vero
396 1755 508 1829 pulchre
530 1768 638 1810 omnem
652 1752 779 1810 Ecclesiae
797 1760 853 1809 ste·
908 1751 1089 1824 templationis
1103 1753 1182 1809 inane
1199 1754 1293 1822 otium,
1309 1755 1354 1827 qni
1367 1755 1434 1812 dicit
1452 1772 1501 1828 per
1519 1759 1701 1829 prophetam:

10 1830 22 1895 Ι
60 1853 116 1902 tum
140 1846 214 1902 brevi
231 1861 284 1902 uno
299 1842 433 1902 versiculo
447 1843 670 1914 comprehensum
684 1859 691 1912 3
705 1841 853 1898 auctorita·
908 1841 1050 1913 Laterani,
1080 1844 1225 1899 sustinens
1246 1842 1362 1912 (terena.
1389 1860 1427 1910 rr,
1453 1845 1517 1915 ll);
1546 1846 1704 1919 significans

10 1914 22 2009 ,Ι
49 1941 114 1990 'tem
129 1933 231 1992 scilicet
252 1932 436 2005 prelatorum,
452 1929 515 1990 cleri
534 1930 629 1999 decos,
653 1929 747 2002 populi
768 1928 854 1986 disci·
911 1940 1026 2002 tempus,
1040 1944 1094 2003 quo
1109 1931 1184 1986 exsul
1204 1932 1273 1987 coeto
1296 1940 1323 1986 et
1340 1933 1442 2004 patria,
1458 1948 1571 1988 summae
1594 1934 1703 2008 quietis,
1730 1991 1738 2002 ,

10 2010 21 2053 ¹
59 2022 170 2098 plinanr,
187 2024 381 2094 monachornm
404 2021 532 2094 quietem.
556 2020 587 2076 ln
607 2021 702 2077 borum
730 2035 853 2093 prorsus¹
908 2028 1033 2091 operatus
1047 2026 1088 2075 est
1102 2019 1217 2075 salutem
1240 2018 1269 2075 in
1294 2021 1384 2077 medio
1403 2030 1493 2078 terrae.
1507 2023 1596 2096 Magis
1614 2031 1704 2079 autem

10 2084 19 2141 ³
59 2128 123 2170 curn
138 2121 211 2169 recto
231 2122 293 2168 sunt
314 2108 413 2177 omnia,
428 2118 518 2167 muna
532 2106 854 2166 materiiaclesiaconsi·
908 2125 1014 2178 vereor,
1030 2125 1063 2164 ne
1078 2115 1103 2165 te
1121 2125 1230 2181 quoque
1246 2108 1366 2166 involvat
1388 2107 1563 2167 formidolosa
1581 2110 1625 2166 illa
1640 2098 1705 2169 sen}

10 2180 17 2228 ¹
59 2201 201 2258 damtione
216 2202 331 2268 tantur,
343 2209 370 2255 et
384 2211 448 2256 tunc
460 2213 493 2254 ea
507 2212 617 2271 quoque
631 2197 712 2255 oilert
726 2198 856 2253 intuenda
908 2198 1001 2263 tentia,
1026 2197 1063 2252 ita
1085 2196 1211 2254 intonans
1230 2197 1256 2252 in
1280 2195 1419 2269 perfidiam
1438 2198 1593 2255 ludaeorum
1604 2191 1617 2254 ’τ
1632 2200 1705 2259 Neo·

10 2274 13 2310 '
57 2292 247 2357 dilecto,cnm
270 2290 392 2358 adeius,
417 2295 553 2359 tamquam
579 2286 699 2343 omnium
727 2286 853 2355 auctoris,
907 2287 1017 2343 naenias
1032 2285 1322 2355 sacrasanctam,
1337 2292 1364 2343 et
1378 2286 1634 2357 festivitatesalt'as
1648 2301 1706 2345 non

59 2378 144 2436 rolert
167 2378 256 2433 omnia
278 2374 387 2433 tw
405 2378 560 2444 bonitatem,
576 2373 644 2430 nihil
667 2373 719 2430 sibi
736 2391 768 2430 ex
792 2392 854 2431 om·
908 2375 1017 2446 teram;
1032 2375 1094 2431 item
1111 2374 1267 2432 :colendas
1281 2379 1388 2433 cestros
1401 2381 1430 2432 et
1443 2377 1635 2436 solemnitates
1648 2391 1714 2434 uas·-

57 2466 143 2521 nibus
158 2465 287 2519 tribuens.
302 2464 373 2519 Nam
387 2463 460 2536 qnod
475 2463 522 2533 ait,
533 2467 626 2519 noster
640 2466 854 2531 staturarum,
910 2469 970 2520 tras
979 2463 1038 2521 adit
1048 2464 1146 2520 anima
1159 2479 1233 2531 mea,
1243 2466 1324 2536 facta
1334 2465 1486 2521 santmiln'
1498 2467 1617 2522 molada
1628 2465 1704 2534 (lsai.

62 2570 120 2609 uon
141 2552 324 2624 usurpationis
338 2559 379 2608 est
392 2551 511 2623 siguum,
526 2552 574 2606 sed
593 2549 766 2608 dilectionis:
783 2551 857 2622 quod
910 2568 930 2624 ι,
948 2555 991 2619 ts,
1009 2554 1063 2625 ιι).
1084 2554 1117 2608 Et
1140 2552 1244 2625 lugebit
1268 2569 1348 2622 super
1368 2565 1393 2610 te
1414 2556 1556 2625 propheta,
1572 2565 1600 2610 et
1612 2553 1705 2609 dicet:

59 2642 153 2698 nimiae
178 2640 302 2698 videlicet
326 2639 422 2697 fiducia
444 2639 591 2711 charitatis,
606 2639 673 2695 nihil
692 2641 761 2712 ejus,
778 2657 856 2713 quem
916 2643 1049 2702 Viderunt
1072 2658 1134 2699 earn
1155 2643 1256 2710 testes,
1271 2646 1300 2697 cl
1322 2640 1486 2701 deriserunt
1507 2643 1624 2699 sabbato
1646 2645 1707 2715 ejas

57 2732 141 2792 valde
162 2730 260 2804 diligit,
278 2745 294 2783 a
312 2745 342 2785 se
360 2730 475 2785 aestimet
495 2727 623 2785 ahenum.
646 2729 702 2786 Neo
729 2730 800 2786 enim
829 2746 858 2786 se
911 2733 1025 2802 llorere.
1042 2747 1062 2801 ι,
1074 2733 1113 2802 ι).
1130 2731 1184 2787 Cur
1197 2732 1269 2787 enirn
1285 2731 1359 2804 quod
1373 2732 1488 2789 dilectus
1502 2733 1637 2806 repudiat,
1654 2746 1709 2788 non

58 2818 155 2893 sponsi
170 2817 359 2882 coutubernio,
376 2824 421 2872 aut
440 2816 539 2888 qnietis
553 2820 613 2886 eius
628 2825 703 2889 putot
716 2819 857 2875 arcendam
912 2820 1020 2876 irrideat
1032 2820 1166 2877 inimicus.
1700 2894 1703 2899 .

58 2909 208 2975 consortio,
229 2923 290 2979 quae
306 2923 412 2978 semper
427 2922 481 2963 nou
500 2922 561 2979 quae
576 2921 634 2976 sua,
650 2907 700 2962 sed
713 2923 773 2981 quae
787 2908 897 2991 illisae
947 2912 974 2967 6.
989 2912 1070 2966 ιιιιοι
1094 2911 1169 2967 valde
1189 2909 1386 2981 impudentiam
1404 2910 1555 2983 aliquorum
1576 2910 1621 2983 qui
1641 2909 1710 2965 inter

60 3007 137 3064 sunt,
151 3013 272 3069 quaerere
286 2996 426 3055 consuevit
441 3014 448 3055 :
466 3005 492 3052 et
505 2996 563 3052 baec
585 3006 674 3066 causa,
691 3013 741 3054 cur
761 2998 813 3055 sibi
833 3005 860 3054 et
913 3014 962 3055 nos
976 3007 1048 3066 sunt,
1064 2998 1120 3071 qui,
1141 3016 1203 3057 cum
1216 3014 1312 3054 omnes
1325 3016 1376 3055 nos
1390 3015 1438 3053 sua
1452 2998 1637 3070 singularitate
1651 3006 1711 3052 tnr-

60 3102 166 3159 sponso
185 3086 275 3154 simul,
301 3085 358 3144 sive
380 3086 520 3154 lectulum,
536 3085 595 3145 sive
617 3088 715 3142 domos
738 3101 805 3144 ansa
825 3088 861 3142 sit
914 3088 1052 3160 bevenot,
1077 3105 1126 3144 sua
1148 3088 1317 3159 impatientia
1344 3086 1517 3153 irritaverint,
1540 3102 1592 3142 sua
1613 3093 1711 3143 coutu-

61 3176 239 3249 pronuntiare
250 3177 500 3232 communesliirit
511 3176 739 3233 enimtbectotns
749 3181 859 3247 nostem·
915 3177 1000 3234 macie
1027 3187 1054 3234 et
1080 3176 1227 3234 rebellione
1255 3175 1468 3247 contempserint
1490 3174 1584 3250 (ιιι),
1612 3176 1713 3233 audant

61 3266 190 3338 antiqno
203 3266 349 3325 domorum
359 3271 587 3333 nostrarumret,
600 3266 860 3338 taqaerianostra:
914 3265 1088 3324 nibilominus
1103 3267 1137 3322 ad
1160 3275 1213 3322 tam
1238 3266 1340 3323 loedum
1365 3264 1535 3322 conamentiae
1554 3280 1611 3322 sue
1630 3268 1713 3323 lectu·

61 3355 192 3411 audacter
216 3373 245 3411 se
268 3355 295 3410 in
318 3356 491 3427 possessione
514 3355 661 3423 associans,
677 3356 720 3412 eui
739 3356 862 3427 junctam
916 3358 969 3413 lum
985 3357 1059 3413 omni
1075 3355 1223 3412 orationum
1239 3355 1365 3411 instantia
1379 3354 1461 3412 totins
1474 3355 1600 3426 puritatis
1614 3354 1712 3412 Domi·

62 3462 121 3505 non
147 3446 294 3502 dubitatio
316 3461 416 3505 amore.
442 3447 503 3502 Non
525 3448 561 3504 ita
582 3447 637 3516 illa,
661 3463 722 3522 quae
744 3448 862 3522 propriae
916 3461 980 3503 num
994 3445 1117 3502 inritare.
1133 3446 1170 3502 at
1184 3444 1460 3512 concatenatione,
1477 3445 1639 3513 altmanus
1653 3459 1713 3502 aas·

62 3533 197 3596 voluntati
221 3536 339 3592 nondum
364 3535 571 3605 abrenuntiavit,
593 3538 642 3594 sed
666 3554 713 3611 per
736 3538 861 3609 scincet,
918 3540 988 3603 tras,
1004 3540 1132 3594 auertant
1146 3537 1239 3595 oculos
1253 3551 1339 3603 ancos,
1356 3538 1384 3592 et
1399 3550 1465 3590 corn
1478 3533 1716 3606 multiplicavera-

63 3641 117 3698 per
139 3640 167 3679 se
191 3624 292 3679 habitat
308 3641 314 3680 :
333 3625 418 3698 magis
441 3632 526 3681 autam
551 3641 605 3682 non
623 3642 671 3698 por
685 3643 725 3698 se,
740 3628 787 3683 sed
801 3643 864 3683 cum
918 3627 1132 3691 tisorntianent,
1141 3640 1199 3682 non
1207 3624 1360 3680 exaudiam
1369 3623 1471 3694 (isaim,
1482 3619 1618 3694 15).de
1628 3619 1716 3677 enimi

58 3712 256 3770 'meretricibus
271 3711 407 3769 luxuriose
424 3712 539 3771 vivendo
561 3723 745 3782 conversatur,
760 3730 864 3772 concu·
917 3714 1031 3770 lectulus
1045 3729 1101 3770 non
1114 3711 1287 3780 esttloridus,
1302 3713 1393 3783 magis
1402 3721 1490 3768 autem
1501 3717 1529 3765 et
1539 3709 1651 3784 putidus
1658 3716 1712 3777 este

64 3802 212 3875 piscantias
227 3801 325 3874 loquor
343 3802 444 3869 carnis,
459 3817 521 3858 cnm
543 3801 644 3874 quibus
661 3801 775 3874 dissipat
794 3803 865 3860 bona
918 3812 946 3860 et
961 3814 988 3860 ιιι
1003 3803 1067 3860 llluc
1078 3802 1180 3874 Regem
1197 3801 1292 3876 glorie
1306 3799 1414 3858 trahis?
1425 3799 1468 3856 to
1484 3800 1652 3872 pausandum
1665 3799 1717 3856 boc

64 3907 127 3960 sua,
143 3900 169 3947 et
182 3891 335 3963 portionem
350 3891 505 3948 substantiae
519 3907 600 3966 quam
614 3891 666 3949 sibi
681 3891 764 3950 dividi
773 3900 866 3967 postu·
919 3892 996 3959 lacis,
1010 3910 1044 3949 an
1066 3892 1100 3948 ad
1128 3892 1317 3948 causandum?
1340 3890 1468 3949 Centurio
1491 3898 1561 3947 vetat
1582 3890 1657 3947 illurn
1676 3885 1718 3947 in*-

64 3981 133 4038 larit
146 3980 225 4053 (Luc.
239 3997 288 4050 ιιι,
306 3984 349 4049 ιι,
372 3982 428 4053 ιι).
919 3991 991 4039 trare
1011 3983 1062 4039 sub
1077 3986 1177 4038 tectum
1195 3997 1274 4039 suum
1295 3992 1404 4056 propter
1418 3995 1494 4036 suam
1518 3979 1717 4054 iudignitatem,

106 4073 132 4126 5.
162 4070 295 4127 Caeterum
324 4077 352 4127 tu
380 4070 429 4145 qui
456 4071 505 4128 iras
533 4069 650 4146 Spiritus
675 4071 760 4129 sancti
787 4084 867 4132 voees
921 4073 1001 4143 enjus
1016 4078 1105 4127 tamen
1119 4069 1187 4128 tides
1205 4070 1233 4127 in
1249 4069 1375 4127 universo
1390 4069 1493 4127 redolet
1505 4069 1587 4126 lsrael
1602 4066 1716 4140 (aaran.

67 4156 149 4217 audis
161 4158 204 4217 rel
218 4159 297 4233 logis,
312 4168 426 4234 putasne
440 4160 528 4234 aliqua
544 4162 639 4219 borum
653 4177 715 4235 quae
729 4161 865 4230 dicuntur,
920 4178 981 4230 van,
997 4166 1024 4235 8,
1041 4160 1103 4232 to):
1119 4167 1146 4217 et
1162 4168 1191 4217 tn
1206 4160 1240 4217 ad
1261 4167 1286 4217 te
1301 4157 1442 4232 compellis
1456 4158 1568 4226 intrare,
1583 4165 1719 4214 tantorum

67 4248 163 4310 valeas
182 4249 317 4320 applicare
329 4250 396 4321 tibi,
415 4266 447 4307 ac
470 4252 504 4308 de
527 4250 653 4310 felicitate
675 4266 791 4324 sponse,
807 4267 867 4324 qum
882 4256 906 4335 ῃ
921 4251 1034 4308 sordens
1043 4247 1169 4321 spurcitia
1180 4243 1634 4319 vitiornthlamatapostolorum
1645 4242 1720 4315 prin·

68 4343 124 4397 hoc
138 4337 238 4393 amoris
253 4340 370 4396 carmine
385 4339 419 4395 ab
437 4341 498 4411 ipso
511 4341 613 4413 Spiritu
632 4343 748 4411 canitur,
764 4343 866 4415 aliquid
920 4357 984 4412 ceps
998 4359 1006 4396 ι
1022 4341 1078 4397 lici
1091 4355 1109 4394 a
1121 4335 1233 4402 ¹428
1243 4353 1298 4404 ane,
1314 4339 1441 4402 Domine,
1453 4335 1521 4407 qnia
1531 4333 1611 4391 bomo
1621 4348 1719 4407 pecca·

69 4439 265 4496 recognoscere
280 4425 307 4480 in
328 4430 483 4500 temetipso,
499 4445 534 4485 ne
556 4430 658 4489 dicatur
680 4443 707 4488 et
731 4432 788 4501 tibi,
805 4432 868 4506 quia
922 4435 966 4487 tor
979 4446 1042 4486 sam
1061 4430 1139 4503 (loc.
1154 4443 1181 4495 v,
1198 4427 1244 4500 8);
1263 4437 1288 4483 et
1305 4436 1333 4481 ιιι
1351 4425 1419 4481 dicis
1435 4441 1442 4479 ι
1458 4424 1530 4480 lntra
1544 4422 1578 4478 ad
1595 4437 1648 4491 me,
1663 4422 1719 4478 Do·

70 4528 168 4572 vocem
182 4516 241 4582 eius
255 4514 342 4584 audis,
359 4523 386 4571 et
400 4532 454 4572 non
469 4517 523 4574 scis
536 4520 606 4576 unde
629 4521 728 4591 veniat,
744 4528 790 4577 sut
812 4537 867 4594 quo
920 4519 1003 4586 mine,
1018 4517 1145 4590 quoniam
1157 4523 1265 4570 sanctus
1279 4514 1364 4568 sumi
1379 4515 1490 4578 Omnes,
1504 4510 1597 4585 inquit,
1610 4509 1718 4568 anani·

72 4601 176 4660 vadat?
200 4602 242 4657 En
266 4603 335 4659 lorte
362 4605 469 4677 appetis
494 4612 522 4660 et
547 4606 605 4677 ipse
635 4609 869 4678 contemplationis
921 4600 1719 4675 meainorationeestota,sraternitatemdilinitelll'etr.

71 4691 202 4764 quietam,
232 4701 257 4748 et
284 4695 352 4751 bene
381 4696 447 4752 lacis
476 4713 483 4753 τ
513 4706 615 4753 tantum
643 4714 676 4753 ne
703 4698 869 4768 obliviscaris
922 4713 955 4764 ιι,
972 4698 1027 4767 ιι).
1043 4694 1075 4750 Et
1089 4709 1137 4749 vas
1161 4691 1302 4749 electionis
1321 4708 1329 4745 ι
1345 4693 1480 4749 meantes
1500 4703 1719 4764 porasntanuq

73 4782 168 4848 flores,
198 4781 298 4853 quibus
334 4784 462 4840 lectulum
489 4800 595 4856 sponsae
624 4786 693 4857 legis
719 4802 868 4858 aspersum.
922 4786 972 4853 ait,
986 4787 1048 4841 sine
1065 4785 1113 4841 ira
1125 4787 1153 4841 el
1167 4781 1371 4854 deceptatione
1386 4782 1410 4853 (l
1424 4781 1493 4838 iim.
1507 4795 1539 4850 ιι,
1555 4780 1593 4852 8).
1605 4779 1721 4837 Videsne

71 4870 147 4940 Ergo
167 4885 233 4926 cura
247 4880 275 4928 et
289 4879 316 4927 tn
333 4879 407 4928 tuum
422 4872 545 4929 similiter
557 4874 722 4930 circumdare
735 4875 872 4933 bonorum
925 4875 1062 4949 quomodo
1078 4874 1243 4930 concordent
1257 4870 1319 4939 sibi,
1336 4881 1363 4927 et
1376 4871 1471 4926 eodem
1491 4869 1587 4942 spiritu
1602 4869 1637 4924 de
1656 4882 1722 4940 paco

74 4957 189 5014 floribus
207 4975 331 5032 operum,
346 4962 477 5018 virtutum
496 4963 633 5029 exercitio,
649 4973 776 5036 tanquam
790 4965 873 5023 flores
925 4974 953 5020 et
974 4960 1166 5035 tranquillitate
1189 4959 1282 5028 animi,
1298 4974 1378 5032 quam
1399 4958 1499 5014 babere
1514 4957 1594 5014 debet
1612 4955 1658 5011 ille
1675 4952 1724 5030 qul

73 5044 195 5102 fructum
220 5057 344 5105 sanctum
371 5051 455 5107 otium
476 5051 634 5123 praevenire.
659 5053 788 5126 Alioquin
803 5052 872 5110 deli·
927 5061 1002 5120 orat,
1028 5053 1173 5123 loquantur
1197 5050 1323 5122 princeps
1351 5046 1553 5120 apostolorum,
1574 5056 1601 5102 et
1627 5047 1723 5101 doctor

74 5143 137 5192 cato
159 5135 223 5192 satis
250 5138 306 5194 otio
328 5140 474 5197 dormitare
496 5141 581 5208 votes,
596 5141 620 5197 si
633 5157 688 5197 non
706 5143 873 5200 exercitatus
927 5138 1072 5213 gentium?
1098 5139 1181 5211 Perge
1207 5154 1273 5212 ergo
1304 5149 1332 5194 ιιι
1362 5146 1417 5192 tota
1443 5136 1486 5192 die
1511 5137 1663 5207 expandere
1689 5131 1724 5188 sd

75 5224 218 5297 quiescere
233 5239 355 5302 appetas,
371 5241 397 5286 et
411 5232 464 5287 Lite
479 5230 643 5290 fecunditate
661 5232 794 5309 neglecta,
809 5232 875 5289 solis
928 5232 1014 5287 Deum
1037 5243 1133 5282 manus
1157 5236 1225 5295 tuas,
1249 5225 1295 5298 qui
1323 5224 1419 5281 iratres
1437 5232 1493 5281 tota
1516 5224 1561 5280 die
1578 5225 1725 5296 gmolestas,

76 5315 173 5386 cupias
211 5317 337 5376 Rachelis
374 5320 545 5394 amplexibus
583 5321 722 5381 oblectari.
761 5322 815 5380 Sed
849 5328 876 5379 et
931 5315 1131 5374 unanimitatem
1145 5316 1298 5388 impugnes,
1314 5315 1348 5369 ab
1364 5312 1466 5370 unitate
1481 5321 1640 5386 teseparas.

61 5424 64 5430 Δ
102 5441 189 5525 Ι(ιιι)
203 5444 234 5501 lo
249 5445 329 5530 ¹editis
343 5446 444 5519 passim
459 5449 503 5506 iric
522 5447 629 5505 additur
647 5466 699 5508 sna
713 5448 878 5507 inobedien-
932 5443 1090 5527 periuriis
1108 5442 1202 5514 primis
1216 5441 1325 5513 quidem
1344 5440 1546 5569 idi²i⁸¹⁰5st¹¹fl
1561 5440 1608 5496 sed
1627 5437 1729 5497 omisso
1810 5456 1814 5459 ·

81 5515 124 5568 tra
139 5521 396 5589 saiwainavera'nt.
413 5521 449 5574 At
463 5523 514 5576 troc
529 5534 634 5577 comma
647 5523 723 5577 deest
735 5522 763 5577 in
779 5521 877 5593 pleris-
932 5517 1102 5590 praecedenti,
1121 5532 1175 5572 aaa
1194 5517 1374 5572 contumacia
1395 5520 1425 5572 et
1439 5529 1469 5570 re
1486 5512 1589 5571 ciltena
1607 5515 1730 5570 contern-

80 5599 136 5657 que
150 5590 340 5661 manuscriptis
355 5609 362 5648 :
380 5600 488 5649 atvero
508 5592 537 5648 in
559 5591 631 5648 idem
650 5593 747 5652 recidit
760 5608 822 5652 cum
835 5609 880 5650 sn·
929 5590 1052 5665 petrini.

1463 5636 1569 5658 “mma
