3734 5948
175 223 232 279 tlt·
638 217 668 272 S.
688 214 867 274 nauatam
880 212 1021 271 asanais
1035 214 1359 276 CLARMALLENSIS
1769 220 1820 274 ltu

174 331 256 421 r'eges
266 349 294 400 et
304 330 553 415 principes‚clerus
561 346 589 397 et
600 339 726 413 populus,
737 337 844 397 nobiles
854 347 882 395 et
890 339 972 410 ignc—
987 351 1010 431 Ι
1025 339 1093 410 Quis
1109 341 1157 397 tibi
1173 341 1281 399 videtur
1297 340 1437 414 proximus
1454 338 1536 396 foisse
1552 338 1590 395 illi
1611 340 1658 412 qui
1679 339 1773 397 incidit
1791 341 1820 397 in

173 434 253 500 biles,
268 432 348 489 simul
362 431 389 486 in
407 447 491 486 unum
513 430 590 488 dives
609 438 637 486 et
655 446 769 503 pauper.
789 430 853 485 llaec
870 427 971 484 idcirco
1024 426 1162 487 latrones?
1188 431 1286 505 Utique
1308 431 1354 503 qui
1377 429 1441 486 lecit
1467 446 1528 486 curn
1549 446 1582 486 eo
1606 430 1820 487 misericordiam

173 524 298 589 dixerim,
320 521 427 590 fratres,
452 537 488 578 ne
507 521 568 594 quis
586 520 657 576 forte
677 520 803 575 turbetur
824 534 840 573 a
858 515 969 590 pusilla·
1024 518 1103 590 (loc.
1117 536 1146 586 x,
1161 523 1207 592 36,
1224 521 1281 592 37),
1292 521 1363 592 Ergo
1378 519 1441 592 quia
1456 526 1512 575 toto
1527 520 1578 576 boc
1596 526 1718 592 tempore
1732 520 1819 576 mise-

174 615 295 672 nimitate
313 612 433 685 spiritus,
451 621 478 668 et
491 611 624 684 jejunium
638 625 762 682 praesens
776 606 874 664 minori
887 605 971 663 devo·
1024 607 1148 666 ricordiae
1161 609 1301 681 proximus
1320 616 1371 675 est,
1391 611 1508 684 quarite
1526 612 1688 676 Dominum,
1710 611 1819 666 cbaris-

174 700 247 760 tione
263 702 401 774 suscipiat,
415 701 480 758 dum
499 716 529 756 sc
545 699 669 756 fortassis
693 697 848 754 meminerit
872 695 970 768 prioris
1023 694 1093 764 simi,
1104 696 1171 755 dum
1181 699 1305 757 inueniri
1312 700 1419 771 potes&
1429 698 1557 755 invocate
1572 715 1646 766 eum,
1658 698 1726 756 dum
1733 716 1820 773 prope

173 808 281 867 quoque
295 791 391 864 ieiunii
410 792 516 864 pondus
535 788 600 846 satis
620 788 731 845 difficile
752 789 893 845 tolerasse.
913 786 971 842 Hoc
1024 788 1075 840 est.

174 882 247 938 enim
263 889 392 956 quantum
407 885 497 951 potest
509 876 616 934 laborat
634 877 806 934 adversarius
821 882 925 943 noster,
939 881 970 930 ut
1059 877 1084 931 l.
1111 874 1304 932 Verumtamen
1323 875 1454 948 proesenti
1475 874 1691 952 Quadragesima
1713 877 1819 947 majore

173 971 361 1028 holocaustam
380 976 503 1023 nostrum
517 965 670 1022 devotionis
683 965 853 1039 pinguedine
867 979 969 1022 vacue·
1024 962 1101 1018 nobis
1115 969 1157 1019 est
1175 963 1281 1021 fervore
1296 964 1469 1036 querendae,
1485 980 1545 1036 quae
1567 980 1622 1020 non
1638 964 1724 1021 solum
1743 979 1819 1037 pars,

174 1067 227 1126 tur,
247 1067 275 1115 ut
294 1066 322 1115 ει
342 1056 431 1112 minus
451 1063 594 1127 acceptum
615 1055 649 1111 sit
668 1055 737 1123 Deo,
752 1062 787 1123 ει
804 1052 969 1111 conscientia
1023 1050 1072 1107 sed
1100 1059 1128 1109 et
1154 1061 1354 1110 sacramentum
1387 1062 1428 1111 est
1456 1053 1536 1110 totius
1566 1053 1696 1126 temporis
1727 1055 1819 1126 hujus.

172 1155 267 1204 nostra
279 1146 308 1201 in
322 1142 455 1218 spirituali
468 1143 568 1217 gaudio
580 1143 668 1200 minus
683 1140 969 1213 exliilareturzsicque
1023 1138 1171 1212 Propterea
1186 1141 1209 1196 si
1223 1141 1291 1199 iorte
1311 1142 1409 1199 diebus
1423 1142 1532 1199 caeteris
1550 1142 1640 1198 studia
1655 1149 1749 1199 nostra
1767 1143 1820 1198 ali-

172 1235 207 1293 de
234 1233 457 1309 pusillanimitate
486 1232 654 1299 tolerantiae,
683 1232 764 1289 etiam
794 1228 969 1288 conscientiae
1023 1238 1157 1300 quatenus
1170 1230 1353 1304 intepuerant,
1368 1231 1481 1306 dignum
1496 1238 1538 1288 est
1552 1228 1821 1289 utnuncinlervore

172 1322 378 1397 pusillanimitas
399 1330 556 1399 generetur.
579 1322 663 1394 Cujus
682 1321 795 1378 astutias
814 1336 870 1377 non
888 1319 968 1394 igno·
1023 1319 1133 1390 spiritus
1148 1320 1323 1378 recalescant.
1339 1320 1417 1390 Quod
1431 1322 1454 1378 si
1468 1321 1531 1396 gula
1544 1320 1602 1378 sola
1618 1322 1750 1394 peccavit,
1762 1321 1821 1378 sola

172 1419 276 1480 rantes,
301 1419 368 1481 tota,
392 1412 518 1482 obsecro,
542 1409 674 1468 adversus
698 1428 760 1468 eum
790 1408 969 1467 sollicitudine
1023 1422 1131 1479 quoque
1145 1409 1259 1480 ieiunet,
1275 1414 1303 1465 ει
1322 1408 1430 1474 sufficit,
1450 1410 1478 1466 Si
1497 1425 1564 1468 vero
1583 1416 1766 1482 peccaverunt
1788 1418 1816 1466 et

171 1502 331 1575 vigilemus:
349 1508 377 1557 et
394 1502 456 1573 quia
470 1500 584 1556 hilarem
598 1501 722 1559 datorem
737 1498 824 1573 diligit
836 1502 918 1564 Deus,
941 1503 969 1553 et
1023 1497 1145 1552 membra
1160 1498 1268 1567 caetera,
1284 1515 1332 1554 cur
1344 1514 1400 1555 non
1414 1500 1551 1570 jejunent,
1568 1507 1595 1554 et
1615 1497 1693 1570 ipsa?
1709 1499 1820 1569 tejanet

171 1592 230 1664 ipsa
258 1606 367 1664 quoquc
398 1588 565 1647 conscientia
592 1599 686 1646 nostra
715 1589 839 1663 ampliori
870 1585 968 1645 exinde
1023 1600 1088 1656 ergo
1113 1586 1217 1660 oculus,
1238 1588 1283 1662 qui
1304 1588 1477 1660 depraedatus
1495 1595 1537 1644 est
1555 1587 1690 1659 animam3
1711 1588 1821 1659 jejunet

173 1679 272 1737 fiducia
293 1679 468 1751 sublevatur;
492 1687 522 1734 ut
545 1679 685 1736 devotiora
707 1679 764 1734 sint
783 1687 875 1735 nostra
893 1678 968 1748 jeju·
984 1664 1006 1744 Β
1022 1674 1103 1742 auris,
1119 1677 1228 1746 iejunet
1240 1675 1343 1751 lingua,
1363 1679 1472 1748 jejunet
1490 1691 1595 1746 manus,
1614 1676 1720 1747 jejunet
1737 1675 1819 1732 etiam

170 1769 225 1837 nia,
254 1769 368 1826 sollicite
397 1767 475 1825 nobis
504 1767 585 1825 tutius
618 1768 748 1826 Ecclesiae
784 1781 968 1842 proponamus
1022 1762 1110 1817 anima
1124 1761 1193 1834 ipsa.
1208 1764 1322 1834 Jejunct
1341 1764 1435 1822 oculus
1453 1780 1469 1819 a
1488 1766 1600 1822 curiosis
1618 1765 1773 1838 aspectibus
1791 1774 1820 1823 et

172 1858 306 1931 exempla.
1021 1852 1094 1907 omni
1112 1851 1271 1924 petulantia,
1297 1863 1327 1910 ut
1346 1856 1418 1912 bene
1437 1855 1593 1912 humiliatus
1611 1864 1770 1913 coerceatur
1790 1857 1818 1912 in

206 1951 233 2004 2.
249 1947 303 2003 Sed
313 1945 378 2019 quid
393 1944 427 2002 de
442 1946 483 2001 bis
503 1945 612 2020 loquor,
631 1960 701 2018 quos
718 1945 851 2001 babemus
871 1943 898 1999 in
916 1944 967 1999 hac
1021 1941 1190 2012 poenitentia,
1206 1942 1252 2015 qui
1264 1944 1334 2000 male
1352 1943 1424 2001 liber
1441 1947 1594 2019 vagabatur
1610 1946 1639 2000 iu
1658 1945 1747 2017 culpa.
1767 1947 1817 2002 le-

166 2035 264 2106 jejunii
285 2034 476 2092 observatione
504 2033 670 2091 consortes?
689 2033 767 2107 quasi
798 2048 854 2089 non
882 2031 967 2088 multo
1020 2029 1099 2099 junet
1113 2030 1186 2087 auris
1200 2032 1816 2106 nequiterprnriensafabulisetrumoribus,

168 2118 376 2184 excellentiores
391 2125 541 2181 habeamus
555 2124 583 2180 in
598 2122 739 2190 caduces,
754 2122 810 2180 imo
825 2127 853 2178 et
867 2137 966 2178 conse·
1021 2125 1050 2174 et
1071 2136 1242 2193 quancunque
1265 2121 1352 2178 otiosa
1372 2131 1444 2190 aunt,
1465 2130 1494 2180 et
1513 2123 1548 2178 ad
1567 2123 1682 2181 salutem
1707 2124 1818 2180 minime

168 2223 299 2272 crateres.
315 2215 423 2285 Quanta
437 2213 582 2271 devotione
598 2213 802 2286 suscipiendum
819 2221 861 2269 est
875 2209 965 2279 uobis,
1021 2209 1196 2280 pertinentia.
1211 2211 1323 2281 ieiunet
1339 2211 1432 2285 lingua
1446 2229 1462 2269 a
1475 2213 1644 2270 detractione
1659 2221 1687 2269 et
1702 2230 1819 2269 munnu-

166 2301 241 2377 qucd
254 2318 271 2358 a
285 2312 379 2359 sanum
392 2304 485 2376 lloyse
499 2311 629 2377 tanquam
643 2302 816 2358 haereditario
834 2303 896 2373 jure
911 2310 966 2356 tra·
1021 2299 1137 2365 ratione,
1157 2300 1191 2354 ab
1211 2301 1360 2371 inutilibus,
1377 2301 1453 2360 vanis
1472 2308 1555 2374 atque
1574 2301 1731 2358 scurrilibus
1751 2318 1817 2359 ver-

166 2391 239 2448 ditur
262 2392 361 2461 (Exod.
384 2405 489 2460 xxxiv,
511 2392 569 2462 28),
589 2391 633 2448 cui
656 2391 767 2463 speciali
785 2407 841 2463 prae
859 2389 966 2446 caeteris
1021 2388 1080 2443 bis:
1096 2386 1234 2445 interdum
1249 2406 1368 2463 quoque,
1385 2391 1420 2447 ob
1434 2391 1596 2465 gravitatem
1606 2390 1707 2446 silentii
1727 2398 1765 2458 et,
1782 2391 1817 2446 ab

166 2481 307 2554 prophetis
322 2480 510 2553 praerogativa,
526 2480 595 2536 facie
610 2480 645 2535 ad
664 2477 762 2536 faciem
776 2480 907 2536 Dominus
921 2477 965 2535 lo-
1018 2476 1085 2549 ipsis
1098 2494 1159 2551 quae
1171 2479 1258 2535 videri
1270 2487 1397 2552 poterant
1411 2480 1577 2536 necessaria.
1592 2481 1706 2552 Jejunet
1720 2495 1817 2535 manus

166 2570 328 2645 quebaturl
344 2569 445 2642 (Dcod.
468 2585 571 2638 annau,
588 2569 646 2642 ll.)
660 2569 767 2638 Quanto
783 2569 889 2627 fervore
903 2586 964 2626 am·
1018 2565 1053 2620 ab
1063 2566 1158 2623 otiosis
1168 2567 1263 2638 signis,
1275 2577 1303 2625 et
1316 2570 1350 2624 ab
1360 2570 1490 2642 operibus
1499 2570 1635 2640 omnibus,
1648 2584 1815 2643 quecunque

165 2659 343 2733 plectendum
358 2667 411 2725 est,
427 2660 500 2732 quod
515 2659 586 2715 Elias
600 2658 645 2715 ille
655 2650 828 2715 commendat
840 2659 963 2731 (lllliep.
1019 2670 1074 2711 non
1088 2663 1152 2712 sunt
1165 2657 1315 2731 imperata;
1332 2660 1381 2716 sed
1396 2665 1424 2716 ει
1439 2657 1523 2715 multo
1544 2659 1632 2733 magis
1650 2659 1740 2714 anima
1756 2656 1817 2729 ipsa

165 2766 229 2820 xix,
242 2753 282 2822 8),
298 2749 380 2825 igneo
392 2766 473 2807 curru
488 2758 581 2822 raptus
601 2747 630 2802 iu
648 2746 772 2803 coelum‘l
789 2749 816 2815 tl
820 2749 839 2803 V
851 2749 915 2819 Req.
933 2760 963 2818 ιι,
1017 2744 1156 2814 ieiuneta
1179 2745 1262 2811 vitiis,
1283 2752 1311 2802 et
1333 2747 1444 2818 propria
1468 2745 1606 2804 voluntate
1626 2764 1685 2803 saa.
1710 2746 1817 2804 Etenim

165 2839 223 2912 tl.)
245 2839 316 2895 Ecce
341 2837 414 2894 enim
435 2853 516 2910 quam
537 2834 624 2907 ⁴multa
644 2835 725 2891 millia
752 2850 768 2889 a
795 2834 891 2891 diebus
912 2834 964 2890 illis
1018 2832 1077 2889 sine
1090 2833 1195 2904 jejunio
1207 2834 1264 2890 baec
1273 2845 1372 2892 caetera
1386 2851 1402 2891 a
1415 2837 1533 2894 Domino
1548 2838 1737 2908 reprobantur,
1746 2836 1816 2892 sicin

164 2925 300 3004 generalis
313 2924 433 2982 conditio
448 2925 543 2981 mortis
558 2923 674 2982 invasit:
691 2923 764 2979 Elias
775 2929 867 2979 tamen
877 2940 963 2995 usque
1017 2922 1147 2996 scriptum
1163 2935 1213 2992 est,
1229 2925 1293 2998 quia
1307 2927 1338 2983 in
1352 2926 1449 2983 diebos
1459 2929 1640 3000 jejuniorum
1657 2931 1816 2986 uestrorum

163 3014 262 3084 adbuc,
277 3021 457 3073 conservante
470 3013 596 3082 Domino,
607 3030 704 3070 manus
718 3015 779 3084 ejus
793 3012 889 3070 evasit.
903 3014 963 3068 iam
1017 3013 1178 3072 voluntates
1194 3021 1291 3072 cestrae
1306 3017 1497 3073 inueniuntur
1510 3015 1588 3090 (lsai.
1603 3032 1678 3084 avus,
1693 3017 1731 3090 3).

162 3118 230 3159 aero
253 3102 277 3159 si
300 3101 495 3160 commendant
516 3101 653 3174 jejunium
673 3117 794 3174 praesens
813 3102 920 3173 llcyses
936 3108 963 3156 et
1325 3104 1442 3161 SElillO
1460 3105 1496 3164 1v

162 3189 246 3259 Elias,
260 3192 383 3266 quamvis
396 3191 498 3267 magni,
514 3200 606 3247 emen
616 3189 742 3248 conservi
756 3189 843 3246 nostri
854 3207 861 3263 ς
873 3206 964 3262 quan·
1229 3197 1268 3254 Dc
1285 3197 1413 3254 oratione
1431 3200 1460 3253 ct
1473 3198 1598 3270 jejunio.

103 3318 105 3323 ι
163 3291 220 3341 tum
236 3282 410 3340 commendat
424 3281 488 3337 illud
503 3280 583 3337 Jesus
603 3278 731 3336 Dominus
749 3286 853 3348 noster,
874 3280 921 3352 qui
936 3289 964 3336 et
1055 3283 1081 3335 l.
1102 3278 1171 3350 Quin
1186 3282 1282 3353 jejunii
1301 3284 1544 3357 quadragesimalis
1564 3293 1670 3359 tempus
1690 3282 1811 3353 advenit,

163 3373 224 3445 ipse
235 3372 332 3430 diebus
348 3370 462 3428 totidem
471 3369 629 3441 jejunavit?
643 3367 755 3442 (ldottb.
766 3383 806 3436 av,
817 3369 857 3439 2.)
871 3366 964 3438 Qualis
1018 3368 1092 3440 quod
1120 3376 1176 3425 tota
1203 3371 1348 3429 devotione
1373 3371 1511 3447 suscipere
1531 3389 1631 3431 moneo
1652 3372 1813 3429 charitatem

162 3452 209 3518 ille
224 3467 278 3532 est,
292 3475 348 3517 non
363 3459 451 3516 dicam
469 3459 627 3529 monachus,
648 3457 698 3514 sed
719 3455 895 3525 Christianus,
917 3456 963 3530 qui
1018 3465 1156 3526 vestram;
1182 3458 1294 3535 dignum
1317 3478 1381 3519 reor
1405 3463 1574 3537 aliquatenus
1587 3477 1734 3535 exponere,
1758 3477 1815 3535 quo

162 3551 254 3606 minus
268 3549 365 3606 devote
378 3549 512 3619 ieiunium
526 3546 650 3620 suscipit,
666 3545 738 3619 quod
749 3545 774 3602 ei
784 3544 895 3601 tradidit
904 3544 963 3617 ipse
1019 3544 1116 3615 fructu,
1129 3557 1157 3604 ει
1171 3551 1400 3621 quemadmodum
1411 3560 1537 3625 oporteat
1546 3553 1681 3622 ieiunare.
1694 3550 1813 3608 Primum

161 3637 305 3697 Christus?
323 3636 447 3711 Denique
462 3643 537 3694 tanto
552 3635 675 3694 devotius
700 3633 862 3690 imitandum
885 3634 964 3690 nobis
1018 3635 1138 3707 quidem,
1153 3637 1263 3712 fratres,
1278 3656 1328 3712 pro
1341 3657 1374 3699 eo
1388 3643 1462 3716 quod
1477 3643 1511 3698 ab
1526 3641 1592 3714 ipsis
1606 3655 1714 3716 quoque
1733 3640 1814 3697 licitis

163 3734 214 3790 est,
225 3725 402 3793 dilectissimi,
412 3724 510 3782 Christi
518 3721 670 3796 jejunantis
679 3723 845 3796 exemplum,
859 3730 963 3795 quanto
1018 3725 1195 3794 abstinemus,
1208 3743 1240 3784 ea
1251 3729 1340 3798 nobis,
1353 3747 1414 3803 quae
1424 3729 1500 3803 prius
1510 3729 1704 3799 commisimus,
1722 3728 1814 3786 illicita

163 3813 263 3872 certius
281 3823 324 3871 est
337 3822 448 3887 propter
461 3831 512 3873 nos
526 3829 588 3870 enm
600 3814 758 3885 ieiunasse,
780 3828 836 3870 non
850 3821 964 3886 propter
1018 3814 1215 3873 condonantur.
1239 3818 1310 3890 Quuid
1333 3835 1399 3877 vero
1422 3827 1466 3876 est
1488 3819 1637 3877 condonari
1658 3820 1813 3893 commissa,

163 3919 194 3960 se
207 3902 306 3976 ipsum.
1017 3905 1069 3960 nisi
1081 3905 1186 3977 jejunio
1202 3906 1287 3975 brevi,
1301 3907 1408 3980 jejunia
1428 3908 1525 3966 redimi
1545 3907 1733 3982 sempiterna?
1753 3908 1813 3965 Gu-

199 3995 227 4048 3.
243 3992 402 4062 ieiunemus
415 4009 492 4067 ergo,
506 3992 668 4062 charissimi,
684 4000 712 4050 et
739 3992 839 4050 devote
849 3990 962 4065 jejune-
1018 3993 1136 4050 bennam
1155 3995 1228 4051 enim
1248 3996 1408 4065 meruimus,
1427 3997 1474 4054 ubi
1494 3997 1583 4054 nullus
1600 4014 1720 4072 unquam
1737 3998 1814 4054 cibus

163 4096 224 4138 mus
237 4089 331 4139 sancto
346 4081 628 4156 bocQuadragesimae
645 4090 766 4154 tempore
780 4100 786 4140 :
801 4081 838 4137 ita
854 4098 922 4139 sane
933 4090 963 4139 ut
1018 4091 1070 4148 est,
1089 4085 1239 4142 consolatio
1259 4085 1345 4156 nulla,
1364 4086 1496 4143 terminus
1516 4087 1623 4154 nullus;
1643 4087 1690 4142 ubi
1708 4094 1811 4159 guttam

162 4170 317 4227 noverimus
334 4170 571 4245 quadragesimam
585 4154 707 4227 nostram
722 4185 778 4226 non
799 4171 872 4227 solos
892 4187 962 4244 qua·
1017 4185 1095 4244 aquae
1110 4172 1184 4229 dives
1197 4174 1327 4245 postulat,
1342 4181 1371 4230 et
1383 4173 1508 4247 accipere
1523 4189 1581 4230 uon
1596 4182 1715 4229 meretur
1733 4177 1811 4244 (loc.

162 4256 288 4332 draginta
301 4259 360 4316 dies
378 4260 491 4316 babere.
514 4258 703 4334 Continuanda
725 4258 798 4315 enim
821 4259 899 4316 nobis
920 4266 962 4317 est
977 4282 1001 4360 υ
1017 4276 1076 4328 xv1,
1091 4263 1200 4333 abab).
1215 4263 1320 4319 Bonum
1334 4278 1400 4336 ergo
1415 4271 1444 4320 et
1458 4262 1576 4319 salutare
1593 4262 1739 4332 jejunium,
1759 4279 1814 4336 quo

161 4348 370 4422 quadragesima
395 4347 482 4407 82⁰
499 4350 605 4413 cunctis
628 4347 727 4405 diebus
750 4348 858 4406 miserae
881 4349 962 4420 hujus
1018 4348 1186 4406 redimuntur
1208 4350 1314 4421 ieiunia
1338 4349 1504 4421 sempiterna
1527 4357 1555 4406 et
1579 4349 1721 4421 supplicia,
1749 4352 1814 4409 dam

161 4435 234 4505 vitae,
264 4435 328 4494 dum
355 4453 405 4510 per
431 4435 558 4495 auxilium
584 4437 679 4511 gratie
697 4437 771 4510 (quae
792 4437 820 4492 in
846 4446 963 4510 quatuor
1017 4436 1186 4496 redimuntur
1199 4438 1294 4513 [otios
1309 4437 1493 4513 remittuntur]
1510 4439 1563 4496 boc
1585 4439 1667 4496 modo
1687 4448 1811 4512 peccata.

160 4517 317 4597 Evangeliis
330 4526 546 4599 commendatur)
561 4542 674 4584 necesse
684 4535 727 4583 est
736 4542 787 4584 nos
796 4523 962 4598 Decalogum
1015 4525 1076 4582 Nou
1086 4526 1272 4584 solumautem
1281 4527 1391 4583 abolitio
1401 4534 1443 4583 est
1455 4536 1640 4599 peccatorum,
1651 4528 1700 4586 sed
1711 4530 1812 4586 exstir-

160 4603 230 4686 l'egis
245 4613 368 4687 implere.
381 4617 480 4674 Errant
489 4617 570 4689 plane
581 4616 627 4689 qui
637 4615 817 4689 paucissimos
826 4615 885 4672 dies
894 4615 961 4672 istos
1015 4615 1089 4686 patio
1107 4614 1255 4688 vitiorum;
1272 4630 1327 4671 non
1350 4615 1437 4672 solum
1452 4618 1558 4674 obtinet
1579 4619 1696 4686 veniam,
1716 4618 1765 4674 sed
1786 4626 1813 4675 et

159 4702 194 4757 ad
216 4696 406 4775 paenitentiam
425 4704 551 4763 sulficere
571 4706 698 4774 credunt,
718 4719 781 4760 cum
802 4712 908 4762 certum
925 4705 961 4761 sit
1014 4702 1335 4778 promereturgratiam3
1353 4719 1409 4762 nun
1424 4704 1509 4763 solum
1526 4706 1599 4763 delet
1609 4714 1718 4778 peccata
1739 4722 1812 4779 prae·

156 4797 245 4848 totum
259 4792 320 4850 vitae
342 4794 423 4865 hujus
438 4801 545 4864 tempus
568 4794 676 4851 nonnisi
706 4793 740 4849 ad
767 4793 959 4867 paenitentiam
1015 4792 1094 4849 terita
1109 4810 1170 4865 quae
1184 4794 1393 4866 commissimus,
1410 4796 1459 4852 sed
1473 4804 1502 4854 et
1516 4796 1623 4869 repellit
1635 4794 1734 4865 futura,
1750 4811 1813 4869 quae

158 4879 318 4938 institutum.
332 4883 455 4952 Quoeritc
465 4885 630 4954 Dominum,
643 4882 680 4938 ait
691 4883 900 4955 prophetanda
911 4898 960 4940 so-
1013 4883 1184 4940 comunttcre
1197 4893 1365 4956 poteramus.

155 4964 212 5024 lum
226 4968 405 5042 quadraginta
417 4970 528 5040 diebus,
543 4971 591 5027 sed
607 4972 676 5029 dum
702 4971 830 5029 inueniri
847 4976 957 5046 potest‚·
1049 4976 1075 5028 2.
1100 4972 1193 5029 Dicam
1219 4982 1245 5031 et
1266 4991 1351 5032 unum
1375 4974 1463 5032 adbuc
1488 4975 1560 5048 quod
1583 4973 1660 5031 facile
1684 4973 1809 5046 capiatis,

156 5057 456 5129 cannamomum
474 5075 560 5134 prope
578 5064 621 5118 est
639 5061 718 5133 (leci.
739 5076 784 5130 av,
800 5059 840 5133 b).
861 5061 957 5135 Neque
1013 5061 1167 5131 saepiussi
1182 5062 1271 5130 fallor,
1289 5065 1405 5137 experti.
1429 5064 1567 5133 leJ'unium
1589 5063 1704 5118 orationi
1727 5063 1811 5121 devo·

155 5144 229 5202 enim
251 5154 316 5203 tnnc
334 5147 387 5206 erit
408 5147 554 5206 invocandi
577 5156 694 5222 tempus,
721 5148 830 5222 quando
853 5149 956 5206 nemini
1013 5150 1115 5207 tionem
1133 5160 1161 5209 et
1179 5150 1307 5210 fiduciam
1325 5152 1419 5212 donat.
1441 5153 1476 5209 Et
1496 5151 1558 5210 vide
1578 5153 1809 5225 quemadmodum

157 5234 297 5305 proximus
311 5235 363 5293 erit
382 5238 453 5295 Deus
465 5255 472 5304 ;
486 5238 536 5295 sed
550 5237 611 5295 aliis
625 5235 737 5313 quidem
751 5253 881 5311 praeseus,
897 5239 956 5296 aliis
1010 5238 1062 5296 sibi
1076 5239 1192 5299 invicem
1206 5243 1340 5314 jejunium
1355 5250 1381 5298 et
1393 5241 1479 5299 oratic
1490 5243 1637 5312 socientur,
1649 5242 1718 5300 sicat
1728 5241 1812 5316 scrip·

153 5336 221 5380 vero
235 5322 316 5380 nimis
329 5323 409 5380 valde
423 5331 555 5382 remotus.
572 5326 682 5384 interim
697 5342 764 5385 sane
778 5342 813 5383 ex
827 5341 860 5384 ao
879 5327 953 5400 quod
1009 5334 1066 5386 tum
1091 5337 1151 5388 est:
1179 5334 1279 5390 motor
1296 5331 1435 5404 adjuvans
1457 5333 1590 5404 fratrom,
1613 5331 1693 5391 ambo
1712 5347 1811 5390 conso·

149 5409 290 5478 proximus
305 5411 413 5485 datur,
427 5410 603 5471 manifestum
621 5421 664 5472 est
678 5415 752 5489 qnod
765 5416 887 5473 nondum
901 5415 952 5470 ha·
1009 5418 1146 5479 labuntur
1159 5418 1251 5493 (Proo.
1267 5435 1344 5491 avan,
1363 5420 1419 5493 ts).
1434 5419 1528 5480 Oratio
1541 5422 1668 5480 virtutem
1678 5421 1808 5497 impetrat

148 5493 250 5560 betur:
271 5501 321 5558 sed
336 5508 427 5560 tamen
441 5498 550 5572 baberi,
565 5511 593 5560 et
610 5501 728 5561 inveniri
748 5501 826 5561 facile
846 5509 946 5576 potest.
1006 5507 1163 5582 iejunandi,
1176 5516 1204 5567 ει
1217 5507 1353 5582 ieiunium
1371 5510 1487 5583 gratiam
1508 5518 1680 5584 promeretur
1702 5511 1810 5569 orandi.
