<?xml version="1.0" encoding="UTF-8"?>
<!DOCTYPE html PUBLIC "-//W3C//DTD XHTML 1.0 Transitional//EN"
    "http://www.w3.org/TR/xhtml1/DTD/xhtml1-transitional.dtd">
<html xmlns="http://www.w3.org/1999/xhtml" xml:lang="en" lang="en">
 <head>
  <title>
</title>
<meta http-equiv="Content-Type" content="text/html;charset=utf-8" />
  <meta name='ocr-system' content='tesseract 3.04.00' />
  <meta name='ocr-capabilities' content='ocr_page ocr_carea ocr_par ocr_line ocrx_word'/>
</head>
<body>
  <div class='ocr_page' id='page_1' title='image "./patrologiaecurs56unkngoog_0133.png"; bbox 0 0 3734 5948; ppageno 0'>
   <div class='ocr_carea' id='block_1_1' title="bbox 103 126 1760 259">
    <p class='ocr_par' dir='ltr' id='par_1_1' title="bbox 103 126 1760 259">
     <span class='ocr_line' id='line_1_1' title="bbox 103 126 1760 259; baseline -0.002 -16"><span class='ocrx_word' id='word_1_1' title='bbox 103 195 158 253; x_wconf 77' lang='lat' dir='ltr'><strong>ms</strong></span> <span class='ocrx_word' id='word_1_2' title='bbox 226 183 229 193; x_wconf 88' lang='lat'>·</span> <span class='ocrx_word' id='word_1_3' title='bbox 569 186 599 244; x_wconf 92' lang='grc' dir='ltr'><strong>ε.</strong></span> <span class='ocrx_word' id='word_1_4' title='bbox 614 182 793 259; x_wconf 78' lang='lat' dir='ltr'><strong>canutam</strong></span> <span class='ocrx_word' id='word_1_5' title='bbox 810 173 961 243; x_wconf 74' lang='lat' dir='ltr'><strong>matus</strong></span> <span class='ocrx_word' id='word_1_6' title='bbox 977 126 1305 240; x_wconf 68' lang='lat' dir='ltr'><strong>mana-vaunnam</strong></span> <span class='ocrx_word' id='word_1_7' title='bbox 1695 190 1760 248; x_wconf 61' lang='lat' dir='ltr'><strong>aar</strong></span> 
     </span>
    </p>
   </div>
   <div class='ocr_carea' id='block_1_2' title="bbox 100 303 1785 2509">
    <p class='ocr_par' dir='ltr' id='par_1_2' title="bbox 100 303 1785 740">
     <span class='ocr_line' id='line_1_2' title="bbox 100 303 1759 394; baseline -0.001 -20"><span class='ocrx_word' id='word_1_8' title='bbox 100 314 194 374; x_wconf 86' lang='lat' dir='ltr'><strong>letaris</strong></span> <span class='ocrx_word' id='word_1_9' title='bbox 215 313 371 386; x_wconf 89' lang='lat' dir='ltr'><strong>deputatus.</strong></span> <span class='ocrx_word' id='word_1_10' title='bbox 398 312 447 368; x_wconf 88' lang='lat' dir='ltr'><strong>Hic</strong></span> <span class='ocrx_word' id='word_1_11' title='bbox 469 319 512 368; x_wconf 87' lang='lat' dir='ltr'><strong>est</strong></span> <span class='ocrx_word' id='word_1_12' title='bbox 532 310 696 369; x_wconf 82' lang='lat' dir='ltr'><strong>transitoriae</strong></span> <span class='ocrx_word' id='word_1_13' title='bbox 712 308 774 364; x_wconf 83' lang='lat' dir='ltr'><strong>finis</strong></span> <span class='ocrx_word' id='word_1_14' title='bbox 787 303 902 373; x_wconf 84' lang='lat' dir='ltr'><strong>laetitiae,</strong></span> <span class='ocrx_word' id='word_1_15' title='bbox 918 315 942 394; x_wconf 61' lang='grc' dir='ltr'>Ι</span> <span class='ocrx_word' id='word_1_16' title='bbox 959 309 1044 358; x_wconf 89' lang='lat' dir='ltr'><strong>totum</strong></span> <span class='ocrx_word' id='word_1_17' title='bbox 1059 305 1084 360; x_wconf 89' lang='lat' dir='ltr'><strong>ei</strong></span> <span class='ocrx_word' id='word_1_18' title='bbox 1099 305 1262 375; x_wconf 75' lang='lat' dir='ltr'><strong>adscribent,</strong></span> <span class='ocrx_word' id='word_1_19' title='bbox 1280 316 1365 366; x_wconf 91' lang='lat' dir='ltr'><strong>totum</strong></span> <span class='ocrx_word' id='word_1_20' title='bbox 1384 311 1409 367; x_wconf 91' lang='lat' dir='ltr'><strong>ei</strong></span> <span class='ocrx_word' id='word_1_21' title='bbox 1422 311 1572 368; x_wconf 89' lang='lat' dir='ltr'><strong>attribuent</strong></span> <span class='ocrx_word' id='word_1_22' title='bbox 1586 312 1686 388; x_wconf 77' lang='lat' dir='ltr'><strong>(Apoc-</strong></span> <span class='ocrx_word' id='word_1_23' title='bbox 1705 320 1759 391; x_wconf 81' lang='lat' dir='ltr'><strong>tv.)</strong></span> 
     </span>
     <span class='ocr_line' id='line_1_3' title="bbox 102 392 1754 473; baseline 0.002 -13"><span class='ocrx_word' id='word_1_24' title='bbox 102 403 258 460; x_wconf 88' lang='lat' dir='ltr'><strong>biclruetus</strong></span> <span class='ocrx_word' id='word_1_25' title='bbox 275 402 368 473; x_wconf 79' lang='lat' dir='ltr'><strong>gloriae</strong></span> <span class='ocrx_word' id='word_1_26' title='bbox 392 400 559 471; x_wconf 89' lang='lat' dir='ltr'><strong>temporalis.</strong></span> <span class='ocrx_word' id='word_1_27' title='bbox 585 403 734 471; x_wconf 75' lang='lat' dir='ltr'>Propterea</span> <span class='ocrx_word' id='word_1_28' title='bbox 747 395 900 469; x_wconf 78' lang='lat' dir='ltr'><strong>prudenter</strong></span> <span class='ocrx_word' id='word_1_29' title='bbox 993 393 1019 448; x_wconf 97' lang='grc'><strong>4.</strong></span> <span class='ocrx_word' id='word_1_30' title='bbox 1034 392 1094 448; x_wconf 80' lang='lat' dir='ltr'><strong>lam</strong></span> <span class='ocrx_word' id='word_1_31' title='bbox 1107 410 1173 451; x_wconf 84' lang='lat' dir='ltr'><strong>vero</strong></span> <span class='ocrx_word' id='word_1_32' title='bbox 1187 398 1316 468; x_wconf 91' lang='lat' dir='ltr'><strong>quoniam</strong></span> <span class='ocrx_word' id='word_1_33' title='bbox 1330 398 1365 455; x_wconf 94' lang='lat' dir='ltr'><strong>de</strong></span> <span class='ocrx_word' id='word_1_34' title='bbox 1389 399 1513 470; x_wconf 86' lang='lat' dir='ltr'><strong>jumento</strong></span> <span class='ocrx_word' id='word_1_35' title='bbox 1525 408 1556 457; x_wconf 88' lang='lat' dir='ltr'><strong>et</strong></span> <span class='ocrx_word' id='word_1_36' title='bbox 1577 403 1710 472; x_wconf 85' lang='lat' dir='ltr'><strong>restibus,</strong></span> <span class='ocrx_word' id='word_1_37' title='bbox 1725 414 1754 463; x_wconf 89' lang='lat' dir='ltr'><strong>et</strong></span> 
     </span>
     <span class='ocr_line' id='line_1_4' title="bbox 103 479 1757 565; baseline 0.001 -16"><span class='ocrx_word' id='word_1_38' title='bbox 103 504 164 549; x_wconf 88' lang='lat' dir='ltr'><strong>orat</strong></span> <span class='ocrx_word' id='word_1_39' title='bbox 176 492 317 565; x_wconf 88' lang='lat' dir='ltr'><strong>propheta,</strong></span> <span class='ocrx_word' id='word_1_40' title='bbox 330 500 360 545; x_wconf 92' lang='lat' dir='ltr'><strong>ut</strong></span> <span class='ocrx_word' id='word_1_41' title='bbox 369 496 461 545; x_wconf 91' lang='lat' dir='ltr'><strong>cantet</strong></span> <span class='ocrx_word' id='word_1_42' title='bbox 476 488 592 546; x_wconf 91' lang='lat' dir='ltr'><strong>Domino</strong></span> <span class='ocrx_word' id='word_1_43' title='bbox 615 487 704 560; x_wconf 76' lang='lat' dir='ltr'><strong>gloria</strong></span> <span class='ocrx_word' id='word_1_44' title='bbox 718 487 788 557; x_wconf 89' lang='lat' dir='ltr'><strong>ejus,</strong></span> <span class='ocrx_word' id='word_1_45' title='bbox 806 494 834 540; x_wconf 92' lang='lat' dir='ltr'><strong>et</strong></span> <span class='ocrx_word' id='word_1_46' title='bbox 847 498 902 539; x_wconf 92' lang='lat' dir='ltr'><strong>non</strong></span> <span class='ocrx_word' id='word_1_47' title='bbox 956 479 991 535; x_wconf 87' lang='lat' dir='ltr'><strong>de</strong></span> <span class='ocrx_word' id='word_1_48' title='bbox 1015 481 1096 538; x_wconf 88' lang='lat' dir='ltr'><strong>ramis</strong></span> <span class='ocrx_word' id='word_1_49' title='bbox 1124 485 1250 542; x_wconf 90' lang='lat' dir='ltr'><strong>arborum</strong></span> <span class='ocrx_word' id='word_1_50' title='bbox 1277 487 1379 543; x_wconf 91' lang='lat' dir='ltr'><strong>mentio</strong></span> <span class='ocrx_word' id='word_1_51' title='bbox 1408 487 1479 545; x_wconf 90' lang='lat' dir='ltr'><strong>lacta</strong></span> <span class='ocrx_word' id='word_1_52' title='bbox 1506 498 1557 557; x_wconf 91' lang='lat' dir='ltr'><strong>est,</strong></span> <span class='ocrx_word' id='word_1_53' title='bbox 1578 490 1757 552; x_wconf 89' lang='lat' dir='ltr'><strong>considerare</strong></span> 
     </span>
     <span class='ocr_line' id='line_1_5' title="bbox 104 566 1756 653; baseline -0.001 -17"><span class='ocrx_word' id='word_1_54' title='bbox 104 585 301 653; x_wconf 76' lang='lat' dir='ltr'><strong>compungatur</strong></span> <span class='ocrx_word' id='word_1_55' title='bbox 315 581 402 647; x_wconf 80' lang='lat' dir='ltr'><strong>(Prot.</strong></span> <span class='ocrx_word' id='word_1_56' title='bbox 419 593 499 642; x_wconf 82' lang='lat' dir='ltr'><strong>xxix,</strong></span> <span class='ocrx_word' id='word_1_57' title='bbox 517 578 581 649; x_wconf 84' lang='lat' dir='ltr'><strong>l3);</strong></span> <span class='ocrx_word' id='word_1_58' title='bbox 597 577 687 645; x_wconf 89' lang='lat' dir='ltr'><strong>idest,</strong></span> <span class='ocrx_word' id='word_1_59' title='bbox 699 572 902 646; x_wconf 83' lang='lat' dir='ltr'><strong>processionem</strong></span> <span class='ocrx_word' id='word_1_60' title='bbox 957 566 1112 638; x_wconf 80' lang='lat' dir='ltr'><strong>diligentius</strong></span> <span class='ocrx_word' id='word_1_61' title='bbox 1124 569 1191 628; x_wconf 87' lang='lat' dir='ltr'><strong>libet</strong></span> <span class='ocrx_word' id='word_1_62' title='bbox 1210 573 1307 645; x_wconf 81' lang='lat' dir='ltr'><strong>triplex</strong></span> <span class='ocrx_word' id='word_1_63' title='bbox 1319 575 1490 648; x_wconf 81' lang='lat' dir='ltr'><strong>obsequium,</strong></span> <span class='ocrx_word' id='word_1_64' title='bbox 1510 578 1584 649; x_wconf 93' lang='lat' dir='ltr'><strong>quod</strong></span> <span class='ocrx_word' id='word_1_65' title='bbox 1598 579 1627 634; x_wconf 90' lang='lat' dir='ltr'><strong>in</strong></span> <span class='ocrx_word' id='word_1_66' title='bbox 1642 596 1756 652; x_wconf 84' lang='lat' dir='ltr'><strong>proces-</strong></span> 
     </span>
     <span class='ocr_line' id='line_1_6' title="bbox 104 655 1785 740; baseline 0.012 -33"><span class='ocrx_word' id='word_1_67' title='bbox 104 665 414 738; x_wconf 57' lang='lat' dir='ltr'><strong>pape,1‚quampmj0</strong></span> <span class='ocrx_word' id='word_1_68' title='bbox 429 681 483 723; x_wconf 68' lang='lat'>„011</span> <span class='ocrx_word' id='word_1_69' title='bbox 494 673 633 738; x_wconf 62' lang='lat' dir='ltr'><strong>sequatur,</strong></span> <span class='ocrx_word' id='word_1_70' title='bbox 956 655 1033 712; x_wconf 90' lang='lat' dir='ltr'><strong>sione</strong></span> <span class='ocrx_word' id='word_1_71' title='bbox 1049 659 1099 715; x_wconf 87' lang='lat' dir='ltr'><strong>hac</strong></span> <span class='ocrx_word' id='word_1_72' title='bbox 1114 661 1236 718; x_wconf 83' lang='lat' dir='ltr'><strong>exbiberi</strong></span> <span class='ocrx_word' id='word_1_73' title='bbox 1249 662 1328 721; x_wconf 83' lang='lat' dir='ltr'><strong>rideo</strong></span> <span class='ocrx_word' id='word_1_74' title='bbox 1339 664 1474 721; x_wconf 84' lang='lat' dir='ltr'><strong>salvatori</strong></span> <span class='ocrx_word' id='word_1_75' title='bbox 1485 681 1493 720; x_wconf 78' lang='lat' dir='ltr'><strong>t</strong></span> <span class='ocrx_word' id='word_1_76' title='bbox 1505 666 1622 736; x_wconf 91' lang='lat' dir='ltr'><strong>primam</strong></span> <span class='ocrx_word' id='word_1_77' title='bbox 1633 669 1756 740; x_wconf 90' lang='lat' dir='ltr'><strong>quidem,</strong></span> <span class='ocrx_word' id='word_1_78' title='bbox 1780 726 1785 737; x_wconf 86' lang='grc'>,</span> 
     </span>
    </p>

    <p class='ocr_par' dir='ltr' id='par_1_3' title="bbox 103 745 1764 2509">
     <span class='ocr_line' id='line_1_7' title="bbox 139 745 1757 827; baseline 0.001 -14"><span class='ocrx_word' id='word_1_79' title='bbox 139 761 166 813; x_wconf 70' lang='lat' dir='ltr'><strong>a.</strong></span> <span class='ocrx_word' id='word_1_80' title='bbox 184 754 266 812; x_wconf 85' lang='lat' dir='ltr'><strong>Vobis</strong></span> <span class='ocrx_word' id='word_1_81' title='bbox 279 764 380 823; x_wconf 88' lang='lat' dir='ltr'><strong>autem,</strong></span> <span class='ocrx_word' id='word_1_82' title='bbox 397 754 557 821; x_wconf 82' lang='lat' dir='ltr'><strong>charissimi,</strong></span> <span class='ocrx_word' id='word_1_83' title='bbox 574 761 702 823; x_wconf 83' lang='lat' dir='ltr'><strong>tanquam</strong></span> <span class='ocrx_word' id='word_1_84' title='bbox 718 750 902 822; x_wconf 79' lang='lat' dir='ltr'><strong>spiritualibus</strong></span> <span class='ocrx_word' id='word_1_85' title='bbox 956 745 1107 814; x_wconf 84' lang='lat' dir='ltr'><strong>ajumento</strong></span> <span class='ocrx_word' id='word_1_86' title='bbox 1122 749 1164 804; x_wconf 90' lang='lat' dir='ltr'><strong>cui</strong></span> <span class='ocrx_word' id='word_1_87' title='bbox 1179 749 1295 823; x_wconf 82' lang='lat' dir='ltr'><strong>insidet3</strong></span> <span class='ocrx_word' id='word_1_88' title='bbox 1312 753 1461 808; x_wconf 89' lang='lat' dir='ltr'><strong>secundum</strong></span> <span class='ocrx_word' id='word_1_89' title='bbox 1476 754 1510 810; x_wconf 91' lang='lat' dir='ltr'><strong>ab</strong></span> <span class='ocrx_word' id='word_1_90' title='bbox 1525 753 1565 811; x_wconf 85' lang='lat' dir='ltr'><strong>eia</strong></span> <span class='ocrx_word' id='word_1_91' title='bbox 1588 757 1635 827; x_wconf 93' lang='lat' dir='ltr'><strong>qni</strong></span> <span class='ocrx_word' id='word_1_92' title='bbox 1650 774 1703 814; x_wconf 90' lang='lat' dir='ltr'><strong>sua</strong></span> <span class='ocrx_word' id='word_1_93' title='bbox 1716 759 1757 817; x_wconf 89' lang='lat' dir='ltr'><strong>illi</strong></span> 
     </span>
     <span class='ocr_line' id='line_1_8' title="bbox 103 835 1756 917; baseline 0.002 -18"><span class='ocrx_word' id='word_1_94' title='bbox 103 842 251 916; x_wconf 83' lang='lat' dir='ltr'><strong>spiritualia</strong></span> <span class='ocrx_word' id='word_1_95' title='bbox 265 851 462 916; x_wconf 80' lang='lat' dir='ltr'><strong>comparantes,</strong></span> <span class='ocrx_word' id='word_1_96' title='bbox 477 841 505 896; x_wconf 93' lang='lat' dir='ltr'><strong>in</strong></span> <span class='ocrx_word' id='word_1_97' title='bbox 519 841 692 912; x_wconf 86' lang='lat' dir='ltr'><strong>processione</strong></span> <span class='ocrx_word' id='word_1_98' title='bbox 708 839 817 913; x_wconf 88' lang='lat' dir='ltr'><strong>quidem</strong></span> <span class='ocrx_word' id='word_1_99' title='bbox 843 856 900 896; x_wconf 86' lang='lat' dir='ltr'><strong>coe·</strong></span> <span class='ocrx_word' id='word_1_100' title='bbox 956 835 1116 892; x_wconf 83' lang='lat' dir='ltr'><strong>vestimenta</strong></span> <span class='ocrx_word' id='word_1_101' title='bbox 1138 844 1282 906; x_wconf 83' lang='lat' dir='ltr'><strong>sternunt;</strong></span> <span class='ocrx_word' id='word_1_102' title='bbox 1310 841 1418 896; x_wconf 88' lang='lat' dir='ltr'><strong>tertium</strong></span> <span class='ocrx_word' id='word_1_103' title='bbox 1441 857 1517 911; x_wconf 87' lang='lat' dir='ltr'><strong>vcro,</strong></span> <span class='ocrx_word' id='word_1_104' title='bbox 1538 843 1574 899; x_wconf 85' lang='lat' dir='ltr'><strong>ab</strong></span> <span class='ocrx_word' id='word_1_105' title='bbox 1597 845 1639 900; x_wconf 88' lang='lat' dir='ltr'><strong>his</strong></span> <span class='ocrx_word' id='word_1_106' title='bbox 1658 847 1756 917; x_wconf 89' lang='lat' dir='ltr'><strong>quide</strong></span> 
     </span>
     <span class='ocr_line' id='line_1_9' title="bbox 104 924 1757 1004; baseline 0.01 -30"><span class='ocrx_word' id='word_1_107' title='bbox 104 933 181 991; x_wconf 58' lang='lat' dir='ltr'><strong>pesp,</strong></span> <span class='ocrx_word' id='word_1_108' title='bbox 208 932 301 1004; x_wconf 56' lang='lat' dir='ltr'><strong>papia,</strong></span> <span class='ocrx_word' id='word_1_109' title='bbox 323 938 551 1001; x_wconf 58' lang='lat' dir='ltr'><strong>rem-menemus</strong></span> <span class='ocrx_word' id='word_1_110' title='bbox 578 928 703 1001; x_wconf 64' lang='lat' dir='ltr'><strong>gloriam,</strong></span> <span class='ocrx_word' id='word_1_111' title='bbox 728 929 755 983; x_wconf 70' lang='lat' dir='ltr'><strong>in</strong></span> <span class='ocrx_word' id='word_1_112' title='bbox 775 929 903 1001; x_wconf 63' lang='lat' dir='ltr'><strong>passione</strong></span> <span class='ocrx_word' id='word_1_113' title='bbox 956 924 1097 981; x_wconf 85' lang='lat' dir='ltr'><strong>arboribus</strong></span> <span class='ocrx_word' id='word_1_114' title='bbox 1112 942 1201 985; x_wconf 91' lang='lat' dir='ltr'><strong>ramos</strong></span> <span class='ocrx_word' id='word_1_115' title='bbox 1219 928 1325 985; x_wconf 85' lang='lat' dir='ltr'><strong>caedere</strong></span> <span class='ocrx_word' id='word_1_116' title='bbox 1338 929 1526 1001; x_wconf 88' lang='lat' dir='ltr'><strong>perhibentur.</strong></span> <span class='ocrx_word' id='word_1_117' title='bbox 1547 932 1645 989; x_wconf 87' lang='lat' dir='ltr'><strong>Nonne</strong></span> <span class='ocrx_word' id='word_1_118' title='bbox 1663 942 1757 991; x_wconf 91' lang='lat' dir='ltr'><strong>tamen</strong></span> 
     </span>
     <span class='ocr_line' id='line_1_10' title="bbox 104 1015 1757 1090; baseline 0.002 -14"><span class='ocrx_word' id='word_1_119' title='bbox 104 1029 285 1078; x_wconf 91' lang='lat' dir='ltr'><strong>monstramus</strong></span> <span class='ocrx_word' id='word_1_120' title='bbox 299 1019 380 1075; x_wconf 84' lang='lat' dir='ltr'><strong>viam.</strong></span> <span class='ocrx_word' id='word_1_121' title='bbox 404 1019 475 1074; x_wconf 92' lang='lat' dir='ltr'><strong>Nam</strong></span> <span class='ocrx_word' id='word_1_122' title='bbox 503 1018 527 1073; x_wconf 93' lang='lat' dir='ltr'><strong>si</strong></span> <span class='ocrx_word' id='word_1_123' title='bbox 543 1018 572 1074; x_wconf 91' lang='lat' dir='ltr'><strong>in</strong></span> <span class='ocrx_word' id='word_1_124' title='bbox 591 1016 768 1090; x_wconf 87' lang='lat' dir='ltr'><strong>processione</strong></span> <span class='ocrx_word' id='word_1_125' title='bbox 792 1017 903 1090; x_wconf 91' lang='lat' dir='ltr'><strong>quidem</strong></span> <span class='ocrx_word' id='word_1_126' title='bbox 956 1026 1051 1070; x_wconf 89' lang='lat' dir='ltr'><strong>omnes</strong></span> <span class='ocrx_word' id='word_1_127' title='bbox 1065 1015 1162 1087; x_wconf 87' lang='lat' dir='ltr'><strong>reliqui</strong></span> <span class='ocrx_word' id='word_1_128' title='bbox 1176 1031 1210 1071; x_wconf 90' lang='lat' dir='ltr'><strong>ex</strong></span> <span class='ocrx_word' id='word_1_129' title='bbox 1225 1032 1258 1073; x_wconf 92' lang='lat' dir='ltr'><strong>eo</strong></span> <span class='ocrx_word' id='word_1_130' title='bbox 1278 1019 1352 1088; x_wconf 92' lang='lat' dir='ltr'><strong>qnod</strong></span> <span class='ocrx_word' id='word_1_131' title='bbox 1373 1017 1496 1073; x_wconf 88' lang='lat' dir='ltr'><strong>abundat</strong></span> <span class='ocrx_word' id='word_1_132' title='bbox 1518 1019 1569 1075; x_wconf 89' lang='lat' dir='ltr'><strong>sibi</strong></span> <span class='ocrx_word' id='word_1_133' title='bbox 1592 1021 1713 1090; x_wconf 89' lang='lat' dir='ltr'><strong>mittunt,</strong></span> <span class='ocrx_word' id='word_1_134' title='bbox 1729 1031 1757 1079; x_wconf 94' lang='lat' dir='ltr'><strong>et</strong></span> 
     </span>
     <span class='ocr_line' id='line_1_11' title="bbox 104 1101 1755 1177; baseline 0.001 -12"><span class='ocrx_word' id='word_1_135' title='bbox 104 1110 178 1165; x_wconf 85' lang='lat' dir='ltr'><strong>venit</strong></span> <span class='ocrx_word' id='word_1_136' title='bbox 191 1107 239 1163; x_wconf 92' lang='lat' dir='ltr'><strong>tibi</strong></span> <span class='ocrx_word' id='word_1_137' title='bbox 252 1107 280 1161; x_wconf 91' lang='lat' dir='ltr'><strong>in</strong></span> <span class='ocrx_word' id='word_1_138' title='bbox 294 1115 414 1163; x_wconf 89' lang='lat' dir='ltr'><strong>mentem</strong></span> <span class='ocrx_word' id='word_1_139' title='bbox 438 1105 528 1163; x_wconf 86' lang='lat' dir='ltr'><strong>lutura</strong></span> <span class='ocrx_word' id='word_1_140' title='bbox 542 1106 587 1162; x_wconf 91' lang='lat' dir='ltr'><strong>illa</strong></span> <span class='ocrx_word' id='word_1_141' title='bbox 601 1106 694 1163; x_wconf 85' lang='lat' dir='ltr'><strong>laetitia</strong></span> <span class='ocrx_word' id='word_1_142' title='bbox 718 1112 746 1162; x_wconf 92' lang='lat' dir='ltr'><strong>et</strong></span> <span class='ocrx_word' id='word_1_143' title='bbox 760 1105 903 1162; x_wconf 88' lang='lat' dir='ltr'><strong>exsultatio</strong></span> <span class='ocrx_word' id='word_1_144' title='bbox 956 1101 1033 1170; x_wconf 91' lang='lat' dir='ltr'><strong>quasi</strong></span> <span class='ocrx_word' id='word_1_145' title='bbox 1047 1101 1107 1157; x_wconf 92' lang='lat' dir='ltr'><strong>sine</strong></span> <span class='ocrx_word' id='word_1_146' title='bbox 1129 1105 1286 1174; x_wconf 73' lang='lat' dir='ltr'><strong>gravamine</strong></span> <span class='ocrx_word' id='word_1_147' title='bbox 1314 1105 1504 1177; x_wconf 89' lang='lat' dir='ltr'><strong>obsequuntur</strong></span> <span class='ocrx_word' id='word_1_148' title='bbox 1522 1107 1649 1176; x_wconf 87' lang='lat' dir='ltr'><strong>Domino,</strong></span> <span class='ocrx_word' id='word_1_149' title='bbox 1665 1110 1755 1167; x_wconf 87' lang='lat' dir='ltr'><strong>solum</strong></span> 
     </span>
     <span class='ocr_line' id='line_1_12' title="bbox 104 1191 1757 1270; baseline 0.002 -19"><span class='ocrx_word' id='word_1_150' title='bbox 104 1196 187 1253; x_wconf 90' lang='lat' dir='ltr'><strong>multa</strong></span> <span class='ocrx_word' id='word_1_151' title='bbox 209 1194 300 1261; x_wconf 88' lang='lat' dir='ltr'><strong>nimis,</strong></span> <span class='ocrx_word' id='word_1_152' title='bbox 322 1195 432 1267; x_wconf 91' lang='lat' dir='ltr'><strong>quando</strong></span> <span class='ocrx_word' id='word_1_153' title='bbox 455 1195 592 1267; x_wconf 88' lang='lat' dir='ltr'><strong>rapiemur</strong></span> <span class='ocrx_word' id='word_1_154' title='bbox 605 1194 634 1251; x_wconf 91' lang='lat' dir='ltr'><strong>in</strong></span> <span class='ocrx_word' id='word_1_155' title='bbox 657 1194 774 1251; x_wconf 89' lang='lat' dir='ltr'><strong>nubibus</strong></span> <span class='ocrx_word' id='word_1_156' title='bbox 795 1194 902 1252; x_wconf 88' lang='lat' dir='ltr'><strong>obviam</strong></span> <span class='ocrx_word' id='word_1_157' title='bbox 956 1205 1022 1246; x_wconf 89' lang='lat' dir='ltr'><strong>vcro</strong></span> <span class='ocrx_word' id='word_1_158' title='bbox 1034 1191 1185 1261; x_wconf 88' lang='lat' dir='ltr'><strong>jumentum</strong></span> <span class='ocrx_word' id='word_1_159' title='bbox 1209 1194 1383 1267; x_wconf 91' lang='lat' dir='ltr'><strong>semetipsum</strong></span> <span class='ocrx_word' id='word_1_160' title='bbox 1396 1195 1508 1266; x_wconf 86' lang='lat' dir='ltr'><strong>exponit</strong></span> <span class='ocrx_word' id='word_1_161' title='bbox 1522 1196 1584 1266; x_wconf 85' lang='lat' dir='ltr'><strong>ejus</strong></span> <span class='ocrx_word' id='word_1_162' title='bbox 1597 1198 1757 1270; x_wconf 77' lang='lat' dir='ltr'><strong>obsequio?</strong></span> 
     </span>
     <span class='ocr_line' id='line_1_13' title="bbox 104 1278 1756 1359; baseline -0.002 -18"><span class='ocrx_word' id='word_1_163' title='bbox 104 1283 210 1341; x_wconf 82' lang='lat' dir='ltr'><strong>Christo</strong></span> <span class='ocrx_word' id='word_1_164' title='bbox 233 1282 263 1340; x_wconf 90' lang='lat' dir='ltr'><strong>in</strong></span> <span class='ocrx_word' id='word_1_165' title='bbox 277 1298 357 1351; x_wconf 85' lang='lat' dir='ltr'><strong>aera;</strong></span> <span class='ocrx_word' id='word_1_166' title='bbox 377 1283 401 1338; x_wconf 91' lang='lat' dir='ltr'><strong>si</strong></span> <span class='ocrx_word' id='word_1_167' title='bbox 416 1291 472 1341; x_wconf 90' lang='lat' dir='ltr'><strong>tota</strong></span> <span class='ocrx_word' id='word_1_168' title='bbox 485 1282 705 1354; x_wconf 89' lang='lat' dir='ltr'><strong>concupiscentia</strong></span> <span class='ocrx_word' id='word_1_169' title='bbox 734 1283 828 1340; x_wconf 89' lang='lat' dir='ltr'><strong>videre</strong></span> <span class='ocrx_word' id='word_1_170' title='bbox 849 1284 901 1339; x_wconf 89' lang='lat' dir='ltr'><strong>de·</strong></span> <span class='ocrx_word' id='word_1_171' title='bbox 956 1278 1095 1335; x_wconf 90' lang='lat' dir='ltr'><strong>Silendum</strong></span> <span class='ocrx_word' id='word_1_172' title='bbox 1109 1281 1174 1336; x_wconf 91' lang='lat' dir='ltr'><strong>mihi</strong></span> <span class='ocrx_word' id='word_1_173' title='bbox 1189 1289 1240 1350; x_wconf 88' lang='lat' dir='ltr'><strong>est,</strong></span> <span class='ocrx_word' id='word_1_174' title='bbox 1256 1292 1286 1339; x_wconf 91' lang='lat' dir='ltr'><strong>ut</strong></span> <span class='ocrx_word' id='word_1_175' title='bbox 1299 1283 1445 1340; x_wconf 89' lang='lat' dir='ltr'><strong>elationem</strong></span> <span class='ocrx_word' id='word_1_176' title='bbox 1458 1283 1598 1354; x_wconf 85' lang='lat' dir='ltr'><strong>caveatis;</strong></span> <span class='ocrx_word' id='word_1_177' title='bbox 1613 1302 1649 1342; x_wconf 91' lang='lat' dir='ltr'><strong>an</strong></span> <span class='ocrx_word' id='word_1_178' title='bbox 1667 1288 1756 1359; x_wconf 80' lang='lat' dir='ltr'><strong>magis</strong></span> 
     </span>
     <span class='ocr_line' id='line_1_14' title="bbox 103 1366 1755 1446; baseline 0.002 -17"><span class='ocrx_word' id='word_1_179' title='bbox 103 1372 207 1429; x_wconf 73' lang='lat' dir='ltr'><strong>sidem</strong></span> <span class='ocrx_word' id='word_1_180' title='bbox 225 1371 298 1428; x_wconf 69' lang='lat' dir='ltr'><strong>mem</strong></span> <span class='ocrx_word' id='word_1_181' title='bbox 320 1370 406 1441; x_wconf 90' lang='lat' dir='ltr'><strong>illam,</strong></span> <span class='ocrx_word' id='word_1_182' title='bbox 422 1371 533 1446; x_wconf 91' lang='lat' dir='ltr'><strong>quando</strong></span> <span class='ocrx_word' id='word_1_183' title='bbox 556 1371 719 1443; x_wconf 86' lang='lat' dir='ltr'><strong>suscipietur</strong></span> <span class='ocrx_word' id='word_1_184' title='bbox 746 1372 775 1428; x_wconf 91' lang='lat' dir='ltr'><strong>iu</strong></span> <span class='ocrx_word' id='word_1_185' title='bbox 801 1371 903 1430; x_wconf 66' lang='lat' dir='ltr'><strong>caelesti</strong></span> <span class='ocrx_word' id='word_1_186' title='bbox 956 1366 1061 1440; x_wconf 87' lang='lat' dir='ltr'><strong>loquar,</strong></span> <span class='ocrx_word' id='word_1_187' title='bbox 1077 1370 1239 1426; x_wconf 87' lang='lat' dir='ltr'><strong>athabeatis</strong></span> <span class='ocrx_word' id='word_1_188' title='bbox 1252 1371 1651 1431; x_wconf 77' lang='lat' dir='ltr'><strong>consolationemilumentum</strong></span> <span class='ocrx_word' id='word_1_189' title='bbox 1666 1384 1755 1442; x_wconf 88' lang='lat' dir='ltr'><strong>certe,</strong></span> 
     </span>
     <span class='ocr_line' id='line_1_15' title="bbox 103 1457 1756 1534; baseline 0.002 -18"><span class='ocrx_word' id='word_1_190' title='bbox 103 1459 252 1518; x_wconf 82' lang='lat' dir='ltr'><strong>Jerusalem</strong></span> <span class='ocrx_word' id='word_1_191' title='bbox 281 1459 402 1517; x_wconf 84' lang='lat' dir='ltr'><strong>Christus</strong></span> <span class='ocrx_word' id='word_1_192' title='bbox 424 1459 572 1526; x_wconf 86' lang='lat' dir='ltr'><strong>Dominus,</strong></span> <span class='ocrx_word' id='word_1_193' title='bbox 591 1468 673 1532; x_wconf 91' lang='lat' dir='ltr'><strong>caput</strong></span> <span class='ocrx_word' id='word_1_194' title='bbox 696 1476 758 1516; x_wconf 87' lang='lat' dir='ltr'><strong>cum</strong></span> <span class='ocrx_word' id='word_1_195' title='bbox 775 1460 903 1517; x_wconf 89' lang='lat' dir='ltr'><strong>omnibus</strong></span> <span class='ocrx_word' id='word_1_196' title='bbox 956 1457 999 1513; x_wconf 92' lang='lat' dir='ltr'><strong>cui</strong></span> <span class='ocrx_word' id='word_1_197' title='bbox 1013 1457 1114 1515; x_wconf 90' lang='lat' dir='ltr'><strong>insidet</strong></span> <span class='ocrx_word' id='word_1_198' title='bbox 1127 1459 1257 1529; x_wconf 75' lang='lat' dir='ltr'><strong>Cbnstua,</strong></span> <span class='ocrx_word' id='word_1_199' title='bbox 1283 1475 1373 1516; x_wconf 91' lang='lat' dir='ltr'><strong>nonne</strong></span> <span class='ocrx_word' id='word_1_200' title='bbox 1393 1475 1442 1516; x_wconf 85' lang='lat' dir='ltr'><strong>ros</strong></span> <span class='ocrx_word' id='word_1_201' title='bbox 1465 1461 1756 1534; x_wconf 75' lang='lat' dir='ltr'><strong>eatis,1‘uxtapraece-</strong></span> 
     </span>
     <span class='ocr_line' id='line_1_16' title="bbox 103 1547 1757 1622; baseline 0.002 -18"><span class='ocrx_word' id='word_1_202' title='bbox 103 1548 244 1616; x_wconf 88' lang='lat' dir='ltr'><strong>membris,</strong></span> <span class='ocrx_word' id='word_1_203' title='bbox 264 1557 376 1621; x_wconf 88' lang='lat' dir='ltr'><strong>portans</strong></span> <span class='ocrx_word' id='word_1_204' title='bbox 392 1547 555 1621; x_wconf 90' lang='lat' dir='ltr'><strong>triumphum</strong></span> <span class='ocrx_word' id='word_1_205' title='bbox 583 1548 712 1610; x_wconf 79' lang='lat' dir='ltr'><strong>victoriae.</strong></span> <span class='ocrx_word' id='word_1_206' title='bbox 733 1549 901 1621; x_wconf 92' lang='lat' dir='ltr'><strong>applauden-</strong></span> <span class='ocrx_word' id='word_1_207' title='bbox 957 1554 1031 1616; x_wconf 90' lang='lat' dir='ltr'><strong>ptum</strong></span> <span class='ocrx_word' id='word_1_208' title='bbox 1050 1547 1183 1618; x_wconf 79' lang='lat' dir='ltr'><strong>apostati,</strong></span> <span class='ocrx_word' id='word_1_209' title='bbox 1209 1548 1391 1622; x_wconf 73' lang='lat' dir='ltr'><strong>glorificantes</strong></span> <span class='ocrx_word' id='word_1_210' title='bbox 1404 1559 1433 1605; x_wconf 90' lang='lat' dir='ltr'><strong>ct</strong></span> <span class='ocrx_word' id='word_1_211' title='bbox 1455 1558 1594 1622; x_wconf 88' lang='lat' dir='ltr'><strong>portantes</strong></span> <span class='ocrx_word' id='word_1_212' title='bbox 1617 1552 1704 1608; x_wconf 92' lang='lat' dir='ltr'><strong>Deum</strong></span> <span class='ocrx_word' id='word_1_213' title='bbox 1729 1553 1757 1607; x_wconf 91' lang='lat' dir='ltr'><strong>irr</strong></span> 
     </span>
     <span class='ocr_line' id='line_1_17' title="bbox 105 1619 1756 1711; baseline 0.002 -17"><span class='ocrx_word' id='word_1_214' title='bbox 105 1637 176 1694; x_wconf 87' lang='lat' dir='ltr'><strong>tibus</strong></span> <span class='ocrx_word' id='word_1_215' title='bbox 199 1637 254 1708; x_wconf 83' lang='lat' dir='ltr'><strong>jam</strong></span> <span class='ocrx_word' id='word_1_216' title='bbox 274 1652 329 1695; x_wconf 92' lang='lat' dir='ltr'><strong>non</strong></span> <span class='ocrx_word' id='word_1_217' title='bbox 352 1637 532 1709; x_wconf 89' lang='lat' dir='ltr'><strong>popularibus</strong></span> <span class='ocrx_word' id='word_1_218' title='bbox 554 1636 656 1700; x_wconf 87' lang='lat' dir='ltr'><strong>turmis.</strong></span> <span class='ocrx_word' id='word_1_219' title='bbox 680 1638 730 1694; x_wconf 92' lang='lat' dir='ltr'><strong>sed</strong></span> <span class='ocrx_word' id='word_1_220' title='bbox 761 1637 904 1694; x_wconf 90' lang='lat' dir='ltr'><strong>virtutibus</strong></span> <span class='ocrx_word' id='word_1_221' title='bbox 919 1619 941 1697; x_wconf 78' lang='grc' dir='ltr'><strong><em>Β</em></strong></span> <span class='ocrx_word' id='word_1_222' title='bbox 957 1635 1116 1707; x_wconf 89' lang='lat' dir='ltr'><strong>corporibus</strong></span> <span class='ocrx_word' id='word_1_223' title='bbox 1129 1635 1246 1694; x_wconf 72' lang='lat' dir='ltr'><strong>vestris?</strong></span> <span class='ocrx_word' id='word_1_224' title='bbox 1257 1641 1281 1708; x_wconf 85' lang='grc'><strong>(4</strong></span> <span class='ocrx_word' id='word_1_225' title='bbox 1294 1640 1358 1696; x_wconf 84' lang='lat' dir='ltr'><strong>Cor.</strong></span> <span class='ocrx_word' id='word_1_226' title='bbox 1374 1655 1412 1705; x_wconf 90' lang='lat' dir='ltr'><strong>vr,</strong></span> <span class='ocrx_word' id='word_1_227' title='bbox 1428 1641 1486 1710; x_wconf 78' lang='lat'><strong>20.)</strong></span> <span class='ocrx_word' id='word_1_228' title='bbox 1499 1641 1664 1711; x_wconf 88' lang='lat' dir='ltr'><strong>Expendunt</strong></span> <span class='ocrx_word' id='word_1_229' title='bbox 1682 1641 1756 1697; x_wconf 91' lang='lat' dir='ltr'><strong>enim</strong></span> 
     </span>
     <span class='ocr_line' id='line_1_18' title="bbox 104 1724 1756 1802; baseline 0.001 -19"><span class='ocrx_word' id='word_1_230' title='bbox 104 1724 245 1800; x_wconf 70' lang='lat' dir='ltr'><strong>angelicis,</strong></span> <span class='ocrx_word' id='word_1_231' title='bbox 273 1725 454 1782; x_wconf 87' lang='lat' dir='ltr'><strong>clamantibus</strong></span> <span class='ocrx_word' id='word_1_232' title='bbox 476 1725 596 1798; x_wconf 90' lang='lat' dir='ltr'><strong>undique</strong></span> <span class='ocrx_word' id='word_1_233' title='bbox 629 1727 739 1799; x_wconf 91' lang='lat' dir='ltr'><strong>populis</strong></span> <span class='ocrx_word' id='word_1_234' title='bbox 762 1726 904 1798; x_wconf 89' lang='lat' dir='ltr'><strong>utriusque</strong></span> <span class='ocrx_word' id='word_1_235' title='bbox 958 1726 1102 1782; x_wconf 82' lang='lat' dir='ltr'><strong>saeculares</strong></span> <span class='ocrx_word' id='word_1_236' title='bbox 1116 1726 1240 1782; x_wconf 89' lang='lat' dir='ltr'><strong>homines</strong></span> <span class='ocrx_word' id='word_1_237' title='bbox 1253 1727 1281 1783; x_wconf 93' lang='lat' dir='ltr'><strong>in</strong></span> <span class='ocrx_word' id='word_1_238' title='bbox 1300 1728 1462 1799; x_wconf 88' lang='lat' dir='ltr'><strong>obsequium</strong></span> <span class='ocrx_word' id='word_1_239' title='bbox 1485 1728 1603 1797; x_wconf 89' lang='lat' dir='ltr'><strong>Domini,</strong></span> <span class='ocrx_word' id='word_1_240' title='bbox 1619 1744 1674 1786; x_wconf 91' lang='lat' dir='ltr'><strong>non</strong></span> <span class='ocrx_word' id='word_1_241' title='bbox 1692 1731 1756 1802; x_wconf 91' lang='lat' dir='ltr'><strong>qui-</strong></span> 
     </span>
     <span class='ocr_line' id='line_1_19' title="bbox 104 1812 1764 1888; baseline 0.002 -20"><span class='ocrx_word' id='word_1_242' title='bbox 104 1812 284 1883; x_wconf 83' lang='lat' dir='ltr'><strong>Testamenti,</strong></span> <span class='ocrx_word' id='word_1_243' title='bbox 297 1814 464 1873; x_wconf 60' lang='lat' dir='ltr'><strong>&amp;nedictus</strong></span> <span class='ocrx_word' id='word_1_244' title='bbox 474 1817 523 1887; x_wconf 83' lang='lat' dir='ltr'><strong>qui</strong></span> <span class='ocrx_word' id='word_1_245' title='bbox 532 1816 611 1873; x_wconf 77' lang='lat' dir='ltr'><strong>uenit</strong></span> <span class='ocrx_word' id='word_1_246' title='bbox 622 1815 778 1873; x_wconf 79' lang='lat' dir='ltr'><strong>innomine</strong></span> <span class='ocrx_word' id='word_1_247' title='bbox 788 1817 903 1874; x_wconf 83' lang='lat' dir='ltr'><strong>Domini</strong></span> <span class='ocrx_word' id='word_1_248' title='bbox 958 1812 1021 1869; x_wconf 91' lang='lat' dir='ltr'><strong>dem</strong></span> <span class='ocrx_word' id='word_1_249' title='bbox 1067 1829 1191 1886; x_wconf 89' lang='lat' dir='ltr'><strong>corpora,</strong></span> <span class='ocrx_word' id='word_1_250' title='bbox 1238 1817 1288 1872; x_wconf 86' lang='lat' dir='ltr'><strong>sed</strong></span> <span class='ocrx_word' id='word_1_251' title='bbox 1324 1816 1480 1888; x_wconf 82' lang='lat' dir='ltr'><strong>adjacente,</strong></span> <span class='ocrx_word' id='word_1_252' title='bbox 1524 1826 1551 1872; x_wconf 88' lang='lat' dir='ltr'><strong>et</strong></span> <span class='ocrx_word' id='word_1_253' title='bbox 1598 1818 1764 1874; x_wconf 89' lang='lat' dir='ltr'><strong>necessaria·</strong></span> 
     </span>
     <span class='ocr_line' id='line_1_20' title="bbox 104 1901 1757 1974; baseline 0.003 -16"><span class='ocrx_word' id='word_1_254' title='bbox 104 1902 217 1973; x_wconf 75' lang='lat' dir='ltr'><strong>(uarat.</strong></span> <span class='ocrx_word' id='word_1_255' title='bbox 232 1901 417 1973; x_wconf 82' lang='lat' dir='ltr'><strong>xxxr,s):si,</strong></span> <span class='ocrx_word' id='word_1_256' title='bbox 431 1901 553 1974; x_wconf 87' lang='lat' dir='ltr'><strong>inquam,</strong></span> <span class='ocrx_word' id='word_1_257' title='bbox 568 1903 745 1960; x_wconf 88' lang='lat' dir='ltr'><strong>considerasti</strong></span> <span class='ocrx_word' id='word_1_258' title='bbox 759 1903 905 1974; x_wconf 81' lang='lat' dir='ltr'><strong>inproces</strong></span> <span class='ocrx_word' id='word_1_259' title='bbox 959 1912 1022 1957; x_wconf 91' lang='lat' dir='ltr'><strong>sunt</strong></span> <span class='ocrx_word' id='word_1_260' title='bbox 1044 1903 1197 1973; x_wconf 82' lang='lat' dir='ltr'><strong>soporibus,</strong></span> <span class='ocrx_word' id='word_1_261' title='bbox 1226 1920 1288 1960; x_wconf 90' lang='lat' dir='ltr'><strong>cum</strong></span> <span class='ocrx_word' id='word_1_262' title='bbox 1316 1905 1351 1961; x_wconf 92' lang='lat' dir='ltr'><strong>dc</strong></span> <span class='ocrx_word' id='word_1_263' title='bbox 1375 1912 1484 1961; x_wconf 88' lang='lat' dir='ltr'><strong>terrena</strong></span> <span class='ocrx_word' id='word_1_264' title='bbox 1507 1905 1659 1962; x_wconf 87' lang='lat' dir='ltr'><strong>substantia</strong></span> <span class='ocrx_word' id='word_1_265' title='bbox 1681 1908 1757 1963; x_wconf 89' lang='lat' dir='ltr'><strong>elec·</strong></span> 
     </span>
     <span class='ocr_line' id='line_1_21' title="bbox 105 1989 1759 2066; baseline 0.003 -20"><span class='ocrx_word' id='word_1_266' title='bbox 105 1989 181 2046; x_wconf 73' lang='lat' dir='ltr'><strong>moue</strong></span> <span class='ocrx_word' id='word_1_267' title='bbox 196 2004 250 2063; x_wconf 91' lang='lat' dir='ltr'><strong>quo</strong></span> <span class='ocrx_word' id='word_1_268' title='bbox 274 1990 475 2062; x_wconf 88' lang='lat' dir='ltr'><strong>properandum</strong></span> <span class='ocrx_word' id='word_1_269' title='bbox 499 1991 545 2057; x_wconf 92' lang='lat' dir='ltr'><strong>sit,</strong></span> <span class='ocrx_word' id='word_1_270' title='bbox 565 1991 639 2048; x_wconf 85' lang='lat' dir='ltr'><strong>disce</strong></span> <span class='ocrx_word' id='word_1_271' title='bbox 654 1992 681 2047; x_wconf 92' lang='lat' dir='ltr'><strong>in</strong></span> <span class='ocrx_word' id='word_1_272' title='bbox 701 1992 828 2064; x_wconf 89' lang='lat' dir='ltr'><strong>passione</strong></span> <span class='ocrx_word' id='word_1_273' title='bbox 852 2010 905 2065; x_wconf 89' lang='lat' dir='ltr'><strong>qua</strong></span> <span class='ocrx_word' id='word_1_274' title='bbox 959 1991 1259 2066; x_wconf 83' lang='lat' dir='ltr'><strong>mosynaslarginntur,</strong></span> <span class='ocrx_word' id='word_1_275' title='bbox 1282 1993 1378 2049; x_wconf 84' lang='lat' dir='ltr'><strong>Prelati</strong></span> <span class='ocrx_word' id='word_1_276' title='bbox 1402 2009 1512 2066; x_wconf 90' lang='lat' dir='ltr'><strong>quoque</strong></span> <span class='ocrx_word' id='word_1_277' title='bbox 1537 2008 1628 2050; x_wconf 91' lang='lat' dir='ltr'><strong>ramos</strong></span> <span class='ocrx_word' id='word_1_278' title='bbox 1647 1995 1759 2052; x_wconf 81' lang='lat' dir='ltr'><strong>cadunt</strong></span> 
     </span>
     <span class='ocr_line' id='line_1_22' title="bbox 104 2077 1756 2152; baseline 0.004 -19"><span class='ocrx_word' id='word_1_279' title='bbox 104 2078 139 2133; x_wconf 92' lang='lat' dir='ltr'><strong>sit</strong></span> <span class='ocrx_word' id='word_1_280' title='bbox 153 2078 282 2134; x_wconf 89' lang='lat' dir='ltr'><strong>eundum.</strong></span> <span class='ocrx_word' id='word_1_281' title='bbox 305 2079 369 2135; x_wconf 77' lang='lat' dir='ltr'><strong>llaec</strong></span> <span class='ocrx_word' id='word_1_282' title='bbox 382 2088 424 2135; x_wconf 90' lang='lat' dir='ltr'><strong>est</strong></span> <span class='ocrx_word' id='word_1_283' title='bbox 439 2079 512 2135; x_wconf 89' lang='lat' dir='ltr'><strong>caim</strong></span> <span class='ocrx_word' id='word_1_284' title='bbox 527 2078 570 2134; x_wconf 90' lang='lat' dir='ltr'><strong>via</strong></span> <span class='ocrx_word' id='word_1_285' title='bbox 586 2080 660 2146; x_wconf 82' lang='lat' dir='ltr'><strong>vitre,</strong></span> <span class='ocrx_word' id='word_1_286' title='bbox 677 2080 815 2136; x_wconf 91' lang='lat' dir='ltr'><strong>tribulatio</strong></span> <span class='ocrx_word' id='word_1_287' title='bbox 831 2098 904 2152; x_wconf 73' lang='lat' dir='ltr'><strong>pree·</strong></span> <span class='ocrx_word' id='word_1_288' title='bbox 958 2077 994 2134; x_wconf 90' lang='lat' dir='ltr'><strong>de</strong></span> <span class='ocrx_word' id='word_1_289' title='bbox 1005 2079 1156 2146; x_wconf 90' lang='lat' dir='ltr'><strong>arboribus,</strong></span> <span class='ocrx_word' id='word_1_290' title='bbox 1172 2081 1248 2138; x_wconf 83' lang='lat' dir='ltr'><strong>uerbi</strong></span> <span class='ocrx_word' id='word_1_291' title='bbox 1258 2096 1349 2149; x_wconf 88' lang='lat' dir='ltr'><strong>cansa,</strong></span> <span class='ocrx_word' id='word_1_292' title='bbox 1365 2097 1426 2137; x_wconf 91' lang='lat' dir='ltr'><strong>cum</strong></span> <span class='ocrx_word' id='word_1_293' title='bbox 1441 2082 1476 2137; x_wconf 92' lang='lat' dir='ltr'><strong>de</strong></span> <span class='ocrx_word' id='word_1_294' title='bbox 1492 2081 1545 2138; x_wconf 91' lang='lat' dir='ltr'><strong>lide</strong></span> <span class='ocrx_word' id='word_1_295' title='bbox 1559 2089 1587 2138; x_wconf 88' lang='lat' dir='ltr'><strong>et</strong></span> <span class='ocrx_word' id='word_1_296' title='bbox 1597 2081 1756 2141; x_wconf 89' lang='lat' dir='ltr'><strong>obedientia</strong></span> 
     </span>
     <span class='ocr_line' id='line_1_23' title="bbox 104 2165 1755 2243; baseline 0.002 -22"><span class='ocrx_word' id='word_1_297' title='bbox 104 2180 187 2234; x_wconf 85' lang='lat' dir='ltr'><strong>sens;</strong></span> <span class='ocrx_word' id='word_1_298' title='bbox 201 2166 244 2223; x_wconf 85' lang='lat' dir='ltr'><strong>via</strong></span> <span class='ocrx_word' id='word_1_299' title='bbox 258 2166 362 2238; x_wconf 77' lang='lat' dir='ltr'><strong>gloriae,</strong></span> <span class='ocrx_word' id='word_1_300' title='bbox 379 2166 422 2223; x_wconf 86' lang='lat' dir='ltr'><strong>ria</strong></span> <span class='ocrx_word' id='word_1_301' title='bbox 442 2167 559 2224; x_wconf 87' lang='lat' dir='ltr'><strong>civitatis</strong></span> <span class='ocrx_word' id='word_1_302' title='bbox 577 2168 732 2235; x_wconf 89' lang='lat' dir='ltr'><strong>habitaculi,</strong></span> <span class='ocrx_word' id='word_1_303' title='bbox 756 2169 800 2225; x_wconf 90' lang='lat' dir='ltr'><strong>via</strong></span> <span class='ocrx_word' id='word_1_304' title='bbox 815 2170 904 2242; x_wconf 75' lang='lat' dir='ltr'><strong>regni,</strong></span> <span class='ocrx_word' id='word_1_305' title='bbox 959 2167 1084 2232; x_wconf 76' lang='lat' dir='ltr'><strong>lbralue,</strong></span> <span class='ocrx_word' id='word_1_306' title='bbox 1092 2165 1126 2223; x_wconf 93' lang='lat' dir='ltr'><strong>de</strong></span> <span class='ocrx_word' id='word_1_307' title='bbox 1136 2167 1259 2225; x_wconf 88' lang='lat' dir='ltr'><strong>castitate</strong></span> <span class='ocrx_word' id='word_1_308' title='bbox 1268 2168 1380 2242; x_wconf 84' lang='lat' dir='ltr'><strong>loseplx,</strong></span> <span class='ocrx_word' id='word_1_309' title='bbox 1392 2168 1427 2225; x_wconf 93' lang='lat' dir='ltr'><strong>de</strong></span> <span class='ocrx_word' id='word_1_310' title='bbox 1440 2168 1648 2225; x_wconf 90' lang='lat' dir='ltr'><strong>mansuetudine</strong></span> <span class='ocrx_word' id='word_1_311' title='bbox 1658 2170 1755 2243; x_wconf 81' lang='lat' dir='ltr'><strong>ldoysi,</strong></span> 
     </span>
     <span class='ocr_line' id='line_1_24' title="bbox 104 2254 1757 2328; baseline 0.004 -19"><span class='ocrx_word' id='word_1_312' title='bbox 104 2254 256 2310; x_wconf 87' lang='lat' dir='ltr'><strong>secuudum</strong></span> <span class='ocrx_word' id='word_1_313' title='bbox 284 2255 357 2325; x_wconf 93' lang='lat' dir='ltr'><strong>quod</strong></span> <span class='ocrx_word' id='word_1_314' title='bbox 381 2254 478 2311; x_wconf 88' lang='lat' dir='ltr'><strong>clamat</strong></span> <span class='ocrx_word' id='word_1_315' title='bbox 501 2255 572 2313; x_wconf 90' lang='lat' dir='ltr'><strong>latro</strong></span> <span class='ocrx_word' id='word_1_316' title='bbox 591 2256 626 2313; x_wconf 92' lang='lat' dir='ltr'><strong>de</strong></span> <span class='ocrx_word' id='word_1_317' title='bbox 649 2273 749 2313; x_wconf 90' lang='lat' dir='ltr'><strong>cruce:</strong></span> <span class='ocrx_word' id='word_1_318' title='bbox 767 2259 900 2316; x_wconf 71' lang='lat' dir='ltr'><strong>Demetrio</strong></span> <span class='ocrx_word' id='word_1_319' title='bbox 960 2263 1174 2328; x_wconf 84' lang='lat' dir='ltr'><strong>caeterorumque</strong></span> <span class='ocrx_word' id='word_1_320' title='bbox 1202 2264 1357 2313; x_wconf 91' lang='lat' dir='ltr'><strong>sanctorum</strong></span> <span class='ocrx_word' id='word_1_321' title='bbox 1384 2257 1529 2314; x_wconf 85' lang='lat' dir='ltr'><strong>virtutibus</strong></span> <span class='ocrx_word' id='word_1_322' title='bbox 1557 2256 1757 2328; x_wconf 75' lang='lat' dir='ltr'><strong>evangelizant.</strong></span> 
     </span>
     <span class='ocr_line' id='line_1_25' title="bbox 107 2343 1757 2420; baseline 0.001 -21"><span class='ocrx_word' id='word_1_323' title='bbox 107 2346 173 2410; x_wconf 82' lang='lat' dir='ltr'><strong>mei,</strong></span> <span class='ocrx_word' id='word_1_324' title='bbox 192 2345 318 2411; x_wconf 79' lang='lat' dir='ltr'><strong>Domine,</strong></span> <span class='ocrx_word' id='word_1_325' title='bbox 334 2344 402 2401; x_wconf 84' lang='lat' dir='ltr'><strong>dum</strong></span> <span class='ocrx_word' id='word_1_326' title='bbox 422 2347 532 2403; x_wconf 77' lang='lat' dir='ltr'><strong>ueneris</strong></span> <span class='ocrx_word' id='word_1_327' title='bbox 555 2347 586 2401; x_wconf 83' lang='lat' dir='ltr'><strong>ira</strong></span> <span class='ocrx_word' id='word_1_328' title='bbox 599 2361 717 2419; x_wconf 77' lang='lat' dir='ltr'><strong>requam</strong></span> <span class='ocrx_word' id='word_1_329' title='bbox 735 2352 813 2404; x_wconf 82' lang='lat' dir='ltr'><strong>tcum</strong></span> <span class='ocrx_word' id='word_1_330' title='bbox 828 2348 904 2418; x_wconf 77' lang='lat' dir='ltr'><strong>(Luc.</strong></span> <span class='ocrx_word' id='word_1_331' title='bbox 960 2345 1153 2401; x_wconf 84' lang='lat' dir='ltr'><strong>Verumtamen</strong></span> <span class='ocrx_word' id='word_1_332' title='bbox 1167 2353 1194 2400; x_wconf 87' lang='lat' dir='ltr'><strong>el</strong></span> <span class='ocrx_word' id='word_1_333' title='bbox 1208 2343 1245 2399; x_wconf 89' lang='lat' dir='ltr'><strong>illi</strong></span> <span class='ocrx_word' id='word_1_334' title='bbox 1258 2345 1293 2400; x_wconf 89' lang='lat' dir='ltr'><strong>de</strong></span> <span class='ocrx_word' id='word_1_335' title='bbox 1308 2345 1500 2417; x_wconf 87' lang='lat' dir='ltr'><strong>promptuariis</strong></span> <span class='ocrx_word' id='word_1_336' title='bbox 1524 2344 1614 2417; x_wconf 91' lang='lat' dir='ltr'><strong>plenis</strong></span> <span class='ocrx_word' id='word_1_337' title='bbox 1634 2344 1757 2420; x_wconf 78' lang='lat' dir='ltr'><strong>largiun-</strong></span> 
     </span>
     <span class='ocr_line' id='line_1_26' title="bbox 107 2432 1759 2509; baseline 0.002 -22"><span class='ocrx_word' id='word_1_338' title='bbox 107 2445 190 2499; x_wconf 85' lang='lat' dir='ltr'><strong>xxxta,</strong></span> <span class='ocrx_word' id='word_1_339' title='bbox 210 2432 267 2503; x_wconf 83' lang='lat' dir='ltr'><strong>ta).</strong></span> <span class='ocrx_word' id='word_1_340' title='bbox 284 2433 402 2490; x_wconf 78' lang='lat' dir='ltr'><strong>Dantem</strong></span> <span class='ocrx_word' id='word_1_341' title='bbox 416 2433 444 2489; x_wconf 94' lang='lat' dir='ltr'><strong>in</strong></span> <span class='ocrx_word' id='word_1_342' title='bbox 468 2448 584 2509; x_wconf 80' lang='lat' dir='ltr'><strong>rcqnnm</strong></span> <span class='ocrx_word' id='word_1_343' title='bbox 602 2434 679 2500; x_wconf 86' lang='lat' dir='ltr'><strong>vidit,</strong></span> <span class='ocrx_word' id='word_1_344' title='bbox 696 2450 826 2508; x_wconf 89' lang='lat' dir='ltr'><strong>quocum</strong></span> <span class='ocrx_word' id='word_1_345' title='bbox 841 2452 906 2506; x_wconf 91' lang='lat' dir='ltr'><strong>per·</strong></span> <span class='ocrx_word' id='word_1_346' title='bbox 961 2443 1022 2502; x_wconf 84' lang='lat' dir='ltr'><strong>tur;</strong></span> <span class='ocrx_word' id='word_1_347' title='bbox 1038 2443 1066 2489; x_wconf 92' lang='lat' dir='ltr'><strong>et</strong></span> <span class='ocrx_word' id='word_1_348' title='bbox 1079 2433 1105 2488; x_wconf 86' lang='lat' dir='ltr'><strong>lai</strong></span> <span class='ocrx_word' id='word_1_349' title='bbox 1121 2451 1181 2505; x_wconf 88' lang='lat' dir='ltr'><strong>quae</strong></span> <span class='ocrx_word' id='word_1_350' title='bbox 1195 2443 1360 2504; x_wconf 87' lang='lat' dir='ltr'><strong>acceperunt</strong></span> <span class='ocrx_word' id='word_1_351' title='bbox 1374 2434 1471 2509; x_wconf 78' lang='lat' dir='ltr'><strong>gratis,</strong></span> <span class='ocrx_word' id='word_1_352' title='bbox 1486 2434 1572 2508; x_wconf 79' lang='lat' dir='ltr'><strong>gratis</strong></span> <span class='ocrx_word' id='word_1_353' title='bbox 1582 2435 1759 2491; x_wconf 86' lang='lat' dir='ltr'><strong>nibilominus</strong></span> 
     </span>
    </p>
   </div>
   <div class='ocr_carea' id='block_1_3' title="bbox 14 2518 1757 2597">
    <p class='ocr_par' dir='ltr' id='par_1_4' title="bbox 14 2518 1757 2597">
     <span class='ocr_line' id='line_1_27' title="bbox 14 2518 1757 2597; baseline 0.003 -24"><span class='ocrx_word' id='word_1_354' title='bbox 14 2525 19 2535; x_wconf 82' lang='grc'><em>’</em></span> <span class='ocrx_word' id='word_1_355' title='bbox 105 2518 235 2588; x_wconf 85' lang='lat' dir='ltr'><strong>venisset,</strong></span> <span class='ocrx_word' id='word_1_356' title='bbox 253 2521 294 2576; x_wconf 91' lang='lat' dir='ltr'><strong>sui</strong></span> <span class='ocrx_word' id='word_1_357' title='bbox 308 2537 457 2579; x_wconf 89' lang='lat' dir='ltr'><strong>memorem</strong></span> <span class='ocrx_word' id='word_1_358' title='bbox 477 2537 540 2579; x_wconf 88' lang='lat' dir='ltr'><strong>esse</strong></span> <span class='ocrx_word' id='word_1_359' title='bbox 555 2522 669 2597; x_wconf 78' lang='lat' dir='ltr'><strong>rogarit.</strong></span> <span class='ocrx_word' id='word_1_360' title='bbox 695 2523 822 2578; x_wconf 86' lang='lat' dir='ltr'><strong>Pervenit</strong></span> <span class='ocrx_word' id='word_1_361' title='bbox 836 2540 905 2595; x_wconf 81' lang='lat' dir='ltr'><strong>ergo</strong></span> <span class='ocrx_word' id='word_1_362' title='bbox 960 2522 1176 2591; x_wconf 90' lang='lat' dir='ltr'><strong>darejubentur.</strong></span> <span class='ocrx_word' id='word_1_363' title='bbox 1188 2523 1291 2578; x_wconf 88' lang='lat' dir='ltr'><strong>Omnes</strong></span> <span class='ocrx_word' id='word_1_364' title='bbox 1300 2529 1400 2592; x_wconf 74' lang='lat' dir='ltr'><strong>umen,</strong></span> <span class='ocrx_word' id='word_1_365' title='bbox 1413 2522 1436 2578; x_wconf 89' lang='lat' dir='ltr'><strong>si</strong></span> <span class='ocrx_word' id='word_1_366' title='bbox 1450 2522 1568 2579; x_wconf 85' lang='lat' dir='ltr'><strong>fideliter</strong></span> <span class='ocrx_word' id='word_1_367' title='bbox 1577 2538 1627 2579; x_wconf 85' lang='lat' dir='ltr'><strong>suo</strong></span> <span class='ocrx_word' id='word_1_368' title='bbox 1641 2523 1757 2595; x_wconf 90' lang='lat' dir='ltr'><strong>quisque</strong></span> 
     </span>
    </p>
   </div>
   <div class='ocr_carea' id='block_1_4' title="bbox 106 2608 1759 2947">
    <p class='ocr_par' dir='ltr' id='par_1_5' title="bbox 106 2608 1759 2947">
     <span class='ocr_line' id='line_1_28' title="bbox 107 2608 1759 2684; baseline 0.002 -21"><span class='ocrx_word' id='word_1_369' title='bbox 107 2608 227 2680; x_wconf 86' lang='lat' dir='ltr'><strong>etipse:</strong></span> <span class='ocrx_word' id='word_1_370' title='bbox 252 2610 302 2667; x_wconf 88' lang='lat' dir='ltr'><strong>sed</strong></span> <span class='ocrx_word' id='word_1_371' title='bbox 330 2609 353 2666; x_wconf 92' lang='lat' dir='ltr'><strong>si</strong></span> <span class='ocrx_word' id='word_1_372' title='bbox 372 2609 413 2667; x_wconf 85' lang='lat' dir='ltr'><strong>vis</strong></span> <span class='ocrx_word' id='word_1_373' title='bbox 440 2625 521 2667; x_wconf 88' lang='lat' dir='ltr'><strong>nosse</strong></span> <span class='ocrx_word' id='word_1_374' title='bbox 535 2626 616 2684; x_wconf 89' lang='lat' dir='ltr'><strong>quam</strong></span> <span class='ocrx_word' id='word_1_375' title='bbox 639 2612 834 2682; x_wconf 85' lang='lat' dir='ltr'><strong>compendiosa</strong></span> <span class='ocrx_word' id='word_1_376' title='bbox 849 2612 903 2681; x_wconf 86' lang='lat' dir='ltr'><strong>via,</strong></span> <span class='ocrx_word' id='word_1_377' title='bbox 959 2608 1080 2664; x_wconf 87' lang='lat' dir='ltr'><strong>intentus</strong></span> <span class='ocrx_word' id='word_1_378' title='bbox 1095 2609 1175 2666; x_wconf 89' lang='lat' dir='ltr'><strong>luerit</strong></span> <span class='ocrx_word' id='word_1_379' title='bbox 1187 2609 1347 2679; x_wconf 89' lang='lat' dir='ltr'><strong>ministerio,</strong></span> <span class='ocrx_word' id='word_1_380' title='bbox 1368 2610 1396 2666; x_wconf 91' lang='lat' dir='ltr'><strong>in</strong></span> <span class='ocrx_word' id='word_1_381' title='bbox 1415 2609 1589 2683; x_wconf 92' lang='lat' dir='ltr'><strong>processione</strong></span> <span class='ocrx_word' id='word_1_382' title='bbox 1612 2612 1759 2667; x_wconf 82' lang='lat' dir='ltr'><strong>salvatoris</strong></span> 
     </span>
     <span class='ocr_line' id='line_1_29' title="bbox 106 2695 1754 2772; baseline 0.001 -20"><span class='ocrx_word' id='word_1_383' title='bbox 106 2695 203 2752; x_wconf 89' lang='lat' dir='ltr'><strong>eadem</strong></span> <span class='ocrx_word' id='word_1_384' title='bbox 217 2697 261 2754; x_wconf 88' lang='lat' dir='ltr'><strong>die</strong></span> <span class='ocrx_word' id='word_1_385' title='bbox 275 2698 374 2756; x_wconf 88' lang='lat' dir='ltr'><strong>meruit</strong></span> <span class='ocrx_word' id='word_1_386' title='bbox 391 2714 453 2756; x_wconf 93' lang='lat' dir='ltr'><strong>cum</strong></span> <span class='ocrx_word' id='word_1_387' title='bbox 470 2699 586 2756; x_wconf 90' lang='lat' dir='ltr'><strong>Domino</strong></span> <span class='ocrx_word' id='word_1_388' title='bbox 601 2697 689 2758; x_wconf 71' lang='grc'><strong>879</strong></span> <span class='ocrx_word' id='word_1_389' title='bbox 703 2715 765 2756; x_wconf 90' lang='lat' dir='ltr'><strong>esse</strong></span> <span class='ocrx_word' id='word_1_390' title='bbox 780 2700 807 2755; x_wconf 87' lang='lat' dir='ltr'><strong>in</strong></span> <span class='ocrx_word' id='word_1_391' title='bbox 822 2716 902 2772; x_wconf 90' lang='lat' dir='ltr'><strong>para·</strong></span> <span class='ocrx_word' id='word_1_392' title='bbox 960 2704 1032 2764; x_wconf 88' lang='lat' dir='ltr'><strong>sunt,</strong></span> <span class='ocrx_word' id='word_1_393' title='bbox 1048 2705 1075 2752; x_wconf 91' lang='lat' dir='ltr'><strong>et</strong></span> <span class='ocrx_word' id='word_1_394' title='bbox 1088 2713 1149 2754; x_wconf 90' lang='lat' dir='ltr'><strong>cum</strong></span> <span class='ocrx_word' id='word_1_395' title='bbox 1169 2713 1202 2754; x_wconf 89' lang='lat' dir='ltr'><strong>eo</strong></span> <span class='ocrx_word' id='word_1_396' title='bbox 1216 2698 1407 2771; x_wconf 79' lang='lat' dir='ltr'><strong>ingrediuntur</strong></span> <span class='ocrx_word' id='word_1_397' title='bbox 1419 2699 1448 2754; x_wconf 92' lang='lat' dir='ltr'><strong>in</strong></span> <span class='ocrx_word' id='word_1_398' title='bbox 1461 2705 1584 2755; x_wconf 70' lang='lat' dir='ltr'><strong>sancum</strong></span> <span class='ocrx_word' id='word_1_399' title='bbox 1597 2700 1754 2766; x_wconf 79' lang='lat' dir='ltr'><strong>civitatem3</strong></span> 
     </span>
     <span class='ocr_line' id='line_1_30' title="bbox 107 2785 1758 2860; baseline 0.004 -21"><span class='ocrx_word' id='word_1_400' title='bbox 107 2785 176 2842; x_wconf 92' lang='lat' dir='ltr'><strong>diso.</strong></span> <span class='ocrx_word' id='word_1_401' title='bbox 192 2785 372 2843; x_wconf 85' lang='lat' dir='ltr'><strong>Tolerabilem</strong></span> <span class='ocrx_word' id='word_1_402' title='bbox 387 2787 501 2859; x_wconf 89' lang='lat' dir='ltr'><strong>proinde</strong></span> <span class='ocrx_word' id='word_1_403' title='bbox 525 2787 614 2844; x_wconf 91' lang='lat' dir='ltr'><strong>reddit</strong></span> <span class='ocrx_word' id='word_1_404' title='bbox 636 2788 769 2860; x_wconf 85' lang='lat' dir='ltr'><strong>passioms</strong></span> <span class='ocrx_word' id='word_1_405' title='bbox 782 2788 903 2845; x_wconf 90' lang='lat' dir='ltr'><strong>laborem</strong></span> <span class='ocrx_word' id='word_1_406' title='bbox 960 2785 1087 2858; x_wconf 90' lang='lat' dir='ltr'><strong>quoniam</strong></span> <span class='ocrx_word' id='word_1_407' title='bbox 1116 2793 1172 2841; x_wconf 90' lang='lat' dir='ltr'><strong>tres</strong></span> <span class='ocrx_word' id='word_1_408' title='bbox 1200 2787 1322 2857; x_wconf 85' lang='lat' dir='ltr'><strong>praevidit</strong></span> <span class='ocrx_word' id='word_1_409' title='bbox 1350 2789 1483 2860; x_wconf 85' lang='lat' dir='ltr'><strong>propbeta</strong></span> <span class='ocrx_word' id='word_1_410' title='bbox 1510 2787 1663 2854; x_wconf 86' lang='lat' dir='ltr'><strong>salvandos,</strong></span> <span class='ocrx_word' id='word_1_411' title='bbox 1699 2790 1758 2845; x_wconf 88' lang='lat' dir='ltr'><strong>Noe</strong></span> 
     </span>
     <span class='ocr_line' id='line_1_31' title="bbox 106 2873 1758 2947; baseline 0.002 -18"><span class='ocrx_word' id='word_1_412' title='bbox 106 2873 193 2944; x_wconf 74' lang='lat' dir='ltr'><strong>gloria</strong></span> <span class='ocrx_word' id='word_1_413' title='bbox 224 2875 406 2946; x_wconf 90' lang='lat' dir='ltr'><strong>processionis</strong></span> <span class='ocrx_word' id='word_1_414' title='bbox 428 2876 555 2947; x_wconf 91' lang='lat' dir='ltr'><strong>quoniam</strong></span> <span class='ocrx_word' id='word_1_415' title='bbox 576 2876 677 2933; x_wconf 89' lang='lat' dir='ltr'><strong>amanti</strong></span> <span class='ocrx_word' id='word_1_416' title='bbox 702 2876 768 2931; x_wconf 89' lang='lat' dir='ltr'><strong>niltil</strong></span> <span class='ocrx_word' id='word_1_417' title='bbox 795 2876 904 2933; x_wconf 82' lang='lat' dir='ltr'><strong>difficile</strong></span> <span class='ocrx_word' id='word_1_418' title='bbox 960 2876 1111 2932; x_wconf 80' lang='lat' dir='ltr'><strong>cedentem</strong></span> <span class='ocrx_word' id='word_1_419' title='bbox 1127 2892 1217 2932; x_wconf 89' lang='lat' dir='ltr'><strong>ramos</strong></span> <span class='ocrx_word' id='word_1_420' title='bbox 1229 2877 1258 2931; x_wconf 93' lang='lat' dir='ltr'><strong>in</strong></span> <span class='ocrx_word' id='word_1_421' title='bbox 1272 2893 1343 2933; x_wconf 82' lang='lat' dir='ltr'><strong>arcte</strong></span> <span class='ocrx_word' id='word_1_422' title='bbox 1355 2877 1506 2944; x_wconf 73' lang='lat' dir='ltr'><strong>fabricam,</strong></span> <span class='ocrx_word' id='word_1_423' title='bbox 1521 2878 1661 2933; x_wconf 85' lang='lat' dir='ltr'><strong>Danielem</strong></span> <span class='ocrx_word' id='word_1_424' title='bbox 1673 2878 1700 2932; x_wconf 88' lang='lat' dir='ltr'><strong>in</strong></span> <span class='ocrx_word' id='word_1_425' title='bbox 1713 2878 1758 2934; x_wconf 87' lang='lat' dir='ltr'><strong>vili</strong></span> 
     </span>
    </p>
   </div>
   <div class='ocr_carea' id='block_1_5' title="bbox 107 2928 1760 3036">
    <p class='ocr_par' dir='ltr' id='par_1_6' title="bbox 107 2928 1760 3036">
     <span class='ocr_line' id='line_1_32' title="bbox 107 2928 1760 3036; baseline 0 -17"><span class='ocrx_word' id='word_1_426' title='bbox 107 2971 158 3020; x_wconf 90' lang='lat' dir='ltr'><strong>est.</strong></span> <span class='ocrx_word' id='word_1_427' title='bbox 923 2928 1060 3031; x_wconf 71' lang='lat' dir='ltr'><strong>eedulio,</strong></span> <span class='ocrx_word' id='word_1_428' title='bbox 1076 2973 1105 3021; x_wconf 91' lang='lat' dir='ltr'><strong>ct</strong></span> <span class='ocrx_word' id='word_1_429' title='bbox 1126 2964 1219 3020; x_wconf 89' lang='lat' dir='ltr'><strong>labore</strong></span> <span class='ocrx_word' id='word_1_430' title='bbox 1240 2964 1416 3022; x_wconf 68' lang='lat' dir='ltr'><strong>abstinentie</strong></span> <span class='ocrx_word' id='word_1_431' title='bbox 1437 2968 1536 3022; x_wconf 90' lang='lat' dir='ltr'><strong>lactum</strong></span> <span class='ocrx_word' id='word_1_432' title='bbox 1558 2973 1687 3036; x_wconf 73' lang='lat' dir='ltr'><strong>unquam</strong></span> <span class='ocrx_word' id='word_1_433' title='bbox 1709 2968 1760 3035; x_wconf 80' lang='lat' dir='ltr'><strong>ju-.</strong></span> 
     </span>
    </p>
   </div>
   <div class='ocr_carea' id='block_1_6' title="bbox 106 3051 1765 5163">
    <p class='ocr_par' dir='ltr' id='par_1_7' title="bbox 106 3051 1765 5163">
     <span class='ocr_line' id='line_1_33' title="bbox 140 3051 1758 3127; baseline 0.002 -20"><span class='ocrx_word' id='word_1_434' title='bbox 140 3055 168 3107; x_wconf 88' lang='lat'><strong>8.</strong></span> <span class='ocrx_word' id='word_1_435' title='bbox 183 3051 241 3109; x_wconf 88' lang='lat' dir='ltr'><strong>Nec</strong></span> <span class='ocrx_word' id='word_1_436' title='bbox 262 3051 368 3110; x_wconf 88' lang='lat' dir='ltr'><strong>mireris</strong></span> <span class='ocrx_word' id='word_1_437' title='bbox 386 3053 460 3127; x_wconf 92' lang='lat' dir='ltr'><strong>quod</strong></span> <span class='ocrx_word' id='word_1_438' title='bbox 484 3053 611 3124; x_wconf 81' lang='lat' dir='ltr'><strong>praesenti</strong></span> <span class='ocrx_word' id='word_1_439' title='bbox 627 3054 804 3126; x_wconf 88' lang='lat' dir='ltr'><strong>processione</strong></span> <span class='ocrx_word' id='word_1_440' title='bbox 819 3053 905 3111; x_wconf 87' lang='lat' dir='ltr'><strong>coele-</strong></span> <span class='ocrx_word' id='word_1_441' title='bbox 961 3061 1092 3119; x_wconf 89' lang='lat' dir='ltr'><strong>mentam,</strong></span> <span class='ocrx_word' id='word_1_442' title='bbox 1103 3053 1325 3125; x_wconf 78' lang='lat' dir='ltr'><strong>salvatoremque</strong></span> <span class='ocrx_word' id='word_1_443' title='bbox 1341 3061 1513 3124; x_wconf 88' lang='lat' dir='ltr'><strong>portantem;</strong></span> <span class='ocrx_word' id='word_1_444' title='bbox 1526 3052 1634 3110; x_wconf 89' lang='lat' dir='ltr'><strong>tertium</strong></span> <span class='ocrx_word' id='word_1_445' title='bbox 1646 3069 1758 3124; x_wconf 91' lang='lat' dir='ltr'><strong>quoque</strong></span> 
     </span>
     <span class='ocr_line' id='line_1_34' title="bbox 106 3140 1758 3215; baseline -0.001 -19"><span class='ocrx_word' id='word_1_446' title='bbox 106 3149 177 3199; x_wconf 89' lang='lat' dir='ltr'><strong>stem</strong></span> <span class='ocrx_word' id='word_1_447' title='bbox 190 3140 304 3198; x_wconf 77' lang='grc' dir='ltr'><strong>ἀίιειὶιιι</strong></span> <span class='ocrx_word' id='word_1_448' title='bbox 320 3142 522 3213; x_wconf 72' lang='lat' dir='ltr'><strong>representari,</strong></span> <span class='ocrx_word' id='word_1_449' title='bbox 538 3143 648 3215; x_wconf 87' lang='lat' dir='ltr'><strong>quando</strong></span> <span class='ocrx_word' id='word_1_450' title='bbox 663 3159 733 3199; x_wconf 89' lang='lat' dir='ltr'><strong>unus</strong></span> <span class='ocrx_word' id='word_1_451' title='bbox 752 3145 780 3199; x_wconf 86' lang='lat' dir='ltr'><strong>et</strong></span> <span class='ocrx_word' id='word_1_452' title='bbox 789 3143 863 3200; x_wconf 91' lang='lat' dir='ltr'><strong>idem</strong></span> <span class='ocrx_word' id='word_1_453' title='bbox 878 3143 906 3199; x_wconf 91' lang='lat' dir='ltr'><strong>in</strong></span> <span class='ocrx_word' id='word_1_454' title='bbox 960 3142 1021 3210; x_wconf 77' lang='lat' dir='ltr'><strong>lob,</strong></span> <span class='ocrx_word' id='word_1_455' title='bbox 1038 3141 1108 3197; x_wconf 89' lang='lat' dir='ltr'><strong>bene</strong></span> <span class='ocrx_word' id='word_1_456' title='bbox 1127 3140 1332 3211; x_wconf 90' lang='lat' dir='ltr'><strong>dispensantem</strong></span> <span class='ocrx_word' id='word_1_457' title='bbox 1355 3140 1535 3196; x_wconf 87' lang='lat' dir='ltr'><strong>substantiam</strong></span> <span class='ocrx_word' id='word_1_458' title='bbox 1559 3140 1640 3209; x_wconf 84' lang='lat' dir='ltr'><strong>hujus</strong></span> <span class='ocrx_word' id='word_1_459' title='bbox 1653 3141 1758 3206; x_wconf 89' lang='lat' dir='ltr'><strong>mundi,</strong></span> 
     </span>
     <span class='ocr_line' id='line_1_35' title="bbox 106 3227 1761 3304; baseline -0.001 -19"><span class='ocrx_word' id='word_1_460' title='bbox 106 3239 222 3300; x_wconf 88' lang='lat' dir='ltr'><strong>atraque</strong></span> <span class='ocrx_word' id='word_1_461' title='bbox 236 3230 390 3300; x_wconf 84' lang='lat' dir='ltr'><strong>suscipitur,</strong></span> <span class='ocrx_word' id='word_1_462' title='bbox 415 3232 466 3286; x_wconf 91' lang='lat' dir='ltr'><strong>etsi</strong></span> <span class='ocrx_word' id='word_1_463' title='bbox 493 3231 575 3304; x_wconf 79' lang='lat' dir='ltr'><strong>longe</strong></span> <span class='ocrx_word' id='word_1_464' title='bbox 600 3231 679 3288; x_wconf 88' lang='lat' dir='ltr'><strong>aliter</strong></span> <span class='ocrx_word' id='word_1_465' title='bbox 693 3239 721 3288; x_wconf 91' lang='lat' dir='ltr'><strong>et</strong></span> <span class='ocrx_word' id='word_1_466' title='bbox 741 3232 775 3286; x_wconf 91' lang='lat' dir='ltr'><strong>ab</strong></span> <span class='ocrx_word' id='word_1_467' title='bbox 791 3231 859 3287; x_wconf 90' lang='lat' dir='ltr'><strong>aliis.</strong></span> <span class='ocrx_word' id='word_1_468' title='bbox 874 3231 906 3285; x_wconf 92' lang='lat' dir='ltr'><strong>ln</strong></span> <span class='ocrx_word' id='word_1_469' title='bbox 962 3236 989 3285; x_wconf 89' lang='lat' dir='ltr'><strong>et</strong></span> <span class='ocrx_word' id='word_1_470' title='bbox 1003 3230 1038 3285; x_wconf 93' lang='lat' dir='ltr'><strong>de</strong></span> <span class='ocrx_word' id='word_1_471' title='bbox 1064 3228 1209 3285; x_wconf 85' lang='lat' dir='ltr'><strong>velleribus</strong></span> <span class='ocrx_word' id='word_1_472' title='bbox 1236 3227 1325 3285; x_wconf 89' lang='lat' dir='ltr'><strong>ovium</strong></span> <span class='ocrx_word' id='word_1_473' title='bbox 1350 3245 1459 3284; x_wconf 88' lang='lat' dir='ltr'><strong>suarum</strong></span> <span class='ocrx_word' id='word_1_474' title='bbox 1491 3245 1641 3301; x_wconf 90' lang='lat' dir='ltr'><strong>pauperum</strong></span> <span class='ocrx_word' id='word_1_475' title='bbox 1674 3231 1761 3285; x_wconf 85' lang='lat' dir='ltr'><strong>latera</strong></span> 
     </span>
     <span class='ocr_line' id='line_1_36' title="bbox 107 3315 1755 3390; baseline 0.001 -18"><span class='ocrx_word' id='word_1_476' title='bbox 107 3318 159 3373; x_wconf 88' lang='lat' dir='ltr'><strong>bac</strong></span> <span class='ocrx_word' id='word_1_477' title='bbox 173 3316 246 3374; x_wconf 92' lang='lat' dir='ltr'><strong>enim</strong></span> <span class='ocrx_word' id='word_1_478' title='bbox 260 3319 436 3389; x_wconf 90' lang='lat' dir='ltr'><strong>processione</strong></span> <span class='ocrx_word' id='word_1_479' title='bbox 456 3319 631 3375; x_wconf 91' lang='lat' dir='ltr'><strong>irrationabili</strong></span> <span class='ocrx_word' id='word_1_480' title='bbox 644 3321 769 3389; x_wconf 84' lang='lat' dir='ltr'><strong>jumente</strong></span> <span class='ocrx_word' id='word_1_481' title='bbox 784 3320 908 3376; x_wconf 85' lang='lat' dir='ltr'><strong>Christus</strong></span> <span class='ocrx_word' id='word_1_482' title='bbox 961 3315 1164 3374; x_wconf 79' lang='lat' dir='ltr'><strong>calefacientem</strong></span> <span class='ocrx_word' id='word_1_483' title='bbox 1185 3318 1296 3386; x_wconf 70' lang='grc' dir='ltr'><strong>(Εεεεὴ.</strong></span> <span class='ocrx_word' id='word_1_484' title='bbox 1326 3333 1386 3384; x_wconf 84' lang='grc' dir='ltr'>ιιν,</span> <span class='ocrx_word' id='word_1_485' title='bbox 1404 3320 1457 3390; x_wconf 78' lang='lat' dir='ltr'><strong>tl).</strong></span> <span class='ocrx_word' id='word_1_486' title='bbox 1473 3319 1523 3375; x_wconf 86' lang='lat' dir='ltr'><strong>Cui</strong></span> <span class='ocrx_word' id='word_1_487' title='bbox 1537 3327 1628 3375; x_wconf 88' lang='lat' dir='ltr'><strong>lamen</strong></span> <span class='ocrx_word' id='word_1_488' title='bbox 1642 3318 1670 3373; x_wconf 91' lang='lat' dir='ltr'><strong>in</strong></span> <span class='ocrx_word' id='word_1_489' title='bbox 1689 3334 1755 3390; x_wconf 92' lang='lat' dir='ltr'><strong>pro-</strong></span> 
     </span>
     <span class='ocr_line' id='line_1_37' title="bbox 107 3403 1759 3480; baseline 0.001 -21"><span class='ocrx_word' id='word_1_490' title='bbox 107 3404 226 3461; x_wconf 86' lang='lat' dir='ltr'><strong>inaidet:</strong></span> <span class='ocrx_word' id='word_1_491' title='bbox 242 3403 271 3460; x_wconf 88' lang='lat' dir='ltr'><strong>in</strong></span> <span class='ocrx_word' id='word_1_492' title='bbox 286 3403 332 3459; x_wconf 91' lang='lat' dir='ltr'><strong>illa</strong></span> <span class='ocrx_word' id='word_1_493' title='bbox 345 3421 410 3462; x_wconf 89' lang='lat' dir='ltr'><strong>vero</strong></span> <span class='ocrx_word' id='word_1_494' title='bbox 423 3407 575 3476; x_wconf 76' lang='lat' dir='ltr'><strong>iumentum</strong></span> <span class='ocrx_word' id='word_1_495' title='bbox 591 3408 701 3480; x_wconf 90' lang='lat' dir='ltr'><strong>quidem</strong></span> <span class='ocrx_word' id='word_1_496' title='bbox 716 3407 834 3464; x_wconf 86' lang='lat' dir='ltr'><strong>laturum</strong></span> <span class='ocrx_word' id='word_1_497' title='bbox 854 3418 907 3477; x_wconf 90' lang='lat' dir='ltr'><strong>est,</strong></span> <span class='ocrx_word' id='word_1_498' title='bbox 961 3407 1085 3462; x_wconf 89' lang='lat' dir='ltr'><strong>cessione</strong></span> <span class='ocrx_word' id='word_1_499' title='bbox 1098 3404 1142 3460; x_wconf 89' lang='lat' dir='ltr'><strong>illa</strong></span> <span class='ocrx_word' id='word_1_500' title='bbox 1155 3406 1234 3460; x_wconf 85' lang='lat' dir='ltr'><strong>lesus</strong></span> <span class='ocrx_word' id='word_1_501' title='bbox 1247 3405 1433 3478; x_wconf 88' lang='lat' dir='ltr'><strong>propinquior,</strong></span> <span class='ocrx_word' id='word_1_502' title='bbox 1450 3407 1492 3464; x_wconf 88' lang='lat' dir='ltr'><strong>cul</strong></span> <span class='ocrx_word' id='word_1_503' title='bbox 1503 3408 1538 3464; x_wconf 90' lang='lat' dir='ltr'><strong>de</strong></span> <span class='ocrx_word' id='word_1_504' title='bbox 1553 3407 1640 3463; x_wconf 90' lang='lat' dir='ltr'><strong>tribus</strong></span> <span class='ocrx_word' id='word_1_505' title='bbox 1653 3407 1759 3465; x_wconf 92' lang='lat' dir='ltr'><strong>ordini·</strong></span> 
     </span>
     <span class='ocr_line' id='line_1_38' title="bbox 108 3491 1760 3568; baseline 0.002 -21"><span class='ocrx_word' id='word_1_506' title='bbox 108 3491 158 3548; x_wconf 81' lang='lat' dir='ltr'><strong>sed</strong></span> <span class='ocrx_word' id='word_1_507' title='bbox 172 3491 462 3564; x_wconf 88' lang='lat' dir='ltr'><strong>rationale:quoniam</strong></span> <span class='ocrx_word' id='word_1_508' title='bbox 484 3495 612 3554; x_wconf 72' lang='lat' dir='ltr'><strong>lomim</strong></span> <span class='ocrx_word' id='word_1_509' title='bbox 627 3501 657 3553; x_wconf 83' lang='lat' dir='ltr'><strong>al</strong></span> <span class='ocrx_word' id='word_1_510' title='bbox 671 3498 803 3568; x_wconf 82' lang='lat' dir='ltr'><strong>jumenta</strong></span> <span class='ocrx_word' id='word_1_511' title='bbox 817 3497 907 3554; x_wconf 83' lang='lat' dir='ltr'><strong>salvor</strong></span> <span class='ocrx_word' id='word_1_512' title='bbox 962 3495 1013 3550; x_wconf 89' lang='lat' dir='ltr'><strong>bus</strong></span> <span class='ocrx_word' id='word_1_513' title='bbox 1026 3493 1100 3549; x_wconf 86' lang='lat' dir='ltr'><strong>salus</strong></span> <span class='ocrx_word' id='word_1_514' title='bbox 1121 3491 1244 3560; x_wconf 87' lang='lat' dir='ltr'><strong>vicinior,</strong></span> <span class='ocrx_word' id='word_1_515' title='bbox 1261 3493 1351 3561; x_wconf 89' lang='lat' dir='ltr'><strong>lacile,</strong></span> <span class='ocrx_word' id='word_1_516' title='bbox 1367 3496 1460 3563; x_wconf 88' lang='lat' dir='ltr'><strong>credo,</strong></span> <span class='ocrx_word' id='word_1_517' title='bbox 1477 3495 1760 3566; x_wconf 85' lang='lat' dir='ltr'><strong>potestisadvertere.</strong></span> 
     </span>
     <span class='ocr_line' id='line_1_39' title="bbox 108 3581 1288 3656; baseline 0.003 -17"><span class='ocrx_word' id='word_1_518' title='bbox 108 3583 205 3652; x_wconf 61' lang='lat' dir='ltr'><strong>sacua,</strong></span> <span class='ocrx_word' id='word_1_519' title='bbox 220 3583 337 3640; x_wconf 76' lang='lat' dir='ltr'><strong>bomine</strong></span> <span class='ocrx_word' id='word_1_520' title='bbox 349 3581 437 3654; x_wconf 82' lang='lat' dir='ltr'><strong>(Paul.</strong></span> <span class='ocrx_word' id='word_1_521' title='bbox 452 3599 540 3652; x_wconf 82' lang='lat' dir='ltr'><strong>xxxv,</strong></span> <span class='ocrx_word' id='word_1_522' title='bbox 556 3587 597 3656; x_wconf 80' lang='grc' dir='ltr'><strong>Ἰ).</strong></span> <span class='ocrx_word' id='word_1_523' title='bbox 608 3584 657 3642; x_wconf 85' lang='lat' dir='ltr'><strong>Cui</strong></span> <span class='ocrx_word' id='word_1_524' title='bbox 671 3584 757 3642; x_wconf 90' lang='lat' dir='ltr'><strong>simile</strong></span> <span class='ocrx_word' id='word_1_525' title='bbox 772 3593 815 3641; x_wconf 90' lang='lat' dir='ltr'><strong>est</strong></span> <span class='ocrx_word' id='word_1_526' title='bbox 824 3585 906 3643; x_wconf 84' lang='lat' dir='ltr'><strong>illud:</strong></span> <span class='ocrx_word' id='word_1_527' title='bbox 1280 3635 1288 3652; x_wconf 83' lang='lat'><strong>,</strong></span> 
     </span>
     <span class='ocr_line' id='line_1_40' title="bbox 112 3634 1705 3757; baseline -0.001 -27"><span class='ocrx_word' id='word_1_528' title='bbox 112 3672 906 3747; x_wconf 76' lang='lat' dir='ltr'><strong>lltjomrntamsccloasrtmopcdle,elepoaamperlccam</strong></span> <span class='ocrx_word' id='word_1_529' title='bbox 1086 3747 1090 3757; x_wconf 30' lang='grc' dir='ltr'>ι</span> <span class='ocrx_word' id='word_1_530' title='bbox 1271 3634 1389 3753; x_wconf 26' lang='lat' dir='ltr'><strong>”ER-⁸⁰</strong></span> <span class='ocrx_word' id='word_1_531' title='bbox 1421 3636 1455 3694; x_wconf 69' lang='grc' dir='ltr'><strong>Π·</strong></span> <span class='ocrx_word' id='word_1_532' title='bbox 1668 3746 1672 3756; x_wconf 36' lang='grc' dir='ltr'>Ι</span> <span class='ocrx_word' id='word_1_533' title='bbox 1700 3746 1705 3756; x_wconf 18' lang='grc' dir='ltr'>ἡ</span> 
     </span>
     <span class='ocr_line' id='line_1_41' title="bbox 109 3743 1760 3835; baseline 0.002 -21"><span class='ocrx_word' id='word_1_534' title='bbox 109 3758 195 3829; x_wconf 81' lang='lat' dir='ltr'><strong>(Paul.</strong></span> <span class='ocrx_word' id='word_1_535' title='bbox 211 3775 300 3828; x_wconf 87' lang='lat' dir='ltr'><strong>nxxrt,</strong></span> <span class='ocrx_word' id='word_1_536' title='bbox 317 3762 371 3830; x_wconf 78' lang='lat'><strong>23).</strong></span> <span class='ocrx_word' id='word_1_537' title='bbox 387 3761 421 3817; x_wconf 84' lang='lat' dir='ltr'><strong>Et</strong></span> <span class='ocrx_word' id='word_1_538' title='bbox 435 3761 496 3817; x_wconf 88' lang='lat' dir='ltr'><strong>vide</strong></span> <span class='ocrx_word' id='word_1_539' title='bbox 516 3761 538 3817; x_wconf 93' lang='lat' dir='ltr'><strong>si</strong></span> <span class='ocrx_word' id='word_1_540' title='bbox 552 3778 608 3818; x_wconf 93' lang='lat' dir='ltr'><strong>non</strong></span> <span class='ocrx_word' id='word_1_541' title='bbox 627 3762 662 3820; x_wconf 90' lang='lat' dir='ltr'><strong>de</strong></span> <span class='ocrx_word' id='word_1_542' title='bbox 677 3764 851 3835; x_wconf 82' lang='lat' dir='ltr'><strong>processione</strong></span> <span class='ocrx_word' id='word_1_543' title='bbox 866 3763 908 3820; x_wconf 93' lang='lat' dir='ltr'><strong>lo·</strong></span> <span class='ocrx_word' id='word_1_544' title='bbox 964 3747 1000 3802; x_wconf 61' lang='lat' dir='ltr'><strong>De</strong></span> <span class='ocrx_word' id='word_1_545' title='bbox 1014 3760 1152 3819; x_wconf 60' lang='lat' dir='ltr'><strong>wimer</strong></span> <span class='ocrx_word' id='word_1_546' title='bbox 1173 3749 1202 3800; x_wconf 55' lang='grc' dir='ltr'><strong>θ(</strong></span> <span class='ocrx_word' id='word_1_547' title='bbox 1224 3758 1408 3826; x_wconf 58' lang='grc' dir='ltr'><strong>Ρΐθθθδδῐθηέι</strong></span> <span class='ocrx_word' id='word_1_548' title='bbox 1432 3747 1460 3828; x_wconf 64' lang='lat'><strong>,⁶²</strong></span> <span class='ocrx_word' id='word_1_549' title='bbox 1475 3749 1599 3817; x_wconf 61' lang='lat' dir='ltr'><strong>luam?</strong></span> <span class='ocrx_word' id='word_1_550' title='bbox 1611 3743 1760 3801; x_wconf 58' lang='lat' dir='ltr'><strong>mimmii</strong></span> 
     </span>
     <span class='ocr_line' id='line_1_42' title="bbox 108 3829 1453 3920; baseline 0.008 -20"><span class='ocrx_word' id='word_1_551' title='bbox 108 3845 209 3917; x_wconf 93' lang='lat' dir='ltr'><strong>quitur,</strong></span> <span class='ocrx_word' id='word_1_552' title='bbox 225 3863 287 3903; x_wconf 90' lang='lat' dir='ltr'><strong>cum</strong></span> <span class='ocrx_word' id='word_1_553' title='bbox 301 3857 448 3920; x_wconf 88' lang='lat' dir='ltr'><strong>sequatur:</strong></span> <span class='ocrx_word' id='word_1_554' title='bbox 476 3853 602 3909; x_wconf 80' lang='lat' dir='ltr'><strong>lenatialt&#39;</strong></span> <span class='ocrx_word' id='word_1_555' title='bbox 624 3869 742 3910; x_wconf 82' lang='lat' dir='ltr'><strong>mortum</strong></span> <span class='ocrx_word' id='word_1_556' title='bbox 760 3851 909 3911; x_wconf 60' lang='lat' dir='ltr'><strong>materam</strong></span> <span class='ocrx_word' id='word_1_557' title='bbox 1266 3829 1453 3887; x_wconf 50' lang='lat' dir='ltr'><strong>&#39;&#39;mmmm&#39;‘</strong></span> 
     </span>
     <span class='ocr_line' id='line_1_43' title="bbox 109 3936 1763 4015; baseline 0.001 -23"><span class='ocrx_word' id='word_1_558' title='bbox 109 3941 235 3992; x_wconf 82' lang='lat' dir='ltr'><strong>meamet</strong></span> <span class='ocrx_word' id='word_1_559' title='bbox 244 3936 427 3994; x_wconf 72' lang='lat' dir='ltr'><strong>revelantate</strong></span> <span class='ocrx_word' id='word_1_560' title='bbox 439 3944 489 3995; x_wconf 87' lang='lat' dir='ltr'><strong>tato</strong></span> <span class='ocrx_word' id='word_1_561' title='bbox 498 3940 701 4006; x_wconf 78' lang='lat' dir='ltr'><strong>deduxistime,</strong></span> <span class='ocrx_word' id='word_1_562' title='bbox 713 3947 741 3998; x_wconf 83' lang='lat' dir='ltr'><strong>el</strong></span> <span class='ocrx_word' id='word_1_563' title='bbox 748 3944 909 4015; x_wconf 81' lang='lat' dir='ltr'><strong>compleris</strong></span> <span class='ocrx_word' id='word_1_564' title='bbox 1000 3945 1026 3995; x_wconf 88' lang='lat' dir='ltr'><strong>l.</strong></span> <span class='ocrx_word' id='word_1_565' title='bbox 1044 3939 1163 3994; x_wconf 90' lang='lat' dir='ltr'><strong>Necesse</strong></span> <span class='ocrx_word' id='word_1_566' title='bbox 1177 3946 1218 3992; x_wconf 91' lang='lat' dir='ltr'><strong>est</strong></span> <span class='ocrx_word' id='word_1_567' title='bbox 1234 3944 1263 3991; x_wconf 91' lang='lat' dir='ltr'><strong>ut</strong></span> <span class='ocrx_word' id='word_1_568' title='bbox 1280 3938 1422 4008; x_wconf 91' lang='lat' dir='ltr'><strong>loquamur</strong></span> <span class='ocrx_word' id='word_1_569' title='bbox 1438 3938 1518 3995; x_wconf 85' lang='lat' dir='ltr'><strong>hodie</strong></span> <span class='ocrx_word' id='word_1_570' title='bbox 1533 3938 1641 3995; x_wconf 86' lang='lat' dir='ltr'><strong>brevius</strong></span> <span class='ocrx_word' id='word_1_571' title='bbox 1651 3948 1763 4009; x_wconf 88' lang='lat' dir='ltr'><strong>propter</strong></span> 
     </span>
     <span class='ocr_line' id='line_1_44' title="bbox 109 4024 1763 4100; baseline 0.001 -20"><span class='ocrx_word' id='word_1_572' title='bbox 109 4024 258 4094; x_wconf 68' lang='lat' dir='ltr'><strong>susceperi</strong></span> <span class='ocrx_word' id='word_1_573' title='bbox 270 4039 323 4081; x_wconf 86' lang='lat' dir='ltr'><strong>mc.</strong></span> <span class='ocrx_word' id='word_1_574' title='bbox 338 4024 378 4079; x_wconf 90' lang='lat' dir='ltr'><strong>lbi</strong></span> <span class='ocrx_word' id='word_1_575' title='bbox 388 4033 462 4081; x_wconf 87' lang='lat' dir='ltr'><strong>certe</strong></span> <span class='ocrx_word' id='word_1_576' title='bbox 474 4042 508 4082; x_wconf 93' lang='lat' dir='ltr'><strong>ne</strong></span> <span class='ocrx_word' id='word_1_577' title='bbox 518 4027 577 4098; x_wconf 87' lang='lat' dir='ltr'><strong>ipse</strong></span> <span class='ocrx_word' id='word_1_578' title='bbox 586 4029 697 4099; x_wconf 91' lang='lat' dir='ltr'><strong>quidem</strong></span> <span class='ocrx_word' id='word_1_579' title='bbox 708 4030 796 4100; x_wconf 88' lang='lat' dir='ltr'><strong>pullus</strong></span> <span class='ocrx_word' id='word_1_580' title='bbox 805 4031 907 4089; x_wconf 90' lang='lat' dir='ltr'><strong>deerit:</strong></span> <span class='ocrx_word' id='word_1_581' title='bbox 964 4027 1114 4100; x_wconf 81' lang='lat' dir='ltr'><strong>angustiam</strong></span> <span class='ocrx_word' id='word_1_582' title='bbox 1131 4026 1269 4097; x_wconf 86' lang='lat' dir='ltr'><strong>temporis.</strong></span> <span class='ocrx_word' id='word_1_583' title='bbox 1287 4025 1367 4081; x_wconf 82' lang='lat' dir='ltr'><strong>linita</strong></span> <span class='ocrx_word' id='word_1_584' title='bbox 1391 4026 1502 4098; x_wconf 91' lang='lat' dir='ltr'><strong>quidem</strong></span> <span class='ocrx_word' id='word_1_585' title='bbox 1527 4027 1605 4083; x_wconf 89' lang='lat' dir='ltr'><strong>uobis</strong></span> <span class='ocrx_word' id='word_1_586' title='bbox 1629 4027 1763 4082; x_wconf 89' lang='lat' dir='ltr'><strong>ministrat</strong></span> 
     </span>
     <span class='ocr_line' id='line_1_45' title="bbox 110 4110 1765 4189; baseline 0.001 -22"><span class='ocrx_word' id='word_1_587' title='bbox 110 4110 238 4182; x_wconf 91' lang='lat' dir='ltr'><strong>quoniam</strong></span> <span class='ocrx_word' id='word_1_588' title='bbox 265 4112 316 4168; x_wconf 89' lang='lat' dir='ltr'><strong>etsi</strong></span> <span class='ocrx_word' id='word_1_589' title='bbox 350 4121 499 4169; x_wconf 88' lang='lat' dir='ltr'><strong>murmuret</strong></span> <span class='ocrx_word' id='word_1_590' title='bbox 533 4115 676 4173; x_wconf 81' lang='lat' dir='ltr'><strong>haereticus</strong></span> <span class='ocrx_word' id='word_1_591' title='bbox 704 4119 832 4189; x_wconf 78' lang='lat' dir='ltr'><strong>paruulos</strong></span> <span class='ocrx_word' id='word_1_592' title='bbox 854 4136 909 4176; x_wconf 91' lang='lat' dir='ltr'><strong>non</strong></span> <span class='ocrx_word' id='word_1_593' title='bbox 965 4113 1765 4189; x_wconf 76' lang='lat' dir='ltr'><strong>processio,quamcelebraturisumus,sedearlemimpedit</strong></span> 
     </span>
     <span class='ocr_line' id='line_1_46' title="bbox 110 4199 1763 4303; baseline 0.002 -48"><span class='ocrx_word' id='word_1_594' title='bbox 110 4199 203 4256; x_wconf 89' lang='lat' dir='ltr'><strong>sinens</strong></span> <span class='ocrx_word' id='word_1_595' title='bbox 218 4200 321 4269; x_wconf 85' lang='lat' dir='ltr'><strong>venire,</strong></span> <span class='ocrx_word' id='word_1_596' title='bbox 337 4200 511 4274; x_wconf 85' lang='lat' dir='ltr'><strong>parvulorum</strong></span> <span class='ocrx_word' id='word_1_597' title='bbox 527 4202 662 4275; x_wconf 87' lang='lat' dir='ltr'><strong>baptismo</strong></span> <span class='ocrx_word' id='word_1_598' title='bbox 677 4205 824 4263; x_wconf 79' lang='lat' dir='ltr'><strong>detrahens</strong></span> <span class='ocrx_word' id='word_1_599' title='bbox 838 4208 907 4278; x_wconf 79' lang='lat'><strong>(37),</strong></span> <span class='ocrx_word' id='word_1_600' title='bbox 925 4226 948 4303; x_wconf 70' lang='lat' dir='ltr'><strong>u</strong></span> <span class='ocrx_word' id='word_1_601' title='bbox 965 4223 1001 4262; x_wconf 92' lang='lat' dir='ltr'><strong>ue</strong></span> <span class='ocrx_word' id='word_1_602' title='bbox 1016 4206 1106 4261; x_wconf 90' lang='lat' dir='ltr'><strong>dicere</strong></span> <span class='ocrx_word' id='word_1_603' title='bbox 1120 4205 1198 4276; x_wconf 91' lang='lat' dir='ltr'><strong>plura</strong></span> <span class='ocrx_word' id='word_1_604' title='bbox 1213 4204 1357 4274; x_wconf 86' lang='lat' dir='ltr'><strong>possimus.</strong></span> <span class='ocrx_word' id='word_1_605' title='bbox 1375 4203 1546 4259; x_wconf 78' lang='lat' dir='ltr'><strong>celebraturi</strong></span> <span class='ocrx_word' id='word_1_606' title='bbox 1572 4218 1666 4259; x_wconf 88' lang='lat' dir='ltr'><strong>sumus</strong></span> <span class='ocrx_word' id='word_1_607' title='bbox 1680 4205 1763 4259; x_wconf 85' lang='lat' dir='ltr'><strong>bodie</strong></span> 
     </span>
     <span class='ocr_line' id='line_1_47' title="bbox 110 4288 1761 4369; baseline 0.002 -25"><span class='ocrx_word' id='word_1_608' title='bbox 110 4288 157 4360; x_wconf 92' lang='lat' dir='ltr'><strong>qui</strong></span> <span class='ocrx_word' id='word_1_609' title='bbox 171 4288 298 4360; x_wconf 85' lang='lat' dir='ltr'><strong>parvulus</strong></span> <span class='ocrx_word' id='word_1_610' title='bbox 312 4298 456 4359; x_wconf 89' lang='lat' dir='ltr'><strong>natusest,</strong></span> <span class='ocrx_word' id='word_1_611' title='bbox 470 4291 623 4364; x_wconf 90' lang='lat' dir='ltr'><strong>etprimam</strong></span> <span class='ocrx_word' id='word_1_612' title='bbox 637 4296 810 4364; x_wconf 76' lang='lat' dir='ltr'><strong>paruulorum</strong></span> <span class='ocrx_word' id='word_1_613' title='bbox 824 4296 909 4369; x_wconf 82' lang='lat' dir='ltr'><strong>elegit</strong></span> <span class='ocrx_word' id='word_1_614' title='bbox 964 4294 1174 4366; x_wconf 88' lang='lat' dir='ltr'><strong>processionem,</strong></span> <span class='ocrx_word' id='word_1_615' title='bbox 1200 4300 1227 4348; x_wconf 87' lang='lat' dir='ltr'><strong>ol</strong></span> <span class='ocrx_word' id='word_1_616' title='bbox 1257 4291 1335 4362; x_wconf 89' lang='lat' dir='ltr'><strong>paulo</strong></span> <span class='ocrx_word' id='word_1_617' title='bbox 1365 4302 1427 4362; x_wconf 89' lang='lat' dir='ltr'><strong>post</strong></span> <span class='ocrx_word' id='word_1_618' title='bbox 1445 4291 1561 4346; x_wconf 88' lang='lat' dir='ltr'><strong>audituri</strong></span> <span class='ocrx_word' id='word_1_619' title='bbox 1592 4291 1761 4361; x_wconf 86' lang='lat' dir='ltr'><strong>passionem.</strong></span> 
     </span>
     <span class='ocr_line' id='line_1_48' title="bbox 110 4377 1763 4455; baseline 0.004 -23"><span class='ocrx_word' id='word_1_620' title='bbox 110 4377 197 4433; x_wconf 89' lang='lat' dir='ltr'><strong>aciem</strong></span> <span class='ocrx_word' id='word_1_621' title='bbox 212 4378 520 4452; x_wconf 84' lang='lat' dir='ltr'><strong>(Innocentesloquor),</strong></span> <span class='ocrx_word' id='word_1_622' title='bbox 536 4381 617 4437; x_wconf 87' lang='lat' dir='ltr'><strong>hodie</strong></span> <span class='ocrx_word' id='word_1_623' title='bbox 631 4397 741 4455; x_wconf 91' lang='lat' dir='ltr'><strong>qnoque</strong></span> <span class='ocrx_word' id='word_1_624' title='bbox 757 4385 909 4454; x_wconf 87' lang='lat' dir='ltr'><strong>parvulosa</strong></span> <span class='ocrx_word' id='word_1_625' title='bbox 964 4382 1051 4440; x_wconf 70' lang='lat'><strong>880</strong></span> <span class='ocrx_word' id='word_1_626' title='bbox 1078 4382 1145 4452; x_wconf 77' lang='lat' dir='ltr'><strong>Quid</strong></span> <span class='ocrx_word' id='word_1_627' title='bbox 1174 4381 1225 4436; x_wconf 88' lang='lat' dir='ltr'><strong>sibi</strong></span> <span class='ocrx_word' id='word_1_628' title='bbox 1249 4380 1305 4437; x_wconf 88' lang='lat' dir='ltr'><strong>vult</strong></span> <span class='ocrx_word' id='word_1_629' title='bbox 1323 4378 1699 4451; x_wconf 79' lang='lat' dir='ltr'><strong>mirabilisiateconjunetio,</strong></span> <span class='ocrx_word' id='word_1_630' title='bbox 1716 4391 1763 4438; x_wconf 90' lang='lat' dir='ltr'><strong>aut</strong></span> 
     </span>
     <span class='ocr_line' id='line_1_49' title="bbox 110 4466 1763 4545; baseline 0.003 -23"><span class='ocrx_word' id='word_1_631' title='bbox 110 4466 198 4539; x_wconf 80' lang='lat' dir='ltr'><strong>gratia</strong></span> <span class='ocrx_word' id='word_1_632' title='bbox 221 4480 277 4522; x_wconf 92' lang='lat' dir='ltr'><strong>non</strong></span> <span class='ocrx_word' id='word_1_633' title='bbox 296 4466 434 4524; x_wconf 88' lang='lat' dir='ltr'><strong>excludit:</strong></span> <span class='ocrx_word' id='word_1_634' title='bbox 459 4468 522 4541; x_wconf 90' lang='lat' dir='ltr'><strong>quia</strong></span> <span class='ocrx_word' id='word_1_635' title='bbox 536 4486 588 4528; x_wconf 89' lang='lat' dir='ltr'><strong>nec</strong></span> <span class='ocrx_word' id='word_1_636' title='bbox 601 4470 697 4542; x_wconf 90' lang='lat' dir='ltr'><strong>pietati</strong></span> <span class='ocrx_word' id='word_1_637' title='bbox 717 4472 907 4545; x_wconf 78' lang='lat' dir='ltr'><strong>incongruum,</strong></span> <span class='ocrx_word' id='word_1_638' title='bbox 963 4472 1027 4545; x_wconf 92' lang='lat' dir='ltr'><strong>quid</strong></span> <span class='ocrx_word' id='word_1_639' title='bbox 1040 4471 1331 4544; x_wconf 79' lang='lat' dir='ltr'><strong>cogitaveruntpatres</strong></span> <span class='ocrx_word' id='word_1_640' title='bbox 1345 4468 1439 4535; x_wconf 90' lang='lat' dir='ltr'><strong>nostri,</strong></span> <span class='ocrx_word' id='word_1_641' title='bbox 1456 4468 1611 4541; x_wconf 86' lang='lat' dir='ltr'><strong>passionom</strong></span> <span class='ocrx_word' id='word_1_642' title='bbox 1631 4468 1763 4527; x_wconf 83' lang='lat' dir='ltr'><strong>addentes</strong></span> 
     </span>
     <span class='ocr_line' id='line_1_50' title="bbox 112 4555 1762 4634; baseline 0.001 -23"><span class='ocrx_word' id='word_1_643' title='bbox 112 4571 164 4611; x_wconf 90' lang='lat' dir='ltr'><strong>nec</strong></span> <span class='ocrx_word' id='word_1_644' title='bbox 184 4555 318 4625; x_wconf 84' lang='lat' dir='ltr'><strong>majestati</strong></span> <span class='ocrx_word' id='word_1_645' title='bbox 341 4559 402 4628; x_wconf 87' lang='lat' dir='ltr'><strong>ejus</strong></span> <span class='ocrx_word' id='word_1_646' title='bbox 416 4556 526 4615; x_wconf 85' lang='lat' dir='ltr'><strong>dililcile</strong></span> <span class='ocrx_word' id='word_1_647' title='bbox 547 4566 598 4627; x_wconf 89' lang='lat' dir='ltr'><strong>est,</strong></span> <span class='ocrx_word' id='word_1_648' title='bbox 623 4570 653 4616; x_wconf 95' lang='lat' dir='ltr'><strong>ut</strong></span> <span class='ocrx_word' id='word_1_649' title='bbox 672 4561 798 4634; x_wconf 86' lang='lat' dir='ltr'><strong>suppleat</strong></span> <span class='ocrx_word' id='word_1_650' title='bbox 811 4580 910 4618; x_wconf 89' lang='lat' dir='ltr'><strong>munus</strong></span> <span class='ocrx_word' id='word_1_651' title='bbox 964 4560 1232 4634; x_wconf 77' lang='lat' dir='ltr'><strong>processiouiiNam</strong></span> <span class='ocrx_word' id='word_1_652' title='bbox 1254 4557 1390 4630; x_wconf 87' lang='lat' dir='ltr'><strong>processio</strong></span> <span class='ocrx_word' id='word_1_653' title='bbox 1409 4558 1519 4631; x_wconf 89' lang='lat' dir='ltr'><strong>quidem</strong></span> <span class='ocrx_word' id='word_1_654' title='bbox 1544 4558 1641 4615; x_wconf 79' lang='lat' dir='ltr'><strong>nrcmto</strong></span> <span class='ocrx_word' id='word_1_655' title='bbox 1656 4574 1762 4629; x_wconf 73' lang='lat' dir='ltr'><strong>reprae-</strong></span> 
     </span>
     <span class='ocr_line' id='line_1_51' title="bbox 111 4643 1761 4721; baseline 0.003 -23"><span class='ocrx_word' id='word_1_656' title='bbox 111 4643 217 4717; x_wconf 74' lang='lat' dir='ltr'><strong>gratiee,</strong></span> <span class='ocrx_word' id='word_1_657' title='bbox 231 4645 303 4717; x_wconf 90' lang='lat' dir='ltr'><strong>quod</strong></span> <span class='ocrx_word' id='word_1_658' title='bbox 318 4645 407 4701; x_wconf 91' lang='lat' dir='ltr'><strong>minus</strong></span> <span class='ocrx_word' id='word_1_659' title='bbox 422 4645 449 4701; x_wconf 92' lang='lat' dir='ltr'><strong>in</strong></span> <span class='ocrx_word' id='word_1_660' title='bbox 464 4645 596 4703; x_wconf 84' lang='lat' dir='ltr'><strong>eishabet</strong></span> <span class='ocrx_word' id='word_1_661' title='bbox 610 4650 853 4721; x_wconf 88' lang='lat' dir='ltr'><strong>naturapossibile.</strong></span> <span class='ocrx_word' id='word_1_662' title='bbox 870 4651 909 4706; x_wconf 93' lang='lat' dir='ltr'><strong>lbi</strong></span> <span class='ocrx_word' id='word_1_663' title='bbox 963 4647 1194 4716; x_wconf 71' lang='lat' dir='ltr'><strong>aestumandis,</strong></span> <span class='ocrx_word' id='word_1_664' title='bbox 1210 4665 1272 4719; x_wconf 78' lang='lat' dir='ltr'><strong>quaa</strong></span> <span class='ocrx_word' id='word_1_665' title='bbox 1305 4647 1377 4704; x_wconf 86' lang='lat' dir='ltr'><strong>lacta</strong></span> <span class='ocrx_word' id='word_1_666' title='bbox 1397 4654 1440 4704; x_wconf 90' lang='lat' dir='ltr'><strong>est</strong></span> <span class='ocrx_word' id='word_1_667' title='bbox 1459 4646 1558 4713; x_wconf 89' lang='lat' dir='ltr'><strong>lrodie;</strong></span> <span class='ocrx_word' id='word_1_668' title='bbox 1584 4647 1674 4719; x_wconf 89' lang='lat' dir='ltr'><strong>passio</strong></span> <span class='ocrx_word' id='word_1_669' title='bbox 1692 4663 1761 4703; x_wconf 81' lang='lat' dir='ltr'><strong>uero</strong></span> 
     </span>
     <span class='ocr_line' id='line_1_52' title="bbox 112 4733 1757 4812; baseline 0.003 -26"><span class='ocrx_word' id='word_1_670' title='bbox 112 4746 168 4787; x_wconf 94' lang='lat' dir='ltr'><strong>non</strong></span> <span class='ocrx_word' id='word_1_671' title='bbox 178 4746 269 4788; x_wconf 87' lang='lat' dir='ltr'><strong>ramos</strong></span> <span class='ocrx_word' id='word_1_672' title='bbox 282 4733 420 4801; x_wconf 89' lang='lat' dir='ltr'><strong>arborum,</strong></span> <span class='ocrx_word' id='word_1_673' title='bbox 437 4749 492 4790; x_wconf 93' lang='lat' dir='ltr'><strong>non</strong></span> <span class='ocrx_word' id='word_1_674' title='bbox 506 4734 567 4790; x_wconf 89' lang='lat' dir='ltr'><strong>vilia</strong></span> <span class='ocrx_word' id='word_1_675' title='bbox 589 4737 751 4793; x_wconf 85' lang='lat' dir='ltr'><strong>vestimenta</strong></span> <span class='ocrx_word' id='word_1_676' title='bbox 770 4740 910 4812; x_wconf 84' lang='lat' dir='ltr'><strong>popularis</strong></span> <span class='ocrx_word' id='word_1_677' title='bbox 964 4756 1011 4797; x_wconf 92' lang='lat' dir='ltr'><strong>cur</strong></span> <span class='ocrx_word' id='word_1_678' title='bbox 1023 4737 1116 4793; x_wconf 89' lang='lat' dir='ltr'><strong>addita</strong></span> <span class='ocrx_word' id='word_1_679' title='bbox 1128 4744 1180 4800; x_wconf 90' lang='lat' dir='ltr'><strong>est,</strong></span> <span class='ocrx_word' id='word_1_680' title='bbox 1194 4752 1275 4806; x_wconf 92' lang='lat' dir='ltr'><strong>quam</strong></span> <span class='ocrx_word' id='word_1_681' title='bbox 1290 4746 1368 4792; x_wconf 86' lang='lat' dir='ltr'><strong>sexta</strong></span> <span class='ocrx_word' id='word_1_682' title='bbox 1385 4735 1454 4792; x_wconf 80' lang='lat' dir='ltr'><strong>teria</strong></span> <span class='ocrx_word' id='word_1_683' title='bbox 1477 4743 1585 4792; x_wconf 85' lang='lat' dir='ltr'><strong>constat</strong></span> <span class='ocrx_word' id='word_1_684' title='bbox 1597 4751 1657 4791; x_wconf 88' lang='lat' dir='ltr'><strong>esse</strong></span> <span class='ocrx_word' id='word_1_685' title='bbox 1676 4752 1757 4791; x_wconf 90' lang='lat' dir='ltr'><strong>secu-</strong></span> 
     </span>
     <span class='ocr_line' id='line_1_53' title="bbox 112 4822 1762 4897; baseline 0.004 -24"><span class='ocrx_word' id='word_1_686' title='bbox 112 4826 201 4875; x_wconf 89' lang='lat' dir='ltr'><strong>turma</strong></span> <span class='ocrx_word' id='word_1_687' title='bbox 210 4829 384 4891; x_wconf 84' lang='lat' dir='ltr'><strong>prosternet:</strong></span> <span class='ocrx_word' id='word_1_688' title='bbox 409 4822 458 4880; x_wconf 89' lang='lat' dir='ltr'><strong>sed</strong></span> <span class='ocrx_word' id='word_1_689' title='bbox 479 4823 624 4880; x_wconf 88' lang='lat' dir='ltr'><strong>demittent</strong></span> <span class='ocrx_word' id='word_1_690' title='bbox 646 4842 753 4897; x_wconf 90' lang='lat' dir='ltr'><strong>pennas</strong></span> <span class='ocrx_word' id='word_1_691' title='bbox 773 4844 837 4884; x_wconf 89' lang='lat' dir='ltr'><strong>suas</strong></span> <span class='ocrx_word' id='word_1_692' title='bbox 852 4830 910 4885; x_wconf 91' lang='lat' dir='ltr'><strong>ani·</strong></span> <span class='ocrx_word' id='word_1_693' title='bbox 965 4838 1018 4884; x_wconf 91' lang='lat' dir='ltr'><strong>tam</strong></span> <span class='ocrx_word' id='word_1_694' title='bbox 1033 4827 1047 4881; x_wconf 81' lang='lat' dir='ltr'><strong>l</strong></span> <span class='ocrx_word' id='word_1_695' title='bbox 1061 4827 1219 4896; x_wconf 84' lang='lat' dir='ltr'><strong>Opportune</strong></span> <span class='ocrx_word' id='word_1_696' title='bbox 1234 4824 1329 4897; x_wconf 92' lang='lat' dir='ltr'><strong>utique</strong></span> <span class='ocrx_word' id='word_1_697' title='bbox 1343 4825 1509 4896; x_wconf 87' lang='lat' dir='ltr'><strong>processioni</strong></span> <span class='ocrx_word' id='word_1_698' title='bbox 1529 4824 1619 4893; x_wconf 91' lang='lat' dir='ltr'><strong>passio</strong></span> <span class='ocrx_word' id='word_1_699' title='bbox 1629 4825 1762 4893; x_wconf 89' lang='lat' dir='ltr'><strong>conjunc-</strong></span> 
     </span>
     <span class='ocr_line' id='line_1_54' title="bbox 112 4907 1758 4984; baseline 0.004 -24"><span class='ocrx_word' id='word_1_700' title='bbox 112 4907 192 4962; x_wconf 90' lang='lat' dir='ltr'><strong>malia</strong></span> <span class='ocrx_word' id='word_1_701' title='bbox 218 4917 321 4978; x_wconf 79' lang='grc' dir='ltr'><strong>εειιειιι,</strong></span> <span class='ocrx_word' id='word_1_702' title='bbox 350 4912 491 4984; x_wconf 87' lang='lat' dir='ltr'><strong>deponent</strong></span> <span class='ocrx_word' id='word_1_703' title='bbox 525 4927 642 4970; x_wconf 86' lang='lat' dir='ltr'><strong>coronas</strong></span> <span class='ocrx_word' id='word_1_704' title='bbox 666 4931 730 4970; x_wconf 90' lang='lat' dir='ltr'><strong>suas</strong></span> <span class='ocrx_word' id='word_1_705' title='bbox 747 4926 811 4973; x_wconf 91' lang='lat' dir='ltr'><strong>ante</strong></span> <span class='ocrx_word' id='word_1_706' title='bbox 832 4919 906 4974; x_wconf 88' lang='lat' dir='ltr'><strong>thro·</strong></span> <span class='ocrx_word' id='word_1_707' title='bbox 963 4925 1008 4974; x_wconf 88' lang='lat' dir='ltr'><strong>cta</strong></span> <span class='ocrx_word' id='word_1_708' title='bbox 1022 4924 1073 4981; x_wconf 89' lang='lat' dir='ltr'><strong>est,</strong></span> <span class='ocrx_word' id='word_1_709' title='bbox 1088 4923 1119 4970; x_wconf 92' lang='lat' dir='ltr'><strong>nt</strong></span> <span class='ocrx_word' id='word_1_710' title='bbox 1145 4912 1280 4969; x_wconf 88' lang='lat' dir='ltr'><strong>discamus</strong></span> <span class='ocrx_word' id='word_1_711' title='bbox 1308 4912 1337 4969; x_wconf 89' lang='lat' dir='ltr'><strong>in</strong></span> <span class='ocrx_word' id='word_1_712' title='bbox 1364 4912 1438 4969; x_wconf 88' lang='lat' dir='ltr'><strong>nulla</strong></span> <span class='ocrx_word' id='word_1_713' title='bbox 1465 4911 1557 4967; x_wconf 77' lang='lat' dir='ltr'><strong>laetitia</strong></span> <span class='ocrx_word' id='word_1_714' title='bbox 1572 4913 1653 4981; x_wconf 82' lang='lat' dir='ltr'><strong>hujus</strong></span> <span class='ocrx_word' id='word_1_715' title='bbox 1665 4913 1758 4968; x_wconf 79' lang='lat' dir='ltr'><strong>saeculi</strong></span> 
     </span>
     <span class='ocr_line' id='line_1_55' title="bbox 113 4997 1763 5072; baseline 0.003 -22"><span class='ocrx_word' id='word_1_716' title='bbox 113 5009 177 5050; x_wconf 91' lang='lat' dir='ltr'><strong>uum</strong></span> <span class='ocrx_word' id='word_1_717' title='bbox 212 4997 284 5069; x_wconf 74' lang='lat' dir='ltr'><strong>Aqui</strong></span> <span class='ocrx_word' id='word_1_718' title='bbox 315 5000 409 5072; x_wconf 77' lang='lat' dir='ltr'><strong>viginti</strong></span> <span class='ocrx_word' id='word_1_719' title='bbox 440 5008 557 5072; x_wconf 89' lang='lat' dir='ltr'><strong>quatuor</strong></span> <span class='ocrx_word' id='word_1_720' title='bbox 579 5001 713 5069; x_wconf 88' lang='lat' dir='ltr'><strong>seniores,</strong></span> <span class='ocrx_word' id='word_1_721' title='bbox 741 5013 769 5060; x_wconf 91' lang='lat' dir='ltr'><strong>et</strong></span> <span class='ocrx_word' id='word_1_722' title='bbox 793 5006 908 5064; x_wconf 79' lang='lat' dir='ltr'><strong>virtutes</strong></span> <span class='ocrx_word' id='word_1_723' title='bbox 965 5007 1066 5062; x_wconf 87' lang='lat' dir='ltr'><strong>babere</strong></span> <span class='ocrx_word' id='word_1_724' title='bbox 1083 5001 1218 5069; x_wconf 85' lang='lat' dir='ltr'><strong>fiduciam,</strong></span> <span class='ocrx_word' id='word_1_725' title='bbox 1244 5002 1360 5058; x_wconf 79' lang='lat' dir='ltr'><strong>scientes</strong></span> <span class='ocrx_word' id='word_1_726' title='bbox 1374 4999 1502 5072; x_wconf 90' lang='lat' dir='ltr'><strong>quoniam</strong></span> <span class='ocrx_word' id='word_1_727' title='bbox 1521 5007 1647 5055; x_wconf 90' lang='lat' dir='ltr'><strong>extrema</strong></span> <span class='ocrx_word' id='word_1_728' title='bbox 1670 5002 1763 5071; x_wconf 75' lang='lat' dir='ltr'><strong>gaudii</strong></span> 
     </span>
     <span class='ocr_line' id='line_1_56' title="bbox 113 5085 1763 5163; baseline -0.008 -6"><span class='ocrx_word' id='word_1_729' title='bbox 113 5097 209 5140; x_wconf 53' lang='lat' dir='ltr'>⁰⁰¹⁰ae</span> <span class='ocrx_word' id='word_1_730' title='bbox 222 5085 352 5155; x_wconf 77' lang='lat' dir='ltr'><strong>anitalicas</strong></span> <span class='ocrx_word' id='word_1_731' title='bbox 367 5088 496 5162; x_wconf 88' lang='lat' dir='ltr'><strong>quidquid</strong></span> <span class='ocrx_word' id='word_1_732' title='bbox 516 5088 617 5147; x_wconf 87' lang='lat' dir='ltr'><strong>babent</strong></span> <span class='ocrx_word' id='word_1_733' title='bbox 630 5091 724 5162; x_wconf 75' lang='lat' dir='ltr'><strong>glorie</strong></span> <span class='ocrx_word' id='word_1_734' title='bbox 738 5093 780 5150; x_wconf 84' lang='lat' dir='ltr'><strong>vel</strong></span> <span class='ocrx_word' id='word_1_735' title='bbox 804 5095 911 5152; x_wconf 87' lang='lat' dir='ltr'><strong>decoris</strong></span> <span class='ocrx_word' id='word_1_736' title='bbox 965 5094 1053 5152; x_wconf 92' lang='lat' dir='ltr'><strong>luctus</strong></span> <span class='ocrx_word' id='word_1_737' title='bbox 1067 5099 1191 5163; x_wconf 88' lang='lat' dir='ltr'><strong>occupat.</strong></span> <span class='ocrx_word' id='word_1_738' title='bbox 1210 5092 1357 5162; x_wconf 83' lang='lat' dir='ltr'><strong>Propterea</strong></span> <span class='ocrx_word' id='word_1_739' title='bbox 1371 5102 1425 5144; x_wconf 92' lang='lat' dir='ltr'><strong>non</strong></span> <span class='ocrx_word' id='word_1_740' title='bbox 1448 5087 1532 5143; x_wconf 86' lang='lat' dir='ltr'><strong>simus</strong></span> <span class='ocrx_word' id='word_1_741' title='bbox 1547 5087 1631 5159; x_wconf 89' lang='lat' dir='ltr'><strong>stulti,</strong></span> <span class='ocrx_word' id='word_1_742' title='bbox 1649 5095 1678 5145; x_wconf 92' lang='lat' dir='ltr'><strong>nt</strong></span> <span class='ocrx_word' id='word_1_743' title='bbox 1692 5090 1763 5144; x_wconf 89' lang='lat' dir='ltr'><strong>occi·</strong></span> 
     </span>
    </p>
   </div>
   <div class='ocr_carea' id='block_1_7' title="bbox 116 5362 1764 5495">
    <p class='ocr_par' dir='ltr' id='par_1_8' title="bbox 116 5362 1764 5495">
     <span class='ocr_line' id='line_1_57' title="bbox 148 5362 1764 5442; baseline 0.001 -25"><span class='ocrx_word' id='word_1_744' title='bbox 148 5362 207 5442; x_wconf 77' lang='grc'><strong>(37)</strong></span> <span class='ocrx_word' id='word_1_745' title='bbox 221 5362 399 5419; x_wconf 81' lang='lat' dir='ltr'><strong>lleancianos</strong></span> <span class='ocrx_word' id='word_1_746' title='bbox 421 5363 556 5437; x_wconf 80' lang='lat' dir='ltr'><strong>intelligit,</strong></span> <span class='ocrx_word' id='word_1_747' title='bbox 581 5366 728 5436; x_wconf 86' lang='lat' dir='ltr'><strong>dequibus</strong></span> <span class='ocrx_word' id='word_1_748' title='bbox 748 5367 775 5421; x_wconf 87' lang='lat' dir='ltr'><strong>ib</strong></span> <span class='ocrx_word' id='word_1_749' title='bbox 798 5365 914 5438; x_wconf 81' lang='lat' dir='ltr'><strong>epistola</strong></span> <span class='ocrx_word' id='word_1_750' title='bbox 938 5371 999 5424; x_wconf 77' lang='lat' dir='ltr'><strong>ult.</strong></span> <span class='ocrx_word' id='word_1_751' title='bbox 1027 5368 1079 5424; x_wconf 74' lang='lat' dir='ltr'><strong>an</strong></span> <span class='ocrx_word' id='word_1_752' title='bbox 1092 5367 1279 5438; x_wconf 84' lang='lat' dir='ltr'><strong>sequebamur</strong></span> <span class='ocrx_word' id='word_1_753' title='bbox 1292 5363 1481 5430; x_wconf 73' lang='lat' dir='ltr'><strong>colonienses,</strong></span> <span class='ocrx_word' id='word_1_754' title='bbox 1498 5379 1613 5433; x_wconf 86' lang='lat' dir='ltr'><strong>quorum</strong></span> <span class='ocrx_word' id='word_1_755' title='bbox 1635 5365 1764 5433; x_wconf 67' lang='lat' dir='ltr'><strong>dogmata</strong></span> 
     </span>
     <span class='ocr_line' id='line_1_58' title="bbox 116 5432 784 5495; baseline 0.009 -8"><span class='ocrx_word' id='word_1_756' title='bbox 116 5432 276 5492; x_wconf 90' lang='lat' dir='ltr'><strong>relelluutur</strong></span> <span class='ocrx_word' id='word_1_757' title='bbox 288 5433 461 5492; x_wconf 87' lang='lat' dir='ltr'><strong>serruonibus</strong></span> <span class='ocrx_word' id='word_1_758' title='bbox 476 5439 511 5492; x_wconf 85' lang='grc'><strong>65</strong></span> <span class='ocrx_word' id='word_1_759' title='bbox 526 5447 553 5492; x_wconf 83' lang='grc' dir='ltr'><strong>ει</strong></span> <span class='ocrx_word' id='word_1_760' title='bbox 568 5440 602 5491; x_wconf 92' lang='grc'><strong>66</strong></span> <span class='ocrx_word' id='word_1_761' title='bbox 618 5437 646 5493; x_wconf 91' lang='lat' dir='ltr'><strong>iu</strong></span> <span class='ocrx_word' id='word_1_762' title='bbox 661 5438 784 5495; x_wconf 76' lang='lat' dir='ltr'><strong>Cantica.</strong></span> 
     </span>
    </p>
   </div>
   <div class='ocr_carea' id='block_1_8' title="bbox 0 0 1884 5948">
    <p class='ocr_par' dir='ltr' id='par_1_9' title="bbox 0 0 1884 5948">
     <span class='ocr_line' id='line_1_59' title="bbox 0 0 1884 5948; baseline 0 0"><span class='ocrx_word' id='word_1_763' title='bbox 0 0 1884 5948; x_wconf 95' lang='lat' dir='ltr'><strong> </strong></span> 
     </span>
    </p>
   </div>
  </div>
 </body>
</html>
