3734 5948
55 105 109 167 273
609 106 643 163 tu
663 105 723 164 otu
736 103 874 164 SANCTO
888 105 1034 169 ruscum
1047 109 1176 171 sative.
1656 106 1709 166 274

55 228 181 297 luxuriae,
206 235 253 286 aut
275 233 435 285 caeterorum
469 228 638 300 huiusmodi,
661 229 764 304 gratias
791 236 856 304 agat
871 244 896 326 Α
912 232 995 291 Lotus
1016 235 1089 292 enim
1104 243 1154 306 est,
1167 233 1215 310 qui
1227 231 1316 308 gratia
1328 236 1439 304 peccata
1452 245 1509 287 nou
1520 229 1613 298 babet,
1631 232 1710 301 cuius

10 370 12 375 ·
55 318 168 392 corpori
182 315 344 392 elsassssuissi
361 315 621 390 I³⁰¹1¹issi‚,quoniam
650 320 736 377 virtus
762 334 855 376 sacra·
910 332 1000 396 caput,
1015 325 1043 380 id
1061 333 1102 383 est
1115 324 1229 383 intentio
1257 330 1285 380 et
1312 336 1418 388 manus,
1444 319 1473 375 id
1505 326 1550 376 est
1583 319 1709 393 operalio

55 409 141 465 menti
156 414 286 480 operatur
303 405 332 461 iu
355 421 404 474 eo;
434 414 462 463 et
485 407 603 480 gaudeat
620 410 691 481 quod
710 407 857 480 pessimum
911 417 939 467 et
957 415 1136 481 conversatio,
1161 411 1262 468 munda
1285 418 1340 481 est;
1370 408 1418 464 sed
1445 405 1540 481 pedes,
1570 408 1709 479 quisunt
1750 448 1752 452 ·

55 498 133 553 ulcus
149 496 260 554 accedat
269 495 303 550 ad
318 495 473 551 sanitatem.
911 500 1007 557 animae
1031 502 1200 571 affectiones,
1235 500 1299 557 dum
1335 498 1363 554 in
1401 498 1452 554 boc
1474 496 1586 568 pulvere
1614 495 1708 569 gradi-

91 589 120 642 l.
137 585 193 642 Sed
208 593 298 640 tamen
313 584 378 655 quid
392 584 507 656 agimus,
524 580 597 658 quod
608 587 635 642 in
664 589 716 644 boc
743 600 858 659 corpore
911 606 980 657 mur,
1001 606 1035 646 ex
1050 598 1107 648 toto
1134 590 1228 646 mundi
1255 604 1316 644 esse
1338 602 1394 643 nou
1413 592 1536 658 possunt,
1566 583 1630 655 quin
1658 584 1709 640 ali·

56 674 173 748 peceati,
190 675 260 730 etin
278 674 331 729 boc
345 681 468 743 tempore
483 674 553 731 malo
567 692 622 732 non
638 692 779 747 possumus
797 690 859 731 esse
912 680 1021 750 quando
1034 679 1159 746 vanitati,
1194 675 1339 750 aliquando
1363 673 1520 746 uoluptati,
1551 681 1596 728 aut
1622 672 1711 729 curio·

57 761 762 838 sinepeccatotltuuquiddesperabimustnbsirtst
774 763 859 822 diae·
913 768 984 823 sitati
1011 769 1169 841 plusquam
1197 772 1344 838 oporteret,
1372 765 1452 819 cedat
1478 762 1584 818 animus
1605 761 1649 818 vel
1675 760 1709 816 ad

57 854 162 919 rimas,
176 853 216 908 ait
229 853 325 908 beatus
352 852 481 918 loannes,
496 854 565 924 qoio
577 859 725 927 peccatum
738 871 796 911 non
814 854 860 910 lu·
912 857 1007 914 boram
1024 874 1032 913 τ
1051 860 1084 914 ln
1105 856 1207 913 multis
1232 857 1308 914 enim
1335 852 1512 925 atserrdimus
1527 866 1622 909 omnes
1635 851 1708 921 (loc.

57 943 167 1010 bernus,
182 959 232 1001 nos
246 942 319 1015 ipsos
329 939 532 1008 sedecimam
544 944 647 1000 ueritas
662 945 693 1000 in
707 942 787 1000 nobis
800 960 859 998 non
913 961 953 1014 ur,
969 950 1010 1011 2).

57 1031 779 1102 eat.Siculamconfiteamurpeccotonostrc,fidetir
787 1034 859 1089 Deus
948 1040 974 1091 5.
991 1036 1183 1093 Verumtamen
1197 1033 1257 1087 haeo
1271 1046 1351 1088 nemo
1366 1036 1523 1087 contemnat
1546 1035 1592 1084 aut
1615 1025 1708 1099 parvi·

57 1125 110 1187 cst,
124 1122 177 1194 qni
192 1119 458 1191 remittotpaccuto,
474 1122 504 1176 ct
519 1120 654 1178 emundet
669 1136 720 1179 nos
733 1120 767 1176 ob
782 1121 860 1177 omni
913 1125 1025 1197 pendat.
1066 1121 1236 1198 Impossibile
1272 1129 1312 1177 est
1341 1120 1414 1176 euim
1449 1117 1574 1174 cumeis
1599 1114 1707 1183 salvari,

56 1212 212 1284 iniquitate
229 1207 257 1280 (l
267 1210 348 1266 iona.
369 1224 390 1276 r,
412 1212 437 1275 8,
452 1209 494 1278 9).
508 1207 577 1264 Nam
590 1218 621 1265 ut
639 1211 675 1266 de
699 1209 861 1266 remissione
913 1213 1078 1286 impossibile
1093 1220 1135 1269 est
1148 1228 1182 1268 ea
1208 1211 1285 1278 dilui,
1311 1209 1363 1265 nisi
1383 1224 1434 1280 per
1446 1207 1581 1264 Christum
1604 1205 1710 1272 losum,

57 1298 281 1370 quotidiauomm
308 1296 420 1352 minime
447 1295 611 1365 dubitemus,
641 1298 772 1354 habemus
800 1299 860 1369 ejus
914 1303 1095 1359 etaClrristo.
1110 1302 1206 1371 Nemo,
1231 1301 1351 1373 inquam,
1382 1296 1536 1369 perniciosa
1562 1293 1709 1350 securitate

57 1394 271 1454 sacramentum,
304 1385 406 1456 pedum
440 1386 617 1447 ablutionem.
654 1387 761 1458 Quaeris
789 1387 860 1443 torte
913 1392 1051 1459 dormitet,
1067 1391 1208 1447 declinans
1228 1390 1257 1445 in
1271 1390 1355 1447 verba
1367 1385 1475 1442 malitiae
1492 1384 1527 1439 ad
1542 1381 1711 1440 excusandas

58 1476 133 1532 unde
151 1476 236 1532 sciam
251 1474 324 1548 quod
338 1483 537 1532 sacramentum
561 1476 596 1532 sit
619 1478 699 1547 hujus
720 1476 859 1556 remissio·
913 1481 1103 1537 excusationes
1121 1480 1148 1536 iu
1163 1479 1292 1551 peccatis,
1307 1476 1445 1549 quoniam,
1462 1479 1492 1530 ut
1514 1472 1616 1529 audivit
1656 1470 1711 1525 Pe-

58 1566 116 1633 nis;
131 1565 249 1622 maxime
271 1580 331 1621 cum
355 1565 415 1636 ipse
438 1564 571 1620 Dominus
598 1565 753 1637 promiserit
779 1566 859 1622 Petro
875 1554 898 1632 Β
914 1577 971 1626 trus
983 1570 1016 1625 ab
1031 1569 1100 1641 ipso,
1121 1568 1173 1623 nisi
1187 1567 1282 1624 laverit
1297 1581 1330 1622 ea
1357 1563 1489 1629 Christus,
1509 1577 1564 1618 non
1600 1558 1714 1615 habebi-

59 1654 173 1711 dioens:
189 1654 266 1724 Quod
276 1670 324 1726 epo
334 1656 418 1725 socio,
430 1657 463 1710 tu
473 1656 562 1711 nescis
572 1655 663 1723 modo,
674 1657 744 1713 scies
761 1660 860 1712 nutem
913 1674 974 1713 mus
984 1667 1210 1730 partemcumeo.
1226 1656 1284 1712 Nec
1297 1654 1360 1710 ideo
1376 1662 1468 1708 tamen
1478 1666 1528 1722 pro
1543 1650 1583 1707 eis
1597 1663 1714 1705 necesse

59 1748 172 1814 postem·
192 1741 258 1798 nibil
275 1751 366 1799 autem
381 1743 416 1798 de
430 1751 600 1799 sacramento
614 1742 720 1799 locutus
738 1750 794 1811 est;
810 1742 859 1798 sed
914 1755 956 1803 est
971 1746 1052 1801 nimis
1066 1762 1127 1802 esse
1152 1744 1299 1815 sollicitos3
1332 1743 1456 1815 ignoscet
1484 1738 1572 1806 facile,
1602 1737 1657 1792 imo
1686 1742 1715 1792 et

59 1838 186 1887 tantum:
211 1833 391 1905 Exemplo-m,
415 1830 512 1903 iuquit,
528 1832 592 1890 dedi
604 1832 688 1903 vobis,
707 1836 741 1889 ut
763 1836 791 1888 ct
814 1849 860 1891 vos
913 1835 1039 1903 libenter,
1055 1836 1077 1890 si
1099 1834 1180 1891 modo
1195 1849 1245 1890 nos
1277 1844 1467 1906 agnoscamus.
1496 1828 1527 1882 In
1559 1823 1713 1896 hujusmodi

59 1925 101 1977 ito
114 1922 245 1992 sociatis.
259 1921 361 1977 Verum
379 1919 463 1975 multa
482 1920 600 1976 habebat
613 1919 666 1975 illis
689 1921 789 1987 dicere,
810 1920 858 1977 sed
914 1940 1042 1997 namque,
1073 1923 1149 1996 quasi
1171 1919 1379 1986 inevitabilibus,
1409 1924 1439 1972 et
1463 1913 1630 1986 negligentia
1652 1911 1713 1968 cul-

60 2019 125 2065 tuuc
144 2016 255 2081 portare
275 2024 330 2064 nou
353 2015 490 2080 poterant.
523 2009 643 2083 ideoque
671 2026 722 2066 nec
746 2026 779 2065 ex
803 2017 860 2066 toto
913 2012 1010 2086 pabilis
1024 2021 1075 2080 est,
1090 2020 1119 2069 et
1142 2012 1221 2067 timor
1236 2008 1439 2065 immoderatus.
1473 2003 1541 2059 Hinc
1555 2010 1597 2058 est
1624 1999 1712 2073 quod,

59 2099 144 2153 voluit
158 2112 208 2154 eos
222 2099 316 2154 annos
330 2107 357 2154 et
371 2105 512 2169 suspectos
526 2098 690 2171 relinquere,
706 2099 860 2155 necdicere
913 2103 942 2157 in
961 2101 1083 2159 oratione
1101 2116 1183 2172 quam
1202 2100 1261 2171 ipse
1285 2095 1409 2162 instituit,
1426 2090 1547 2166 quotidie
1571 2104 1621 2162 pro
1645 2104 1713 2160 pec·

58 2187 134 2258 quod
148 2194 215 2244 tnnc
229 2202 283 2243 nun
297 2197 437 2257 caperem.
455 2187 501 2244 Vis
515 2196 608 2243 autem
624 2202 705 2243 nosse
727 2187 791 2260 quia
810 2201 859 2258 pro
913 2190 981 2247 catis
994 2189 1046 2245 illis
1063 2188 1147 2247 voluit
1162 2204 1211 2244 nos
1225 2202 1303 2244 orare
1329 2185 1407 2253 (Luc.
1423 2198 1462 2250 ιιι,
1484 2183 1526 2253 l).
1549 2179 1624 2235 Sicut
1639 2177 1713 2234 euim

50 2283 234 2332 'sacramento
248 2275 315 2331 illud
330 2282 381 2344 est,
398 2292 452 2332 nou
463 2292 513 2347 pro
527 2275 584 2332 solo
600 2276 726 2347 exemplo
741 2275 860 2331 lactum?
914 2278 949 2335 de
964 2276 1184 2350 concupiscentia
1198 2275 1314 2330 diximus
1330 2273 1412 2346 quod,
1428 2271 1492 2327 licet
1511 2266 1714 2323 damnationem
1774 2311 1779 2320 .

60 2364 128 2420 lllud
141 2364 254 2421 attende
268 2365 341 2437 quod
357 2367 437 2422 Petro
451 2364 552 2421 dietum
573 2372 633 2420 est:
651 2366 681 2422 Si
695 2382 752 2422 noa
768 2367 860 2421 teucro
915 2367 1065 2434 abstulerit,
1082 2367 1144 2439 quia
1157 2367 1233 2436 juxta
1252 2361 1415 2435 Apostolum
1431 2380 1438 2415 ι
1460 2358 1544 2417 Nullo
1567 2356 1714 2412 damnatio

60 2458 97 2520 tc,
114 2471 175 2513 non
193 2452 303 2512 babebis
317 2458 430 2527 portem
439 2452 680 2525 macomltliquid
694 2452 776 2525 igitur
794 2452 861 2510 latet
915 2461 957 2514 est
981 2457 1025 2513 bis
1040 2457 1091 2528 qui
1116 2459 1184 2511 sont
1215 2457 1247 2510 in
1267 2451 1456 2510 christotoco
1472 2449 1561 2518 litem.
1586 2459 1647 2511 vin,
1671 2443 1713 2514 l),

51 2542 134 2614 *quod
148 2542 335 2599 necessarium
359 2542 449 2599 estad
470 2541 596 2611 salutem,
616 2542 724 2615 quando
739 2541 799 2597 siue
827 2556 862 2598 eo
915 2554 1006 2602 tamen
1033 2545 1068 2601 ad
1091 2541 1271 2601 humiliandos
1294 2556 1345 2596 nos
1372 2539 1460 2610 ipsam
1488 2535 1576 2591 adhuc
1615 2531 1715 2604 patitur

61 2646 112 2688 uec
126 2630 188 2704 ipse
206 2632 303 2688 Petrus
323 2640 429 2704 partem
452 2630 564 2687 baberet
596 2630 625 2686 iu
658 2646 743 2701 regno
762 2629 860 2686 Christi
915 2635 1006 2691 vivere
1020 2633 1048 2689 iu
1062 2633 1151 2701 nobis,
1167 2640 1195 2688 et
1213 2630 1334 2706 graviter
1359 2627 1483 2702 ailligere
1511 2639 1571 2693 nos,
1600 2629 1630 2678 ut
1648 2635 1713 2676 seu·

61 2728 88 2776 et
99 2720 160 2776 Dei.
183 2719 250 2776 Vide
262 2720 334 2776 enim
349 2721 372 2776 si
385 2734 440 2776 uon
451 2720 591 2792 expaverit
606 2722 699 2775 Petrus
716 2719 750 2774 ad
780 2726 862 2774 tautae
916 2722 1013 2779 tiamus
1048 2722 1112 2794 quid
1140 2719 1220 2778 nobis
1238 2718 1326 2791 gratia
1349 2719 1470 2790 praestet,
1500 2721 1529 2770 et
1555 2725 1665 2782 semper
1679 2707 1714 2763 ad

60 2808 279 2865 comminationis
304 2807 451 2866 terrificum
481 2807 567 2865 892
594 2809 717 2877 verbum,
751 2807 775 2863 si
806 2822 861 2863 non
916 2812 987 2868 illius
1017 2810 1143 2867 auxilium
1169 2823 1358 2865 recurramus:
1389 2805 1472 2861 sicet
1500 2804 1535 2858 de
1564 2798 1715 2855 minoribus

52 2897 205 2969 nagnoverit
227 2898 344 2954 salutare
358 2914 419 2955 esse
429 2897 599 2970 mysterium,
615 2913 678 2953 cum
702 2896 861 2968 respondit:
878 2858 900 2938 c
917 2901 976 2957 istis
998 2899 1117 2972 peccatis
1143 2897 1187 2969 pia
1209 2894 1410 2968 dispensatione
1437 2890 1580 2948 nobiscum
1609 2887 1712 2960 agitur,

62 2989 189 3055 [lvmine
200 3005 258 3045 mm
273 2991 388 3044 lanium
402 2987 483 3061 pedes
501 3003 586 3053 mevi,
601 2984 648 3044 3θᾶ
663 2990 692 3043 el
705 3002 819 3050 manus,
835 2990 863 3042 et
916 3000 947 3047 ut
970 3006 1026 3046 non
1053 2988 1162 3060 penitus
1187 2983 1362 3051 auferantur;
1389 2982 1438 3038 sed
1460 2980 1489 3035 in
1506 2978 1559 3033 illis
1586 2991 1637 3032 nos
1650 2990 1714 3030 eru-

62 3081 158 3148 coput.
179 3076 216 3131 lit
235 3077 308 3132 nude
331 3077 432 3132 scimus
453 3075 516 3148 quia
537 3074 571 3129 ad
587 3074 715 3132 diluenda
735 3083 861 3144 peccata,
918 3073 974 3130 diat
988 3073 1072 3138 Deus,
1092 3078 1123 3127 ut
1137 3085 1199 3126 oum
1218 3066 1328 3122 minima
1342 3078 1440 3122 cavere
1472 3077 1528 3118 uon
1558 3071 1713 3133 possumus,

63 3180 122 3236 quae
135 3178 192 3220 non
207 3173 271 3220 sunt
284 3164 318 3220 ad
328 3172 456 3231 mortem,
473 3170 501 3220 et
515 3180 531 3219 a
545 3163 645 3234 quibus
668 3162 749 3235 plane
764 3178 863 3220 cavere
917 3161 986 3218 certi
1025 3159 1109 3215 simus
1144 3155 1217 3230 quod
1260 3171 1316 3212 non
1356 3151 1457 3210 uostris
1484 3149 1586 3206 viribus
1613 3147 1716 3216 majora

62 3267 116 3308 nou
130 3267 278 3324 possumus
295 3262 357 3310 aute
372 3251 602 3320 mortem,ablutio
625 3252 677 3307 ista
704 3251 864 3323 pertineat?
917 3264 1098 3321 superemus3
1128 3260 1293 3318 semperque
1320 3241 1438 3299 timorati
1466 3246 1494 3295 et
1511 3236 1622 3293 omniuo
1645 3233 1716 3290 solli·

62 3340 99 3396 lix
114 3356 149 3398 eo
161 3341 254 3412 plane,
270 3343 342 3416 quod
360 3342 486 3399 olierenti
501 3356 598 3396 manus
625 3353 653 3397 et
666 3348 747 3414 caput
759 3340 863 3413 pariter
916 3338 962 3394 citi
991 3336 1074 3392 simus
1101 3333 1240 3409 quomodo
1254 3334 1314 3403 ejus
1333 3330 1449 3407 granam
1470 3342 1526 3383 non
1547 3323 1713 3389 amittamus,

61 3431 95 3485 ad
110 3429 279 3488 abluendum
293 3446 454 3504 responsum
474 3438 539 3487 est:
559 3432 612 3500 Qui
632 3431 705 3488 lotus
728 3434 781 3495 est,
805 3446 862 3486 nou
916 3443 999 3500 quam
1026 3424 1106 3482 nobis
1138 3433 1193 3480 tam
1225 3419 1408 3494 multipliciter
1436 3414 1618 3474 necessariam
1654 3426 1716 3467 esse

67 3519 177 3592 indicet
190 3521 249 3577 nisi
261 3525 293 3579 ut
305 3522 387 3594 pedes
403 3520 477 3579 louet
499 3519 593 3592 (loon.
618 3534 682 3588 ιιιιι,
702 3521 782 3586 a-lo,
807 3517 861 3589 lb).
916 3515 1059 3572 sentimus.

670 3766 707 3822 IN
726 3764 785 3821 DIE
803 3760 939 3821 SANCTO
957 3760 1111 3818 PASCHAE.

832 3885 951 3946 SERMO

575 3995 614 4050 De
629 3996 737 4065 septem
756 3987 915 4062 signaculis
931 4002 994 4058 quoe
1008 3983 1091 4042 soluit
1106 3984 1210 4055 lonas.

101 4125 127 4177 l.
145 4118 215 4178 Vicit
227 4121 268 4179 teo
278 4120 311 4177 de
321 4119 481 4178 tribulacio
496 4120 590 4192 (lpoc.
600 4135 629 4186 v,
642 4118 680 4187 5).
700 4114 772 4172 Vicit
783 4114 864 4187 plane
881 4128 903 4204 n
920 4125 968 4177 xv,
985 4112 1041 4180 32).
1058 4109 1081 4164 0
1095 4112 1230 4166 venenata
1243 4103 1344 4177 lingua,
1361 4103 1474 4161 verbum
1489 4100 1608 4168 malitiae,
1624 4114 1716 4155 sermo

64 4209 194 4268 malitiam
217 4208 359 4280 sapientia,
375 4210 512 4281 attingens
526 4225 543 4264 a
558 4207 613 4264 line
627 4221 714 4279 usque
732 4204 767 4259 ad
782 4203 864 4260 linem
920 4196 1057 4273 nequam!
1081 4198 1142 4253 Non
1166 4203 1208 4252 est
1227 4195 1288 4263 hoc,
1313 4192 1425 4265 Caipba,
1452 4190 1525 4264 quod
1550 4188 1629 4262 paulo
1653 4196 1718 4245 aute

65 4299 182 4365 fortiter,
200 4305 228 4354 et
251 4298 371 4355 suaviter
393 4298 520 4354 universa
547 4297 714 4369 disponens:
739 4293 787 4351 sed
815 4308 864 4365 pro
919 4286 1047 4347 dicebas:
1069 4284 1189 4361 Enpedtt
1203 4288 1237 4341 ut
1256 4299 1331 4340 unos
1352 4285 1496 4339 moriatur
1511 4279 1589 4336 bomo
1602 4294 1655 4352 pro
1669 4295 1718 4352 po·

49 4404 109 4446 me
137 4386 254 4456 lortiter,
283 4387 402 4444 suaviter
424 4386 500 4443 milri.
529 4386 602 4442 Vicit
623 4385 778 4441 ludaeorum
804 4382 865 4437 bla·
918 4377 1174 4452 pulo,etnoatoto
1186 4372 1459 4446 prosperrimum.
1473 4369 1582 4441 xt,50).
1597 4367 1719 4434 triduo,

65 4477 206 4550 sphemias
227 4475 257 4532 in
285 4476 422 4549 patibulo,
455 4476 555 4532 fortem
584 4482 718 4531 armatum
746 4471 868 4548 abigavit
921 4469 983 4542 quia
998 4463 1168 4522 mendacium
1183 4476 1239 4518 non
1252 4467 1321 4530 erat,
1344 4475 1400 4517 non
1422 4458 1579 4532 loquebaris
1603 4456 1638 4514 de
1652 4473 1717 4530 pro·

64 4567 93 4623 in
108 4565 190 4633 atrio,
214 4572 242 4622 et
270 4566 304 4622 de
329 4566 388 4638 ipso
418 4566 511 4622 mortis
538 4564 653 4636 imperio
682 4561 865 4634 triumphavit.
922 4557 992 4631 prio,
1014 4570 1101 4612 nona
1123 4551 1268 4623 temetipso
1288 4549 1418 4608 dicebas:
1435 4548 1466 4606 st
1479 4565 1532 4607 rea
1550 4548 1639 4605 lsrael
1667 4551 1719 4614 cst,

66 4655 118 4713 Ubi
142 4653 216 4712 enim
244 4663 307 4711 sunt
328 4653 473 4727 opprobria
498 4663 553 4723 tua,
578 4652 692 4710 tudaeet
719 4652 765 4707 ubi
792 4657 864 4718 suut,
921 4643 1070 4706 minuma
1097 4643 1129 4701 de
1147 4658 1229 4700 cruce
1251 4639 1364 4713 (Maxu.
1378 4655 1471 4707 ιιιιιι,
1487 4638 1545 4708 lt),
1562 4637 1613 4692 hoc
1641 4635 1720 4708 plane

64 4744 180 4812 zabule,
209 4759 275 4801 rasa
303 4740 471 4816 captivatis?
503 4743 550 4800 ubi
572 4749 624 4810 est,
641 4757 725 4811 mors,
754 4739 867 4797 motoria
922 4745 997 4794 tuum
1012 4742 1072 4801 est;
1088 4732 1175 4805 mama
1199 4737 1290 4788 autem
1304 4731 1365 4802 ejus
1396 4727 1443 4803 qui
1468 4725 1587 4783 mendax
1615 4733 1659 4783 est
1685 4727 1720 4782 ab

65 4833 132 4890 tua?
158 4832 295 4890 Cuntinus
332 4840 374 4890 est
395 4831 582 4901 calumniator,
613 4839 706 4902 raptor
737 4830 867 4902 spoliatus
921 4825 1008 4882 initio.
1037 4823 1107 4893 Quid
1143 4821 1215 4880 euim
1254 4818 1456 4892 consequentia
1480 4815 1588 4874 videtur
1616 4815 1721 4872 babere

65 4931 119 4980 est.
145 4923 253 4979 Novum
279 4937 369 4994 genus
395 4919 539 4993 potentiael
565 4921 697 4977 hactenus
721 4918 868 4976 victoriosa
922 4923 951 4972 ut
983 4913 1145 4981 descendat,
1161 4911 1184 4968 si
1199 4927 1248 4968 rex
1265 4918 1327 4980 est;
1346 4915 1375 4965 et
1389 4922 1444 4963 uon
1467 4905 1555 4978 mama
1568 4905 1722 4962 ascendat?

31 5027 37 5035 ·
66 5028 143 5069 mors
165 5010 343 5083 obstupescit
360 5008 481 5080 Quidtu,
506 5008 610 5076 Judaee,
631 5009 677 5082 qui
695 5009 782 5080 pridie
804 5015 868 5064 ante
922 5005 1031 5064 Sicuou
1046 5002 1192 5060 meministi
1205 5016 1319 5074 serpens
1332 4995 1453 5070 auoque,
1469 5012 1552 5070 quam
1578 4994 1720 5062 contusus,

64 5116 178 5159 crucem
201 5099 325 5172 agitabas
351 5107 432 5171 caput
463 5098 652 5170 sacrilegum?
677 5097 742 5172 quid
775 5112 869 5153 verum
922 5094 1089 5151 abscesseris
1104 5092 1179 5160 olim,
1195 5108 1257 5149 cum
1280 5089 1372 5146 dicere
1386 5085 1626 5160 praesumpsisses:
1642 5085 1722 5142 llittc

66 5188 188 5249 bominis
199 5196 280 5262 caput
293 5189 429 5246 Christum
443 5187 601 5264 exagitabas
614 5186 767 5259 opprobriis
788 5184 869 5258 (41))
923 5188 951 5241 te
963 5184 1103 5250 moriana·
1120 5189 1164 5238 et:
1181 5184 1243 5240 llaeo
1258 5182 1355 5238 mutio
1370 5179 1421 5236 tibi
1433 5178 1511 5251 dabo,
1527 5179 1553 5237 ai
1571 5175 1722 5251 procidens

68 5275 868 5352 embammatuminmincntiainminentia.
923 5273 1082 5332 adoraveris
1102 5271 1167 5330 me?
1181 5270 1292 5344 (llottlr.
1308 5285 1348 5338 ιι,
1359 5270 1386 5339 o,
1406 5269 1446 5339 9).
1476 5266 1520 5324 Sic
1542 5263 1599 5332 tibi,
1616 5260 1720 5330 tudae,

100 5402 161 5476 (ll)
177 5401 263 5474 Alias,
285 5401 357 5472 Quid
370 5418 485 5462 socrum
499 5401 622 5461 bominis
638 5400 744 5460 Christi
756 5402 844 5474 capot
857 5398 1021 5471 neptuim
1036 5395 1201 5469 opprobriis.
