3734 5948
102 199 162 258 ¹⁸⁹
615 195 652 256 ιι
668 195 833 255 ruurone
851 196 1064 255 aasunancr.
1084 200 1190 260 sunu.
1210 200 1256 260 ιιι
1711 214 1767 272 29,

101 322 146 378 nia
161 321 234 392 ejus,
250 333 332 392 quam
347 315 468 375 exhibuit
482 326 546 376 ante
565 320 729 392 passionem,
745 321 904 377 mundamur
923 329 1064 414 *prater
1085 324 1222 396 propriam
1246 326 1432 386 voluntatem?
1446 331 1543 390 Cesset
1560 334 1687 394 noluntas
1700 354 1766 410 pro·

102 418 130 468 ct
144 423 312 484 purgamur;
335 406 365 462 in
383 408 585 465 resurrectione
609 425 674 466 vero
698 417 726 466 et
749 411 802 467 rita
826 424 908 483 quam
963 410 1032 482 pria,
1047 412 1221 483 etiniernus,
1247 417 1382 476 nouerit.
1402 419 1765 498 lnquemeninrignisille

102 498 226 557 ostendit
240 496 420 570 quadraginta
434 497 532 554 diebus
546 498 692 566 relicimur,
713 507 741 584 et
760 498 910 557 delectabi-
965 497 1103 570 desaeviet,
1120 501 1173 557 nisi
1186 503 1214 558 in
1227 504 1367 577 propriam
1380 507 1569 566 voluntatem?
1581 511 1763 583 Etiamnunc,

104 588 179 646 libus
191 587 329 661 pascimur
339 586 485 644 alimentis.
503 587 724 660 septempliciter
738 588 810 644 enim
824 605 909 645 occu·
965 603 1026 644 cnm
1045 587 1130 662 frigus
1159 600 1205 647 ant
1228 592 1327 649 samem
1355 605 1402 652 aut
1430 597 1531 671 aliquid
1561 601 1614 656 tale
1637 601 1766 672 patimur,

104 677 184 750 pavit
207 692 258 733 nos
273 675 350 748 lepra
363 676 514 749 superbiae3
531 677 559 732 in
583 677 750 748 proprietate
764 677 913 750 possessio
966 679 1031 750 qnid
1054 678 1160 736 laeditur
1173 681 1225 737 nisi
1238 684 1349 755 propria
1373 685 1518 743 voluntas?
1532 687 1612 758 Quod
1631 690 1655 745 si
1668 691 1767 748 volun-

107 782 185 836 rrum,
205 765 237 820 in
254 765 342 838 gloria
360 765 485 833 vestium,
502 765 683 838 inuoluptate
706 782 864 839 corporum,
884 767 913 822 in
967 767 1034 823 tario
1048 769 1222 838 sustinemus,
1251 771 1311 842 ipsa
1329 773 1385 843 jam
1404 776 1695 835 rolunmsoommunis
1709 789 1768 849 est;

109 871 159 912 ore
174 869 285 928 quoque
304 854 458 926 dupliciter,
487 854 611 911 similiter
625 861 654 911 et
667 856 695 911 in
710 857 803 912 corde.
824 855 914 911 Prima
967 855 1016 912 sed
1037 855 1179 914 infirmitas
1197 861 1364 932 quaedamst
1379 863 1456 920 velut
1477 867 1599 938 pruritus
1623 868 1770 926 voluntatis

107 953 152 1001 est
173 943 253 1016 lepra
267 943 373 1009 domus,
394 959 448 1016 qua
474 942 573 1001 divites
596 961 656 1001 esse
680 945 805 1002 volumus
819 945 847 1000 in
862 945 914 1002 boc
966 944 1054 1000 adbuc
1069 947 1103 1002 de
1124 948 1234 1019 proprio
1250 958 1300 1018 est,
1317 960 1344 1007 et
1359 953 1386 1007 in
1401 953 1446 1010 illo
1461 970 1558 1012 omnes
1570 973 1670 1029 poenas
1685 959 1768 1015 susti·

108 1041 223 1098 oaeoulo,
248 1041 305 1098 Sed
327 1042 363 1096 ab
377 1041 431 1097 ista
456 1041 628 1110 mundamur,
644 1042 667 1098 si
682 1041 868 1115 immergimur
886 1041 913 1096 irr
967 1049 1074 1102 nemus,
1090 1035 1178 1092 donec
1204 1039 1313 1109 penitus
1339 1052 1524 1101 consumatur.
1549 1047 1618 1102 Nam
1642 1047 1769 1105 voluutas
1812 1072 1814 1076 ⁷

107 1131 241 1199 iordane,
257 1131 285 1185 id
301 1138 342 1187 est
356 1131 384 1187 in
399 1131 498 1188 Christi
513 1133 659 1190 descensu.
675 1132 831 1188 Invenimus
841 1132 914 1188 enirn
967 1122 1013 1177 illa
1027 1126 1136 1196 Pl⁰l³li⁰
1150 1126 1258 1195 dicimis
1273 1131 1316 1185 cni
1326 1134 1498 1200 assentimur.
1515 1143 1543 1191 et
1553 1137 1595 1191 cui
1610 1154 1641 1192 ⁸⁰
1651 1137 1768 1194 liberum

108 1220 239 1292 quoniam
263 1219 319 1287 ille,
335 1236 397 1276 oum
420 1228 494 1277 esset
507 1221 593 1289 dives,
618 1228 730 1293 propter
745 1237 796 1278 nos
810 1237 915 1293 pauper
968 1209 1079 1269 inclinat
1098 1215 1249 1273 arbitrium.
1273 1216 1363 1275 901
1385 1221 1449 1278 llaec
1474 1232 1563 1279 autern
1587 1223 1723 1280 desideria
1741 1233 1770 1283 ot

107 1305 198 1364 lactus
212 1315 264 1368 est.
279 1307 429 1364 Descendit
442 1309 476 1362 ab
486 1309 715 1366 inenarrabilibus
728 1309 790 1365 coeli
804 1309 913 1377 divitiis,
969 1302 1203 1375 concupiscentias,
1232 1323 1293 1378 quae
1308 1308 1408 1368 inritos
1431 1320 1536 1379 tenent,
1553 1327 1609 1367 non
1624 1313 1759 1383 voluntas,

108 1407 136 1452 et
150 1395 267 1452 veniens
282 1395 311 1451 in
325 1397 466 1465 mundum,
483 1413 536 1454 1100
563 1397 628 1452 isias
648 1397 854 1471 qualescunque
868 1397 916 1453 di.
968 1392 1017 1447 seli
1032 1393 1169 1464 corruptio
1183 1395 1328 1452 voluntatis
1342 1406 1395 1454 θεῖ.
1417 1400 1502 1457 Porro
1520 1399 1646 1457 voluntas
1660 1401 1770 1474 propria

109 1485 189 1541 vitias
211 1485 315 1541 habere
342 1484 436 1554 voluit,
454 1487 504 1542 sed
518 1486 545 1541 in
559 1493 634 1542 tanta
649 1495 809 1559 paupertate
829 1487 913 1555 venit,
969 1497 1023 1552 quo
1039 1480 1130 1539 furore
1145 1484 1290 1540 Dominum
1314 1488 1467 1559 majestatis
1489 1489 1641 1562 impugnet,
1657 1490 1770 1547 audiant

110 1586 141 1631 ut
154 1582 237 1630 natus
263 1574 392 1631 continuo
421 1585 569 1647 poneretur
588 1575 616 1630 in
641 1576 783 1648 praesepio,
812 1574 916 1650 quiaei
969 1574 998 1624 el
1012 1571 1124 1626 timeant
1138 1571 1212 1628 servi
1227 1575 1343 1646 propriae
1366 1576 1522 1635 voluntatis.
1547 1579 1638 1634 Primo
1650 1593 1770 1652 namque

110 1678 167 1719 non
193 1670 254 1720 erat
277 1663 352 1720 locus
365 1663 393 1719 in
407 1663 556 1721 diversorio
586 1667 663 1734 (loc.
680 1680 709 1733 ιι,
729 1665 767 1735 7).
791 1666 915 1738 Denique
932 1651 955 1729 Β
970 1659 1088 1729 seipsam
1111 1668 1138 1715 et
1158 1660 1293 1718 subtrahit
1312 1673 1339 1720 et
1364 1667 1491 1723 subducit
1516 1669 1577 1739 eins
1606 1668 1770 1739 dominatui,

111 1751 160 1823 qui
184 1751 290 1808 nesciat
318 1752 446 1826 quoniam
476 1753 558 1809 Filius
585 1752 703 1809 hominis
726 1767 780 1809 non
800 1754 918 1811 habebnt
971 1749 1014 1804 cni
1029 1756 1155 1821 tanquam
1174 1753 1278 1808 auctori
1292 1755 1396 1811 servire
1409 1758 1471 1827 jare
1486 1758 1628 1827 debuerat,
1650 1757 1715 1813 dum
1730 1757 1771 1814 ei·

112 1839 160 1896 ubi
175 1849 259 1913 capnt
276 1856 355 1897 suum
374 1841 539 1897 reclinaret?
552 1840 606 1911 Qui
621 1842 691 1898 bene
716 1841 848 1916 mergitur
862 1842 914 1913 bic,
971 1839 1060 1895 ficitur
1074 1856 1133 1896 sua.
1149 1840 1201 1900 Sed
1225 1844 1348 1916 nunquid
1364 1853 1492 1904 contenta
1515 1848 1567 1904 erit
1590 1849 1642 1904 hac
1655 1847 1771 1919 injuriat

110 1928 223 2001 quando
239 1941 344 2001 quaeret
367 1931 474 1987 divitias
500 1931 582 2001 hujus
607 1931 721 1986 mundi?
734 1931 770 1987 Et
783 1947 848 1988 rere
862 1948 918 1987 ma·
970 1930 1166 2004 Nequaquam:
1183 1933 1258 1989 addit
1281 1935 1370 1992 adbuc
1384 1945 1411 1992 et
1425 1937 1497 2010 quod
1512 1938 1541 1992 in
1559 1954 1590 1993 se
1604 1946 1655 2006 est,
1681 1937 1773 1994 omnia

112 2037 168 2092 gna
184 2021 291 2089 abusio,
309 2031 337 2077 et
350 2037 451 2097 magna
465 2021 555 2086 nimis,
572 2029 603 2077 ut
617 2021 694 2079 dives
706 2038 768 2079 esse
781 2022 918 2080 velitrer-
971 2035 1080 2092 quoque
1094 2038 1155 2094 quie
1176 2022 1227 2077 Dei
1242 2032 1315 2091 sunt,
1341 2024 1420 2090 toltit,
1436 2032 1463 2080 et
1478 2025 1579 2097 diripit.
1595 2026 1683 2095 Quem
1698 2027 1771 2082 euim

110 2106 228 2166 miculos
241 2109 312 2179 rilis,
327 2120 533 2182 propterquam
545 2110 918 2181 Densmajestatisetliomi-
971 2109 1081 2163 modurn
1090 2110 1142 2165 sibi
1156 2111 1232 2182 ponit
1247 2112 1365 2167 humana
1380 2113 1534 2186 cupiditas?
1552 2115 1651 2170 Nonne
1665 2115 1712 2188 qui
1722 2131 1773 2186 per

110 2214 163 2254 nus
177 2197 294 2254 sabaotb
304 2199 388 2254 voluit
403 2215 506 2270 pauper
522 2200 595 2256 lieri.
970 2211 1080 2252 usuram
1095 2200 1210 2272 acquirit
1236 2201 1383 2272 pecuniam
1399 2201 1542 2271 modicam,
1558 2202 1683 2260 similiter
1692 2220 1772 2261 mun·

146 2292 176 2346 il.
194 2288 278 2344 Porro
301 2287 330 2344 in
349 2287 426 2360 lepra
449 2288 543 2356 vestis,
575 2304 685 2346 omnem
716 2289 808 2346 saculi
838 2289 918 2361 hujus
971 2282 1035 2339 dum
1063 2284 1160 2342 lucrari
1188 2298 1333 2345 conaretur
1357 2290 1523 2360 universum,
1539 2291 1633 2347 sinon
1657 2291 1770 2348 deesset

112 2391 277 2448 pomposam
303 2376 427 2449 intellige
441 2378 599 2434 vanimtem.
618 2380 687 2435 Nam
701 2379 736 2434 ab
758 2379 803 2434 illa
817 2378 917 2435 nihilo·
970 2373 1144 2444 possibilitas,
1160 2376 1182 2431 si
1206 2385 1367 2449 suppeteret
1391 2379 1521 2436 voluntati
1544 2379 1679 2435 facultas?
1702 2380 1770 2438 Dico

111 2466 205 2522 minus
219 2465 249 2522 in
262 2465 389 2522 lordonis
412 2466 550 2524 mersione
572 2468 759 2536 mundaberis,
774 2469 821 2524 nbi
839 2468 916 2525 inve·
971 2459 1150 2519 fiduciafilw
1175 2466 1286 2534 nemini.
1305 2467 1351 2540 (lui
1374 2466 1408 2524 Sil
1432 2467 1461 2522 1¹¹
1480 2468 1590 2541 ιπθῐῆἦὲΙ
1617 2469 1768 2539 V⁰¹¹¹¹¹¹⁸¹⁰r

113 2553 175 2610 nies
188 2553 327 2612 Christum
345 2554 453 2611 Domini
468 2555 566 2612 vilibus
581 2556 678 2628 pannis
701 2556 862 2624 involutum,
879 2556 917 2612 ia-
971 2558 1064 2622 posset
1078 2552 1220 2610 universus
1233 2555 1351 2611 mundus
1374 2556 1513 2615 suliicere.
1530 2557 1585 2614 Sed
1600 2557 1703 2613 utinam
1730 2559 1775 2615 vel

112 2650 188 2699 ctum
202 2643 379 2715 opprobrium
404 2644 554 2713 hominum,
570 2653 599 2701 et
612 2646 795 2716 abjectionem
818 2644 916 2718 plebis.
971 2640 1054 2696 rebus
1071 2640 1130 2698 istis
1154 2654 1229 2701 esset
1253 2652 1392 2716 contenta,
1419 2662 1453 2703 ne
1480 2645 1509 2702 in
1522 2646 1622 2721 ipsum,
1646 2646 1774 2704 horribile

113 2731 230 2804 Aiopra
244 2749 355 2807 quoque
365 2734 486 2804 eorporis
496 2734 659 2790 mundamur
673 2735 701 2790 io
714 2735 773 2807 ipso
787 2736 917 2804 iordane,
972 2728 1055 2797 dictu,
1081 2731 1225 2789 desaeviret
1250 2733 1404 2791 auctorem!
1429 2736 1507 2792 Nunc
1520 2742 1612 2792 autem
1628 2744 1654 2792 et
1672 2736 1772 2807 ipsum,

114 2820 138 2874 si
151 2822 225 2878 bene
240 2821 393 2894 rogitantes
413 2823 582 2879 Dominioam
598 2825 763 2895 passionem,
783 2823 920 2880 ombosoi-
972 2826 1102 2888 quantum
1117 2819 1145 2874 in
1159 2819 1218 2892 ipsa
1228 2829 1281 2893 est,
1296 2823 1384 2879 Deum
1399 2822 1509 2894 perimit
1522 2823 1773 2895 uoluntaspropria.

116 2923 178 2964 mus
196 2909 276 2981 sequi
294 2911 416 2982 corporis
438 2912 615 2984 voluptatem.
630 2913 667 2969 At
680 2913 708 2968 in
730 2928 787 2982 ore,
805 2921 834 2969 ut
846 2911 918 2968 diri·
972 2906 1089 2964 Omnino
1105 2908 1178 2964 enim
1191 2909 1368 2968 relletDeum
1383 2920 1496 2983 peccata
1511 2928 1560 2968 sua
1574 2923 1620 2968 aut
1636 2912 1775 2970 vindicare

115 3012 188 3066 runs,
210 2998 310 3070 duplex
326 3010 368 3055 est
377 2998 463 3072 lepra.
480 3003 548 3057 Cum
563 3002 635 3058 enim
650 3002 756 3059 adversi
770 3003 918 3076 quidquam
933 2961 956 3039 Β
972 3012 1027 3054 non
1041 3014 1131 3069 posse,
1147 3006 1193 3054 aut
1208 3000 1290 3071 nolle,
1311 3009 1357 3058 ant
1371 3016 1403 3058 ea
1419 3003 1535 3058 nescire.
1553 3002 1615 3058 Vult
1636 3018 1702 3073 ergo
1712 3019 1792 3063 euru¹

113 3087 271 3160 eontigerit,
305 3104 515 3158 murmuramus,
545 3101 574 3148 et
597 3091 772 3164 impatientiae
804 3092 918 3148 verbum
972 3103 1028 3143 non
1042 3102 1102 3142 esse
1115 3088 1214 3156 Deum,
1229 3105 1300 3161 quae,
1316 3089 1556 3162 quantuminipsa
1570 3102 1622 3157 est,
1638 3089 1773 3148 vulteum

113 3183 246 3249 tanquam
261 3177 345 3248 leproe
363 3179 455 3234 sanies
469 3179 564 3236 effluit,
577 3179 632 3236 Sed
646 3182 680 3236 oo
691 3183 741 3236 hoo
756 3181 919 3236 mundamur
972 3182 1019 3230 aut
1033 3174 1220 3245 impotentem,
1233 3183 1280 3232 aut
1294 3177 1426 3246 injustum
1440 3193 1511 3246 esse,
1524 3187 1570 3234 ant
1584 3177 1771 3249 insipientem.

112 3265 135 3319 si
153 3263 231 3320 illum
258 3266 432 3336 attendimus,
459 3267 505 3341 qui
532 3277 660 3342 tanquam
683 3268 742 3326 ovis
755 3269 790 3324 ad
808 3269 920 3326 occisio·
973 3263 1097 3320 Crudelis
1111 3263 1192 3335 plane
1206 3275 1234 3320 et
1252 3265 1364 3322 omnino
1389 3266 1557 3322 exsecranda
1584 3265 1694 3334 malitia,
1712 3283 1774 3339 quur

113 3371 180 3410 nem
194 3353 294 3410 ductus
308 3364 360 3424 est,
383 3365 411 3412 et
424 3372 480 3414 non
498 3359 606 3430 apernit
627 3375 751 3416 ossuum
766 3360 844 3430 (lsai.
860 3373 918 3426 nm,
972 3353 1023 3409 Dei
1042 3353 1201 3422 potentiam,
1217 3354 1357 3424 justitiam,
1379 3355 1540 3428 sapientiam
1553 3357 1646 3429 perire
1667 3356 1776 3414 deside·

113 3444 163 3512 il:
180 3441 237 3515 qui,
253 3459 315 3500 cum
329 3445 550 3516 malediceretur,
567 3463 623 3504 non
646 3447 841 3521 maledicebat;
858 3462 919 3504 cum
973 3448 1024 3511 rat,
1037 3445 1100 3499 Haeo
1115 3451 1156 3499 est
1175 3444 1294 3500 crudelis
1308 3445 1407 3513 bestia,
1419 3445 1478 3502 iera
1488 3447 1615 3519 pessima,
1633 3445 1777 3519 rapacissi-

114 3538 268 3603 pateretur,
296 3549 354 3590 non
382 3536 599 3592 comminabatur
626 3538 654 3608 (l
665 3542 742 3594 Petr.
758 3553 789 3606 ιι,
806 3537 863 3608 23).
889 3536 919 3592 ln
972 3547 1016 3587 ma
1032 3530 1104 3604 lupa,
1119 3541 1146 3588 et
1160 3531 1413 3590 leanasaevissima.
1429 3536 1493 3591 llaec
1508 3544 1550 3591 est
1560 3534 1776 3591 immundissima

112 3620 254 3693 prosperis
263 3637 373 3696 quoque
383 3634 479 3681 contra
493 3642 555 3682 eum
571 3625 617 3699 qni
632 3625 718 3682 dirit:
735 3629 797 3684 Non
816 3627 867 3699 qai
877 3641 920 3683 sc·
973 3621 1049 3694 lepra
1068 3621 1161 3688 animi,
1178 3629 1292 3695 propter
1310 3639 1390 3694 quam
1411 3624 1440 3678 in
1457 3625 1576 3679 lordane
1591 3623 1679 3698 mergi
1693 3639 1776 3693 opor·

114 3713 213 3784 iprum
225 3713 411 3784 cornmendot,
425 3714 475 3770 ille
485 3716 618 3788 probatus
633 3721 676 3772 est
687 3717 724 3782 (ll
737 3715 799 3772 Cor.
814 3729 844 3784 x,
856 3714 918 3785 18);
974 3716 1039 3779 teat,
1049 3717 1077 3765 et
1091 3709 1190 3766 imitari
1204 3727 1268 3767 enm
1282 3711 1329 3784 qui
1343 3727 1400 3767 non
1413 3712 1488 3768 venit
1504 3711 1597 3770 iacere
1609 3711 1775 3769 voluntatem

113 3800 339 3858 commendamus
353 3803 544 3876 nosmetipsos,
562 3820 617 3859 non
636 3803 664 3859 in
678 3802 763 3859 multa
776 3803 918 3875 patientia,
973 3815 1068 3856 suani:
1092 3799 1165 3855 unde
1180 3807 1208 3856 et
1220 3799 1249 3854 in
1262 3800 1408 3872 passione:
1424 3802 1487 3858 Non
1510 3817 1584 3870 mec,
1613 3800 1711 3875 inquit,
1726 3818 1777 3862 oo·

113 3890 209 3946 sedin
233 3892 410 3962 arrogantia:
438 3900 467 3949 et
491 3893 616 3965 inquinat
645 3909 696 3950 nos
721 3892 808 3949 altera
830 3892 918 3965 lepra,
975 3890 1083 3954 luntas,
1099 3889 1147 3946 sed
1161 3894 1212 3945 tua
1224 3889 1277 3958 fist
1290 3889 1369 3957 (loc.
1387 3904 1463 3961 ann,
1477 3889 1535 3964 la).

112 3980 230 4036 verbum
246 3980 396 4050 iactantia.
412 3981 448 4039 Ut
462 3997 529 4054 ergo
544 3983 707 4039 mundemur
725 3981 760 4037 ab
774 3981 828 4049 illa,
842 3996 920 4036 mer·
1010 3981 1037 4033 l.
1052 3977 1141 4047 Lepra
1153 3992 1219 4033 vero
1240 3977 1345 4050 proprii
1358 3979 1464 4036 consilii
1478 3995 1513 4037 eo
1526 3979 1709 4051 perniciosior
1722 3983 1775 4051 eal,

113 4082 215 4141 gamnr
232 4067 260 4123 in
274 4068 404 4138 Jordane,
417 4078 446 4126 et
458 4070 596 4128 imitemur
607 4087 670 4127 eum
684 4070 732 4143 qni
747 4085 801 4126 non
816 4084 921 4142 quaere-
974 4083 1029 4140 quo
1043 4065 1130 4139 magis
1151 4066 1281 4137 occulta3
1312 4076 1340 4123 et
1353 4077 1455 4141 quanto
1471 4070 1531 4142 plus
1552 4070 1684 4141 abundat,
1702 4078 1778 4128 tanto

114 4155 164 4211 bat
172 4156 289 4229 gloriam
304 4174 392 4215 suam.
407 4160 485 4216 Unde
501 4167 529 4216 et
543 4160 678 4216 daemonia
696 4175 757 4231 qnae
767 4158 921 4215 clamabant
974 4156 1026 4213 sibi
1041 4156 1157 4229 quisque
1175 4157 1267 4214 sanior
1281 4173 1343 4215 esse
1366 4157 1484 4216 videtur.
1513 4161 1578 4216 Haeo
1590 4159 1701 4216 illorum
1723 4166 1776 4227 est,

117 4246 182 4318 quia
195 4246 256 4318 ipse
270 4257 344 4304 esset
357 4249 407 4305 Dei
422 4248 514 4318 Filius,
536 4249 713 4322 praeoipiebat
727 4250 918 4306 obmutescere
936 4270 959 4348 υ
975 4245 1022 4320 qui
1031 4243 1120 4302 zelum
1132 4245 1304 4313 Deihabent,
1322 4247 1372 4303 sed
1391 4263 1447 4304 non
1461 4250 1609 4305 secundum
1624 4246 1776 4318 scientiam,

115 4335 197 4404 (Luc.
213 4352 253 4404 iv,
274 4339 318 4405 sl,
343 4340 402 4410 ³5);
420 4348 449 4395 et
461 4339 626 4396 illuminatos
641 4355 728 4396 caecos
752 4337 844 4394 dicere
857 4351 920 4409 pro·
975 4342 1123 4407 sequentes
1143 4351 1266 4393 errorem
1290 4353 1379 4404 suum,
1396 4346 1423 4394 et
1446 4338 1576 4395 obstinati
1589 4337 1618 4394 in
1632 4352 1678 4406 eo,
1696 4337 1734 4393 ita
1747 4343 1778 4392 ut

116 4425 229 4481 bibebat
244 4427 354 4497 (ldcttlr.
370 4443 410 4496 rx,
422 4430 480 4500 30).
951 4484 953 4488 Α
976 4424 1056 4480 nullis
1078 4424 1162 4481 velint
1189 4424 1309 4481 consiliis
1333 4426 1520 4497 acquiescere.
1536 4428 1569 4484 lli
1590 4435 1654 4484 sunt
1667 4425 1778 4484 unitatis

155 4518 183 4570 3.
204 4517 233 4571 ln
252 4517 336 4572 eorde
363 4518 464 4589 duplex
479 4527 522 4574 est
535 4517 626 4589 lepra;
652 4518 762 4590 propria
785 4516 921 4585 voluntas,
976 4512 1117 4578 divisores,
1138 4511 1238 4568 inimici
1256 4514 1332 4583 pacis
1346 4515 1485 4571 charitatis
1506 4524 1643 4586 expertes,
1659 4514 1778 4572 vanitate

119 4611 150 4661 et
162 4605 304 4676 proprium
323 4606 474 4663 consilium.
498 4606 587 4679 Lepra
603 4616 718 4681 utraque
738 4605 819 4663 nimis
836 4605 924 4678 pessi·
978 4609 1137 4676 tumentes,
1150 4600 1291 4672 placentes
1313 4602 1374 4670 sibi,
1390 4610 1419 4658 et
1437 4604 1528 4675 magni
1544 4604 1573 4658 in
1596 4603 1682 4659 oculis
1709 4602 1777 4675 suis,

118 4708 174 4762 ma,
191 4709 281 4766 eoque
299 4695 486 4768 perniciosior,
501 4713 554 4769 quo
572 4697 660 4772 magis
673 4697 796 4754 imorior,
817 4696 923 4753 Volmr-
977 4690 1138 4762 ignorantes
1160 4690 1212 4747 Dei
1239 4690 1371 4760 iustitiam
1391 4699 1419 4748 et
1433 4708 1509 4748 suam
1530 4690 1654 4749 volentes
1679 4691 1779 4748 consti·

120 4790 207 4840 tatem
225 4782 286 4840 dico
310 4784 459 4858 propriam,
485 4802 546 4857 quae
565 4801 621 4841 non
645 4785 849 4844 estcommunis
863 4801 924 4841 curn
979 4790 1065 4838 tuere.
1080 4780 1116 4835 Et
1131 4797 1191 4854 quae
1206 4782 1294 4852 major
1307 4783 1445 4853 superbia,
1461 4798 1543 4854 quam
1564 4791 1594 4838 ut
1612 4798 1683 4837 unus
1696 4783 1778 4839 bomo

120 4873 184 4928 Deo
198 4879 226 4929 et
240 4873 405 4945 hominibus,
421 4875 471 4931 sed
487 4881 580 4931 nostra
594 4882 715 4931 tanturn:
732 4875 842 4949 quando
852 4875 925 4946 quod
979 4870 1028 4929 toti
1043 4870 1264 4943 congregrationi
1273 4871 1401 4942 iudicium
1411 4888 1489 4927 suum
1500 4871 1636 4942 praelerat,
1649 4880 1779 4943 tanquam

121 4961 258 5031 volumus,
280 4979 334 5021 non
358 4965 392 5019 ad
406 4964 541 5021 honorem
562 4963 621 5032 Dei,
645 4980 701 5020 non
724 4964 759 5020 ad
782 4963 925 5020 utilitatem
978 4961 1037 5033 ipse
1048 4960 1121 5017 solus
1131 4961 1231 5017 lrabeat
1239 4961 1367 5033 Spiritum
1377 4959 1727 5023 Deilldololutrioescelus
1737 4964 1780 5019 cst

121 5047 248 5118 fratrum,
269 5051 318 5107 sed
332 5059 448 5124 propter
470 5051 655 5123 nosmetipsos
675 5050 798 5120 iacimus,
814 5066 871 5108 non
884 5051 926 5107 iu-
979 5067 1038 5109 noc
1051 5051 1235 5125 acquiescere,
1248 5054 1276 5108 et
1292 5051 1371 5122 quusi
1384 5052 1531 5122 peccatam
1539 5050 1683 5108 ariolandi
1695 5066 1781 5122 repu-

121 5139 272 5196 tendantes
285 5140 395 5212 placere
409 5143 469 5200 Deo
484 5151 512 5199 et
521 5142 654 5215 prodesse
669 5140 808 5210 iratribus,
824 5141 874 5198 sed
888 5155 928 5198 sa·
980 5158 1067 5214 qrrore
1081 5142 1109 5212 (l
1120 5142 1183 5212 lieo.
1199 5154 1250 5194 xv.
1265 5139 1321 5210 2³).
1336 5140 1409 5194 Eant
1420 5154 1493 5194 nuuc
1507 5138 1554 5211 qni
1566 5155 1596 5196 se
1617 5136 1780 5196 iaciunt're·

121 5228 253 5287 tisiacere
262 5231 380 5304 propriis
394 5231 513 5288 motibus
528 5231 691 5288 animorum.
708 5231 779 5289 Huic
791 5229 928 5287 contraria
981 5229 1132 5302 ligiosiores
1150 5229 1220 5297 aliis,
1236 5227 1282 5299 qui
1296 5244 1353 5284 non
1362 5237 1426 5285 suut
1439 5228 1509 5285 sicut
1522 5228 1615 5286 caeteri
1629 5228 1779 5293 hominurn.

114 5325 168 5377 'est
181 5325 259 5377 recta
275 5318 365 5380 lronta
393 5321 520 5393 chamus,
537 5337 598 5395 qna>
623 5323 699 5380 Deus
713 5328 763 5378 est.
781 5321 846 5378 llaec
856 5321 927 5387 enim
981 5319 1052 5376 Ecce
1066 5317 1143 5375 arioli
1155 5326 1184 5375 et
1196 5316 1345 5374 idololatrae
1369 5316 1432 5374 iacti
1453 5325 1527 5386 sunt,
1547 5315 1781 5377 sconenveld

123 5407 258 5467 adversus
270 5410 360 5468 Deum
373 5409 528 5469 inimicitias
544 5427 678 5470 exercens
691 5418 745 5481 est,
760 5417 788 5468 et
801 5425 929 5485 guerram
975 5408 1030 5483 qui
1043 5408 1109 5464 dixit
1123 5408 1186 5478 hoc,
1200 5407 1261 5480 plus
1284 5423 1366 5479 quarn
1390 5406 1443 5464 sibi
1455 5408 1577 5480 judicant
1588 5421 1653 5465 asse
1662 5405 1782 5469 eradon-

125 5497 352 5557 crudelissimam.
384 5498 454 5568 Quid
488 5500 561 5558 enim
584 5501 642 5561 odit
669 5511 716 5559 aut
743 5499 820 5574 punit
856 5499 930 5559 Dens
983 5497 1058 5555 dnm.
1077 5496 1174 5571 Neque
1196 5496 1258 5554 lanio
1280 5495 1403 5555 dissonat
1419 5495 1548 5556 Veritatis
1574 5510 1780 5570 seruamquem
