3734 5948
188 241 242 325 aaa
651 244 1374 311 s.annnamrsnmnsensnn-vrmnvsrs
1782 262 1834 318 230

189 402 306 460 namque
321 392 363 442 est
380 387 521 457 peccatum
542 379 697 445 maximnm,
718 377 790 449 quod
812 374 863 431 Dei
886 372 985 445 populo
999 386 1023 464 Α
1038 373 1108 430 levia
1128 373 1205 432 facile
1219 391 1313 432 secum
1337 377 1419 432 trabit
1432 384 1538 435 torrens
1552 378 1702 436 inundans:
1719 383 1840 467 verbum¹

188 478 277 550 magis
294 475 413 539 insultat,
431 477 459 526 et
477 470 591 543 insurgit
606 469 759 541 specialiter
777 466 908 523 adversus
928 479 985 532 eos,
1038 470 1128 518 autem
1149 463 1267 534 Domini,
1288 464 1367 520 nullis
1396 464 1520 522 ductibus
1546 468 1658 535 cedens,
1689 480 1784 527 manet
1806 471 1834 528 iu

187 560 234 639 qui
248 572 347 621 seelera
360 563 416 631 jam
435 560 578 618 videantur
597 558 692 614 vicisse
709 566 830 628 peccata.
851 554 919 608 ilinc
943 558 985 609 est
1036 558 1169 607 aeternum
1183 555 1249 620 (isa.
1261 568 1309 620 ιιι,
1322 557 1348 621 6,
1364 554 1403 626 8).

187 654 259 726 quod
287 656 416 723 provocat
445 650 477 704 ad
507 646 644 721 singulare
673 653 824 708 certamen,
854 650 982 713 tanquam
1071 640 1236 697 esromae
1259 640 1385 714 proinde,
1409 657 1465 698 non
1479 642 1628 716 incongrue
1650 645 1773 718 quinque
1792 648 1834 704 la·

187 741 292 798 caeteris
308 742 367 811 jam
381 736 508 792 subactis.
531 735 599 789 Nam
614 742 641 790 et
666 732 792 788 Philistaei
811 732 856 786 ille
871 731 981 785 intem·
1035 727 1143 798 pidibus
1171 727 1240 794 istis,
1264 728 1515 802 quinquepartitum
1552 734 1666 788 verbum
1700 733 1831 807 intelligi,

186 847 253 905 pore
273 829 405 886 timebant
429 825 538 882 omnino
561 824 692 880 adversus
712 821 794 878 lsrael
808 820 876 876 inire
893 818 982 876 conili-
1033 817 1259 884 comminationis,
1276 818 1471 889 promissionis,
1492 819 1654 888 dilectionis,
1674 822 1834 883 imitationis

185 927 267 992 ctum,
293 918 343 973 nisi
367 913 439 988 quod
468 913 503 968 de
529 912 618 983 Golia,
644 910 765 968 enormis
787 906 981 981 magnitudinis
1033 912 1061 960 et
1079 905 1218 962 orationis.
1239 907 1340 963 Horum
1359 907 1480 979 quinque
1499 910 1647 966 verborum
1663 912 1718 968 late
1733 920 1832 984 patens

186 1011 252 1076 viro,
284 1022 378 1064 eorum
411 1001 509 1058 fiducia
542 1009 596 1058 tota
624 1000 770 1073 pendebat.
800 998 876 1054 Unde
906 996 979 1053 enim

184 1095 319 1167 ejusmodi
337 1095 456 1151 animam
480 1090 608 1163 superbia
629 1094 725 1154 tentet,
745 1101 826 1159 qnam
842 1085 892 1141 sibi
911 1086 978 1140 sub-

183 1184 287 1257 jugavit
329 1183 443 1244 invidia,
485 1196 534 1236 seu
576 1175 702 1247 tepiditas
735 1191 782 1242 ea,
811 1190 873 1247 quae
909 1173 979 1229 solet

183 1276 241 1330 Deo
265 1272 393 1330 vomitum
416 1283 563 1342 provocare
586 1266 679 1338 (Apes.
708 1280 749 1330 ιιι,
777 1264 836 1334 16);
869 1270 914 1318 aut
933 1263 977 1333 pi-

182 1361 272 1432 gritia,
297 1377 358 1432 quae
382 1359 446 1416 iacit
468 1366 497 1414 ut
519 1358 602 1412 boum
626 1353 792 1410 stercoribus
817 1351 977 1423 lapidetur?

183 1451 281 1519 (dccli.
303 1462 377 1514 ιιιι,
396 1448 437 1518 2.)
461 1445 550 1514 Unde,
575 1445 695 1515 inquam,
712 1442 738 1498 ei
751 1441 888 1512 superbia,
904 1441 977 1495 unde

183 1538 340 1594 extollentia
366 1537 516 1601 nemorum,
546 1534 588 1589 cui
614 1533 684 1589 adeo
711 1540 810 1587 eaetera
837 1530 901 1587 vitia
925 1529 976 1585 do-

1032 992 1111 1063 copia
1139 994 1165 1048 in
1186 994 1335 1050 divinarum
1366 996 1501 1066 reperitur
1516 997 1587 1054 serie
1615 998 1829 1071 scripturarum.

1032 1079 1068 1134 Et
1082 1080 1152 1138 forte
1174 1083 1234 1154 ipsa
1247 1090 1310 1138 sunt
1324 1082 1444 1155 quinque
1459 1085 1552 1150 verba,
1573 1100 1688 1157 querum
1704 1088 1832 1144 meminit

1030 1169 1138 1239 Paulus,
1154 1171 1258 1227 malem
1277 1172 1396 1244 quinque
1408 1173 1492 1228 verba
1507 1173 1580 1245 loqui
1596 1174 1625 1229 in
1641 1190 1832 1248 sensu,quam

1031 1259 1126 1314 decem
1140 1258 1259 1314 milliain
1279 1259 1373 1330 lingua
1390 1261 1415 1333 (l
1438 1263 1499 1320 Cor.
1527 1277 1585 1324 xrv.
1610 1262 1665 1335 19).
1694 1266 1844 1324 Ριαιίινίιν

1031 1349 1107 1403 enim
1117 1349 1210 1419 figura
1233 1349 1317 1420 lajas
1330 1348 1434 1405 maadi
1450 1351 1476 1420 (1
1487 1351 1549 1407 dor.
1564 1366 1613 1419 vn,
1627 1351 1673 1424 st)
1682 1369 1692 1421 ;
1707 1359 1737 1408 et
1754 1355 1833 1425 juxta
1855 1409 1857 1413 ,

1030 1434 1101 1491 aliud
1117 1436 1313 1493 testimoninm:
1330 1440 1364 1494 nt
1377 1439 1504 1495 maedus
1519 1442 1635 1506 tranat,
1651 1445 1679 1497 et
1694 1445 1832 1516 concupi·

1031 1526 1141 1580 scantia
1150 1528 1212 1596 ejus
1225 1526 1336 1594 (ilcan.
1347 1540 1376 1596 ιι,
1394 1527 1623 1598 latescentem
1638 1529 1721 1587 verba
1738 1537 1830 1587 trans·

181 1627 328 1691 minantur,
357 1632 387 1680 ut
413 1622 555 1694 dijudicari
580 1638 610 1678 se
632 1620 666 1677 ab
690 1619 824 1676 universis
848 1625 975 1691 tanquam
1029 1624 1112 1668 eunte
1125 1614 1226 1671 mundo
1245 1631 1299 1671 non
1317 1616 1398 1672 medo
1411 1625 1533 1685 manent,
1559 1619 1761 1676 verumetiam
1790 1621 1830 1677 le·

182 1715 253 1770 male
273 1714 323 1770 sibi
348 1712 472 1769 conscius
496 1710 663 1767 arbitretur?
686 1709 754 1779 Quis
773 1709 892 1781 denique
924 1707 976 1762 nisi
991 1684 1013 1762 Β
1030 1700 1156 1771 vigilum?
1190 1703 1287 1776 magis,
1316 1704 1380 1759 dum
1415 1707 1670 1775 pertranseuntibus
1704 1707 1831 1787 pluribus

181 1819 262 1858 manu
288 1802 374 1871 tortis,
400 1801 446 1873 qui
469 1808 568 1856 caetera
591 1801 649 1870 jam
674 1798 726 1854 sibi
750 1798 855 1869 potenti
876 1796 976 1853 virtute
1030 1790 1168 1862 multiplex
1191 1798 1232 1847 est
1254 1792 1377 1848 scientia.
1391 1794 1529 1851 lamvero
1544 1794 1674 1853 collectos
1691 1796 1761 1853 istos
1787 1799 1828 1853 le-

180 1891 243 1946 vitia
267 1889 431 1964 subjugavit,
459 1888 591 1943 adversus
615 1886 811 1959 nequissimum
839 1885 976 1957 superbiae
1029 1879 1106 1948 pides
1120 1887 1215 1936 conire
1227 1880 1363 1951 superbiae
1384 1881 1508 1952 spiritum
1533 1882 1708 1940 dimicaturus
1739 1884 1829 1942 David

188 1978 276 2036 vitium
304 1977 479 2033 dinricalurns
509 1976 641 2032 accedat?
675 1974 818 2044 t’rocedat,
852 1974 974 2046 iuquam,
1029 1966 1057 2021 in
1074 1982 1139 2023 vase
1154 1968 1292 2025 memoriae
1305 1984 1362 2024 suae
1378 1979 1500 2040 reponat,
1526 1969 1705 2028 considerans
1720 1979 1829 2044 quarm

179 2067 265 2124 David
302 2082 384 2122 manu
421 2064 508 2137 fortis,
546 2064 675 2138 quoniam
708 2079 762 2119 non
792 2072 834 2119 est
865 2063 973 2119 vincere
1028 2054 1107 2111 nobis
1119 2055 1298 2112 comminetur
1311 2059 1393 2125 Deus,
1411 2064 1512 2130 quanta
1527 2059 1674 2130 promittat,
1690 2066 1825 2133 quantam

179 2163 281 2210 tantum
310 2157 428 2221 bostem,
466 2153 518 2209 nisi
554 2153 583 2208 in
619 2167 701 2207 manu
741 2150 813 2208 lorti.
846 2153 974 2206 Armatur
1027 2145 1106 2201 nobis
1132 2145 1259 2202 exhibeat
1284 2146 1451 2213 charitatem,
1470 2154 1499 2203 et
1522 2164 1604 2221 quam
1634 2150 1717 2205 multa
1745 2151 1827 2210 nobis

176 2243 235 2315 ipse
271 2250 365 2299 contra
399 2241 514 2308 Goliam,
550 2241 596 2313 qni
634 2247 789 2297 et·ursurn
819 2239 913 2295 vicerit
946 2246 974 2295 et
1026 2233 1177 2290 sanctitatis
1200 2234 1324 2304 exempla
1347 2243 1489 2305 proponat,
1513 2237 1741 2308 quemadmodum
1776 2238 1827 2297 de·

175 2331 293 2386 leonem.
1026 2322 1111 2393 nique
1136 2321 1288 2378 orationum
1304 2321 1383 2378 nobis
1405 2323 1505 2396 ubique
1527 2325 1702 2382 commendet
1721 2325 1827 2384 instan-

211 2423 236 2475 3.
267 2418 363 2474 Videat
385 2433 462 2483 sane,
480 2426 570 2472 ulrum
597 2416 685 2472 Saulis
714 2417 740 2472 ei
768 2433 842 2472 arma
869 2416 974 2488 possint
1029 2410 1102 2467 liam.
1119 2411 1321 2483 Hosinquam,
1335 2411 1440 2482 lapides
1466 2427 1560 2471 secum
1586 2413 1673 2485 tollat,
1699 2414 1826 2489 quisquis

176 2508 317 2580 prodesse,
337 2514 428 2562 utrum
447 2505 570 2561 monteri
593 2504 726 2577 sapientia
741 2511 769 2558 et
782 2505 975 2576 philosophicis
1027 2501 1163 2573 superbiae
1194 2499 1286 2557 vitium
1322 2498 1461 2557 debellare
1490 2501 1614 2558 festinat:
1649 2510 1679 2559 ut
1717 2504 1825 2575 quoties

175 2594 375 2661 traditionibus,
392 2592 476 2651 937
493 2609 542 2648 sen
558 2592 638 2648 etiam
654 2592 807 2649 divinarum
830 2592 974 2664 superficie
1027 2596 1190 2646 venenatum
1218 2590 1301 2644 audet
1323 2588 1432 2662 erigere
1459 2598 1549 2662 caput,
1577 2590 1691 2663 quilibet
1718 2607 1752 2648 ex
1781 2592 1824 2648 his

175 2677 385 2746 Scripturarum,
408 2691 491 2749 quam
517 2675 643 2730 nimirum
662 2675 837 2731 occidentem
856 2676 973 2733 litteram
1027 2676 1161 2749 lapidibus
1186 2676 1279 2732 manui
1309 2676 1479 2749 cogitationis
1504 2680 1567 2750 ejus
1594 2679 1700 2751 primns
1727 2693 1824 2736 eccur·

174 2772 251 2822 vocat
264 2765 426 2835 ,Apostolus
448 2764 487 2836 (ll
512 2765 573 2821 Cor.
600 2779 642 2832 ιιι,
663 2764 711 2834 6);
728 2764 827 2833 videat,
850 2765 970 2836 inquam,
1027 2774 1078 2836 rat,
1106 2781 1251 2838 percussus
1272 2765 1301 2820 in
1323 2764 1413 2821 fronte
1436 2765 1529 2822 Golias
1558 2766 1712 2839 dejiciatur,
1738 2783 1822 2841 oper·

173 2862 267 2910 utrum
294 2852 337 2907 bis
359 2851 441 2907 armis
465 2850 604 2908 debellare
624 2854 793 2925 superbiam,
813 2862 904 2909 utrum
923 2855 972 2910 bac
1027 2864 1070 2910 tus
1089 2854 1257 2911 contusione.
1275 2855 1306 2909 ln
1320 2868 1375 2925 quo
1388 2869 1454 2910 sane
1469 2855 1596 2912 condictu
1613 2855 1697 2912 lunda
1710 2871 1822 2930 queque

172 2943 216 3001 via
247 2942 424 3000 bumilitatem
451 2941 661 3013 apprehendere
693 2943 789 3013 possit,
812 2951 842 2998 ut
865 2944 1009 3058 onerarie
1027 2943 1183 3000 necessaria
1215 2951 1265 3007 est,
1303 2941 1531 3015 longanimitatis
1555 2941 1674 3001 iormam
1705 2944 1821 3013 babens,

172 3047 234 3088 sese
248 3031 335 3104 magis
349 3046 430 3104 quern
446 3029 569 3087 roborari
583 3029 716 3102 sentiens,
731 3031 887 3102 hujusmodi
896 3047 971 3087 arma
1025 3049 1107 3105 quem
1123 3033 1187 3089 huic
1210 3030 1328 3087 maxime
1352 3030 1493 3087 certamini
1512 3030 1586 3089 nulla
1604 3031 1709 3091 mtiene
1723 3031 1823 3091 deesse

171 3129 252 3192 atque
278 3118 473 3191 impedimenta
498 3116 633 3189 projiciat,
659 3120 766 3188 jactans
789 3121 900 3176 omnino
924 3136 971 3178 ce·
1026 3139 1139 3181 necesse
1153 3132 1205 3179 est.

170 3210 284 3280 gitutnm
307 3225 384 3263 suum
408 3209 435 3262 in
460 3207 589 3275 Domino,
616 3218 643 3264 et
670 3209 705 3264 de
729 3210 841 3280 propria
863 3211 972 3281 penitus
1060 3216 1088 3271 5.
1102 3212 1215 3281 Quoties
1232 3225 1299 3284 ergo
1317 3209 1443 3268 vanitatis
1462 3209 1589 3282 cogitatio
1613 3217 1734 3270 mentem
1759 3212 1822 3285 pul·

170 3299 321 3367 desperans
335 3295 477 3363 industria,
500 3295 556 3351 sola
577 3295 630 3353 fide
645 3307 772 3365 armatus,
789 3315 844 3354 nen
864 3307 971 3371 reputet
1024 3310 1078 3367 sat,
1095 3301 1118 3356 si
1133 3316 1166 3356 ex
1183 3300 1278 3355 intime
1296 3297 1386 3356 cordis
1402 3297 1503 3355 aflectu
1518 3298 1623 3357 divinas
1637 3316 1822 3374 expavescere

171 3385 259 3442 Goliae
291 3384 494 3455 proceritatem,
520 3400 554 3439 ne
587 3384 657 3441 forle
688 3387 881 3458 magnitudinis
912 3393 971 3458 eJ'us
1023 3389 1140 3461 coeperis
1173 3388 1406 3453 comminationes,
1437 3402 1486 3443 sen
1517 3387 1715 3459 promissiones
1758 3391 1821 3461 ejns

170 3474 243 3530 mole
267 3480 416 3545 prematur,
441 3471 490 3527 sed
514 3473 605 3544 potius
628 3475 724 3544 psallat
747 3476 853 3546 spiritu,
876 3476 971 3548 psallat
1024 3477 1193 3541 desiderare,
1217 3491 1272 3531 nen
1291 3475 1404 3530 sustinet
1430 3473 1524 3531 Golias
1547 3474 1700 3533 utriuslibet
1721 3475 1821 3549 lapidis

170 3570 197 3617 et
212 3570 316 3618 mente:
334 3561 480 3629 Dominus,
498 3560 638 3633 inquiens,
658 3562 789 3634 defensor
802 3566 868 3622 oilae
888 3583 969 3633 mem
1022 3567 1105 3624 ictum
1131 3564 1223 3638 [aliae
1237 3563 1366 3636 jactuml,
1389 3563 1439 3620 sed
1456 3563 1610 3635 reprimitur
1630 3563 1703 3622 illice
1730 3573 1821 3622 tumor

169 3669 193 3708 a·
206 3669 260 3724 qao
280 3650 447 3724 trepidabo?
471 3651 558 3723 (Psol.
576 3667 654 3717 xxvi,
679 3653 718 3722 t.)
742 3654 812 3708 Nam
835 3664 862 3709 ct
877 3656 970 3712 Petrus
1022 3656 1121 3712 omnis.
1137 3654 1215 3725 Quod
1238 3653 1261 3709 si
1274 3652 1382 3712 venerit
1395 3651 1423 3707 in
1436 3659 1557 3709 mentem
1571 3650 1678 3709 dilectio
1698 3651 1745 3709 illa
1764 3660 1820 3710 tam

169 3740 233 3794 dum
256 3754 307 3794 nec
326 3747 469 3796 ventorum
490 3739 657 3803 violentiam,
683 3757 734 3797 nec
755 3744 838 3799 maris
852 3747 969 3815 proi'un·
1022 3742 1178 3815 ineffabilis,
1199 3760 1280 3815 qnam
1307 3740 1355 3798 tibi
1385 3741 1460 3797 Deus
1476 3764 1481 3771 ·
1496 3741 1645 3811 majestatis
1671 3741 1813 3813 exhibuit,

170 3828 245 3893 duur,
272 3828 449 3900 corporisque
473 3829 583 3900 pondus
607 3831 806 3903 consideraret,
830 3833 858 3888 in
884 3836 969 3892 verbo
1022 3849 1058 3889 an
1081 3848 1137 3890 non
1165 3832 1237 3888 illico
1258 3830 1435 3887 inardescens
1452 3828 1488 3885 ad
1507 3829 1676 3898 charitatem,
1702 3844 1818 3903 prorsus

169 3916 279 3972 Domini
304 3917 410 3985 jactans
434 3917 622 3988 semetipsum,
636 3935 687 3975 nec
701 3922 793 3993 perire
807 3923 903 3994 potnit,
919 3941 970 3981 nec
1023 3921 1173 3981 abominari
1200 3921 1297 3993 incipis
1325 3927 1353 3976 et
1378 3918 1499 3991 abjicere
1522 3918 1689 3979 smitateml
1721 3919 1768 3977 Sic
1791 3927 1821 3977 et

171 4003 276 4061 timere.
306 4005 340 4057 dt
366 4003 412 4059 ubi
436 4005 503 4059 vidit
529 4013 641 4061 ventum
664 4010 783 4065 validum
802 4012 966 4084 venientem,
1023 4013 1148 4085 exempla
1170 4010 1362 4069 sanctornmsi
1384 4008 1508 4081 diligenti
1535 4006 1583 4064 tibi
1596 4008 1819 4068 consideratione

171 4092 270 4159 timuit,
282 4092 396 4164 ipseque
408 4093 503 4150 timore
515 4094 639 4165 protinus
650 4099 737 4171 mergi
756 4101 838 4173 coepit
857 4103 965 4171 (natta.
1022 4118 1170 4179 proponas,
1181 4102 1233 4160 erit
1247 4101 1306 4157 sine
1319 4098 1443 4157 dnbioad
1457 4097 1659 4171 reprimendam
1669 4096 1819 4157 elationem

171 4198 231 4251 ιιι,
267 4184 378 4252 28-30).
412 4182 504 4239 Simile
528 4182 631 4256 aliquid
655 4185 735 4242 etiam
762 4204 834 4244 nunc
859 4192 967 4249 atbletae
1023 4194 1150 4267 cogitatio
1180 4193 1230 4248 ista
1258 4189 1392 4264 perutilis.
1415 4190 1476 4245 lam
1499 4187 1610 4247 verosi
1635 4188 1705 4246 torte
1725 4188 1817 4245 insur-

170 4271 394 4328 nostrorexSanl
409 4272 524 4329 suadere
539 4277 714 4333 tentatriioo
728 4283 815 4348 potes,
829 4279 965 4351 inquiens,
983 4278 1006 4355 ὓ
1024 4290 1106 4358 gente
1141 4283 1230 4338 subito
1248 4281 1376 4352 elatione,
1398 4278 1465 4334 nibil
1486 4295 1520 4336 es
1542 4277 1585 4335 bis
1611 4294 1673 4351 quae
1701 4278 1820 4335 diximus

172 4360 458 4419 resistcrePbilislaeo
473 4363 532 4427 isti,
548 4375 599 4417 nec
608 4366 876 4436 pugnareaduersus
890 4385 965 4439 eam,

171 4457 304 4530 quoniam
325 4472 400 4529 puer
413 4474 451 4523 es,
468 4457 513 4513 laic
527 4463 625 4516 nalem
639 4464 684 4518 vir
698 4461 818 4522 bellator
828 4465 861 4520 ab
873 4465 968 4523 adele·

171 4547 280 4603 scentia
307 4563 369 4604 sue.
390 4546 583 4605 Vemmtamen
606 4565 661 4607 non
676 4551 822 4625 acquiescit
845 4554 890 4610 ille
913 4557 966 4612 talc

170 4632 272 4706 aliquid
294 4635 436 4704 meditari,
464 4636 513 4692 sed
535 4654 703 4709 praesumens
726 4642 760 4698 de
783 4641 881 4701 virtute
895 4646 965 4717 ejus,

173 4724 254 4796 cujus
272 4725 371 4782 auxilio
384 4726 475 4798 priora
493 4730 640 4786 certamina
653 4735 710 4802 jam
728 4733 844 4803 vicisset,
862 4737 966 4793 accedit

171 4811 339 4883 intrepidus.
366 4815 472 4887 Colligit
498 4815 598 4888 igitur,
631 4819 745 4890 abiectis
769 4823 851 4880 armis
865 4825 963 4894 Saulis,

170 4899 292 4970 quinque
312 4903 416 4975 lapides
440 4904 474 4961 de
498 4911 628 4972 torrente,
653 4925 722 4979 qnos
743 4910 879 4983 nimirum,
904 4930 964 4971 curn

172 4986 242 5043 levia
256 5005 372 5063 quaeque
392 4995 511 5063 tolleret,
530 4995 650 5069 levigare
671 5005 778 5055 wrrens
795 5002 891 5072 potnit,
917 5005 965 5060 sed

171 5088 227 5130 non
249 5076 329 5132 etiam
352 5081 446 5137 tollere
470 5099 572 5139 secum.
594 5085 713 5142 Torrens
747 5089 847 5161 quippe
871 5098 964 5165 (quem

170 5164 274 5221 utinam
308 5175 477 5237 pertranseat
510 5174 599 5229 anima
627 5178 731 5249 nostra)
747 5179 873 5235 menium
896 5199 966 5254 prae·

169 5269 234 5310 sens
251 5260 302 5321 est,
317 5254 454 5328 Scriptura
469 5267 546 5330 teste,
562 5265 688 5336 quoniam
698 5270 964 5338 generatioadueait

170 5348 198 5399 et
210 5346 355 5414 generatio
363 5349 493 5417 praeterit
505 5350 607 5421 (licata.
620 5369 643 5422 ι,
657 5356 699 5424 t);
716 5362 841 5429 tanquam
857 5363 964 5417 tumens

170 5429 245 5485 unda
259 5432 358 5487 undam
373 5431 501 5504 implens.
516 5434 584 5505 Quia
599 5455 666 5513 ergo
679 5444 767 5500 omnis
781 5460 846 5503 caro
859 5448 961 5522 senum,

168 5522 196 5575 et
217 5520 306 5576 omnis
320 5520 406 5595 gloria
426 5522 486 5593 ejus
504 5531 632 5599 tanquam
648 5531 699 5588 llos
716 5533 784 5605 egri,
807 5535 962 5607 hujusmodi

1023 4373 1232 4447 apprehendere
1262 4369 1379 4442 quiverit
1405 4383 1501 4424 manus
1537 4376 1597 4439 tua;
1622 4373 1679 4423 tote
1708 4366 1819 4425 fervore

1021 4465 1055 4519 ad
1083 4477 1143 4518 eam
1163 4464 1333 4526 convertere,
1355 4473 1416 4527 quae
1438 4457 1495 4513 sola
1518 4462 1613 4521 restat,
1642 4453 1816 4511 orationem:

1021 4561 1048 4611 et
1074 4549 1202 4609 continno
1225 4562 1305 4620 quem
1333 4546 1467 4603 elevatum
1491 4543 1600 4602 videras
1620 4548 1649 4599 et
1670 4541 1818 4599 exaltatum

1019 4645 1087 4701 sicut
1114 4640 1212 4697 cedros
1235 4636 1339 4702 libani,
1368 4637 1515 4693 subversus
1544 4632 1652 4704 impius,
1681 4632 1738 4702 jam
1762 4649 1818 4689 non

1019 4731 1082 4791 erit.

1055 4817 1141 4877 938
1169 4821 1195 4875 6.
1225 4815 1278 4874 Sed
1311 4832 1416 4889 quaeras
1436 4814 1560 4876 fortasse,
1586 4808 1817 4883 quemadmodum

1020 4926 1070 4967 suo
1091 4907 1176 4978 ipsius
1197 4905 1290 4978 gladio
1313 4903 1399 4960 Goliae
1418 4900 1505 4973 possis
1523 4896 1685 4955 abscindere
1708 4905 1814 4969 caput:

1020 4999 1048 5054 id
1058 4998 1130 5056 enim
1147 5003 1222 5053 tanto
1232 4995 1280 5051 tibi
1292 4992 1448 5064 jucundius,
1467 4995 1569 5063 quante
1578 4985 1719 5044 molestius
1730 4986 1815 5042 bosri.

1019 5090 1085 5146 Dico
1117 5087 1246 5154 breviter,
1275 5083 1401 5157 quoniam
1425 5079 1546 5150 expertis
1573 5076 1680 5149 loquor,
1706 5082 1736 5131 et
1768 5076 1817 5146 qui

1019 5176 1098 5235 tacite
1124 5175 1232 5248 capiant
1251 5182 1278 5229 et
1308 5172 1451 5227 advertant
1478 5168 1538 5224 sine
1569 5178 1656 5235 mera,
1684 5161 1760 5235 quod
1788 5164 1815 5218 in

1019 5274 1175 5349 semetipsis
1207 5271 1304 5328 crebro
1337 5267 1457 5324 sentiunt
1485 5262 1601 5322 actitari.
1632 5259 1747 5328 Quoties
1775 5267 1814 5324 te,

1018 5369 1184 5438 provocante
1216 5359 1346 5427 vanitate,
1368 5355 1404 5411 ad
1426 5351 1643 5411 recordationem
1664 5348 1815 5406 commina-

1020 5453 1101 5510 tionis
1131 5450 1239 5513 divinae,
1265 5462 1314 5504 sen
1340 5441 1536 5517 promissionis,
1564 5446 1611 5497 ant
1638 5446 1811 5505 ceterorum,

1018 5557 1079 5617 qna
1091 5536 1314 5612 supradiximus,
1333 5531 1477 5594 contundis
1492 5529 1610 5604 ooeperis
1628 5535 1657 5586 et
1671 5527 1815 5587 ambesas
