3734 5948
157 187 212 251 695
628 190 655 246 S.
676 186 842 252 Batulum
860 188 996 251 mettis
1013 185 1326 249 altumvillelsls
1754 178 1804 259 ἢ

159 313 194 370 sit
207 328 318 384 semper
331 313 473 371 bonorum.
496 316 588 370 Potest
610 315 690 370 etiarn
714 332 763 387 per
780 316 850 374 diem
864 326 891 373 et
905 332 957 374 no·
972 329 996 410 fl
1011 315 1083 387 rupti
1106 329 1195 371 coram
1223 315 1291 378 Deo,
1313 311 1509 368 abominabiles
1523 325 1616 369 coram
1640 304 1804 383 bominibus.

159 412 229 458 eteru
242 402 448 471 contemplativa
462 409 488 457 et
501 403 587 458 activa
601 403 655 458 vita
678 404 805 481 intelligi,
826 422 887 478 quae
901 420 956 462 arn·
1012 407 1073 461 Non
1086 407 1129 460 est
1139 403 1187 474 pai
1196 401 1284 472 semet
1296 399 1409 466 benum,
1425 415 1482 455 non
1497 401 1639 470 estusque
1654 393 1804 472 adenem

159 492 202 547 bre
215 492 386 548 conducetur
401 490 428 543 in
442 491 505 563 lege
519 491 637 546 Domini.
1012 492 1133 562 Quatucr
1159 505 1259 561 genera
1287 497 1349 544 sunt
1370 488 1520 553 bominum,
1541 500 1657 558 quorum
1686 480 1805 539 omnium

381 596 498 652 sssppo
519 598 627 653 (χχιιι
646 599 735 671 ((93),
1011 579 1115 636 nudum
1130 589 1172 635 est
1188 577 1261 648 quod
1285 575 1365 633 faciat
1379 578 1489 643 bonurn,
1506 574 1559 631 nisi
1581 588 1678 631 unum.
1692 570 1804 649 Quidam

158 690 197 745 00
209 685 379 758 mimia
393 685 539 743 hominum
555 702 613 744 Μ(
627 689 794 745 timentium
817 704 869 746 m
891 690 957 747 pipi,
1011 667 1085 723 enirn
1097 674 1161 722 sunt
1174 664 1221 736 qui
1237 667 1323 721 Deum
1339 678 1389 720 nee
1402 662 1566 736 intelligunt.
1582 660 1803 733 necrequirunn

435 758 563 828 nentium
578 759 679 816 Deam.
1012 765 1039 812 et
1053 756 1081 812 bi
1096 754 1194 811 mortui
1216 761 1290 810 sunt.
1305 753 1357 809 dlii
1378 752 1531 824 intelligunt
1548 750 1669 823 quidem,
1685 748 1737 807 sed
1753 762 1806 813 trev

194 846 275 902 uicit
286 846 423 917 insipiens
432 847 465 901 in
473 846 555 902 corde
565 862 635 904 sno:
650 848 710 904 Non
724 851 766 904 esi
779 849 852 905 Dens
865 851 956 919 (Prot.
1012 844 1168 915 requiruut3
1189 851 1217 898 et
1239 841 1267 897 bi
1289 843 1366 913 impii
1389 850 1462 899 sunt.
1492 839 1546 895 stit
1574 839 1726 911 requirunt,
1754 836 1804 897 tem

159 949 220 1002 1111,
246 934 285 1005 l).
309 934 392 999 Deus,
418 933 479 989 lieet
501 950 572 990 unus
595 935 640 1004 sit,
660 944 688 990 ct
710 951 792 991 unum
806 936 852 1003 sit,
867 943 957 994 temen
1012 940 1100 988 auteur
1114 931 1328 997 iutellipuutret
1342 931 1369 985 bi
1392 927 1701 987 triumuiralem
1724 925 1805 983 ctin·

159 1037 213 1078 non
229 1021 272 1079 sni
295 1022 434 1092 varietate,
450 1022 499 1077 sed
522 1023 603 1079 animi
628 1024 712 1080 nostri
731 1024 888 1097 mutatione,
903 1043 956 1100 gu·
1012 1021 1144 1093 telligunt,
1159 1031 1187 1075 et
1200 1019 1356 1093 nequiverim
1371 1026 1399 1075 at
1414 1018 1441 1073 bi
1458 1017 1644 1075 sanctisunt:
1660 1015 1697 1072 de
1711 1013 1805 1088 quibs

159 1111 293 1167 omnibus
306 1112 384 1167 nobis
398 1109 519 1167 diversos
528 1112 636 1169 videtur
647 1113 872 1186 beberesapores.
882 1114 958 1184 Sepit
1012 1109 1079 1166 solis
1093 1109 1145 1164 dici
1160 1116 1248 1179 potest
1270 1108 1332 1176 quia
1345 1106 1399 1181 ipsi
1424 1116 1488 1164 sunt
1509 1105 1554 1178 qni
1576 1104 1681 1161 iscium
1693 1103 1806 1161 bonan.

160 1199 233 1255 enirn
247 1198 361 1266 timenti,
375 1200 505 1268 justitiam
520 1208 547 1255 et
568 1200 732 1270 potentiam3
757 1202 828 1274 sapit
845 1204 955 1276 amanti,
1233 1197 1347 1253 SERllO
1373 1195 1472 1252 LXXV
1501 1193 1588 1267 (¹25).

160 1289 308 1344 bonitatem
329 1299 356 1344 et
379 1287 601 1344 misericordiam.
618 1289 694 1344 Unde
717 1299 744 1345 et
757 1289 820 1346 alibi
834 1291 872 1346 ait
887 1291 957 1347 idem
1083 1290 1122 1344 De
1133 1288 1303 1359 penitentia
1315 1288 1347 1343 in
1360 1289 1549 1342 mortcmnon
1562 1280 1741 1353 differenda.

160 1377 210 1432 iste
226 1378 379 1448 propbeta:
405 1377 496 1434 Semel
520 1380 630 1435 locatim
650 1382 694 1434 esi
716 1380 800 1447 Deus,
822 1379 879 1439 dno
899 1381 958 1441 brac
1049 1373 1807 1448 lleltipiimioesuniinfirmitateseomrmpotteneoee·

159 1465 272 1533 eadiei‚·
286 1466 354 1538 qnia
366 1468 487 1533 potestus
502 1467 551 1521 Dei
565 1470 617 1533 est,
634 1468 663 1520 ei
679 1466 740 1533 tibi,
760 1469 889 1535 Domine,
903 1471 958 1526 mi·
1014 1467 1187 1523 deraserunt.
1210 1463 1281 1533 Quid
1304 1463 1475 1520 dissimulant
1496 1461 1621 1517 bomiues
1639 1459 1670 1515 in
1687 1456 1744 1515 vita
1762 1472 1808 1513 aas

160 1552 314 1611 rericordie
333 1553 420 1622 (Psoi.
435 1568 493 1617 axi,
512 1556 554 1622 ιι,
572 1553 627 1619 tel.
645 1554 717 1609 ldern
740 1557 841 1627 quippe
855 1566 896 1613 est
909 1574 959 1612 en·
1012 1570 1094 1625 egere
1107 1554 1304 1626 poenitentiam,
1318 1560 1345 1607 et
1360 1559 1483 1607 extrema
1500 1549 1533 1605 dc
1546 1545 1722 1605 conimsione
1735 1560 1806 1619 pra·

160 1641 219 1695 dire
234 1642 294 1704 boc,
320 1641 393 1710 quod
416 1647 540 1712 gustare3
565 1641 630 1712 quis
652 1651 795 1712 utrumque
817 1643 847 1698 tit
867 1662 918 1700 una
933 1654 960 1701 et
976 1604 998 1682 Β
1015 1643 1146 1698 sumunt?
1158 1640 1300 1711 Quomodo
1314 1640 1365 1695 sub
1379 1639 1459 1695 unius
1473 1640 1548 1694 bone
1565 1634 1680 1693 articulo
1694 1648 1806 1708 revees7

160 1727 362 1801 simplicissima
376 1734 480 1786 mente.
495 1730 586 1801 ltaque
600 1730 683 1786 semel
705 1732 812 1788 locutus
825 1742 866 1789 est
879 1734 964 1790 Deus,
1016 1731 1038 1786 ri
1066 1747 1146 1802 posse
1176 1730 1308 1787 estimant
1329 1728 1418 1784 omnia
1443 1727 1542 1783 animae
1569 1723 1703 1790 membre,
1720 1722 1806 1795 ‚onim

159 1817 224 1890 quia
237 1832 321 1872 unum
334 1818 430 1888 genuit
441 1817 570 1874 Verbum.
587 1818 720 1875 Caeterum
745 1836 799 1875 non
813 1837 956 1892 perunum
1009 1817 1236 1889 concupiscentie
1263 1823 1290 1873 et
1321 1814 1456 1873 desideria
1487 1830 1534 1887 per
1561 1820 1646 1871 totum
1675 1810 1804 1869 mnndum
1846 1882 1848 1893 Ι

162 1904 276 1962 l'erbum
292 1906 345 1961 duo
360 1907 418 1961 brec
431 1906 557 1962 audimus
574 1906 630 1963 sive
653 1906 783 1976 sapimus,
799 1910 866 1981 qnia
879 1914 957 1982 pete·
1010 1922 1104 1979 sparsa
1118 1917 1190 1971 sunt,
1205 1915 1233 1961 et
1248 1906 1347 1976 ubique
1366 1913 1499 1959 terrarum
1514 1902 1586 1959 velut
1598 1899 1719 1973 quodem
1733 1898 1804 1955 risco

160 1998 220 2050 rias
232 1995 284 2050 Dei
297 1999 348 2058 eri,
365 1999 394 2051 ei
407 1994 854 2066 iibi,Dornine,misericordia.dt
864 1997 887 2052 is
895 1999 956 2067 qui·
1009 1994 1156 2051 tenentur?
1174 1994 1232 2049 Non
1254 1991 1324 2057 dico,
1344 1993 1383 2047 ait
1410 1989 1551 2057 Dominus,
1573 1987 1640 2061 quin
1662 1997 1690 2043 et
1712 1979 1803 2043 talium

158 2085 220 2139 dem
243 2081 350 2154 penitus
371 2082 504 2154 insipiens
527 2092 578 2148 est,
603 2084 646 2138 cui
668 2100 719 2140 uec
742 2085 866 2140 timorem
886 2087 957 2143 Deus
1010 2081 1348 2152 salvcmeliquos3potens
1362 2095 1423 2134 sum
1437 2074 1804 2134 eniminmornentoorttrtia

158 2173 237 2240 sapit,
248 2187 298 2228 nec
308 2186 436 2228 amorem.
445 2172 538 2228 Discat
551 2183 680 2245 quantum
694 2174 765 2242 vult3
782 2188 835 2246 ego
848 2173 957 2246 sapien·
1009 2186 1151 2236 revocarc3
1161 2170 1209 2225 sed
1219 2162 1804 2242 noncenprepobeaonventr'caleecrrtrrtds

159 2266 214 2315 tem
230 2274 283 2314 non
293 2258 417 2325 dixerim,
428 2259 492 2315 dum
503 2275 554 2316 nec
565 2260 678 2329 timebit,
689 2277 738 2318 rrec
752 2259 846 2335 diliget
858 2262 955 2319 Deum.
1008 2259 1194 2331 snnpainibes
1209 2260 1297 2330 (Psoi.
1321 2274 1366 2324 xv,
1381 2260 1417 2325 ι),
1431 2256 1458 2314 id
1482 2263 1534 2323 est,
1554 2253 1603 2328 qui
1623 2252 1652 2309 in
1675 2251 1805 2327 unguine

69 2324 75 2351 ⁸
158 2344 301 2414 Quomodo
310 2346 541 2403 enimdixerimus
550 2349 577 2405 iu
588 2350 720 2420 sapientia
728 2360 955 2421 consummatum,
1010 2346 1301 2416 perseverantiores
1328 2343 1513 2415 multiplicatis
1537 2340 1744 2399 infirmitatibus
1760 2341 1806 2413 ds·

158 2448 236 2504 quem
261 2434 340 2489 video
363 2450 414 2489 nec
436 2436 588 2492 initiatum?
610 2437 678 2492 Num
696 2436 802 2494 initium
819 2437 956 2510 sapientire¹
1009 2442 1134 2492 serantur
1166 2451 1182 2489 s
1211 2435 1340 2508 peccatis,
1361 2442 1502 2505 antequam
1521 2430 1649 2488 deserant
1676 2444 1720 2487 ea.
1746 2428 1805 2487 Nu

158 2520 240 2576 timor
262 2522 368 2577 Domini
388 2523 474 2590 (Psoi.
503 2539 550 2586 cx,
575 2525 614 2596 9);
638 2527 833 2582 consummetio
856 2543 954 2583 arnor:
1010 2540 1106 2594 magns
1134 2524 1227 2582 talium
1253 2523 1440 2580 conventicula
1467 2519 1654 2594 congregabo.
1681 2518 1714 2576 Si
1738 2518 1804 2591 bute

157 2608 247 2665 media
260 2609 311 2664 sibi
324 2609 441 2666 vindieat
455 2627 528 2681 spes.
541 2612 591 2668 Cui
600 2627 666 2686 ergo
680 2628 730 2668 nec
741 2614 871 2681 justitiam
885 2615 957 2685 sapit
1009 2612 1128 2682 memini,
1140 2611 1167 2667 in
1176 2619 1234 2670 toto
1244 2627 1348 2668 esnone
1357 2610 1558 2683 scripturarum
1572 2622 1658 2665 unum
1672 2606 1803 2665 latronem

158 2698 230 2752 Dens
245 2697 442 2769 pertimerem,
459 2715 509 2754 nec
524 2700 738 2757 misericordism
753 2718 800 2772 per
813 2718 954 2760 amorem:
1009 2700 1131 2756 invenias
1144 2700 1183 2755 sic
1197 2700 1339 2755 salvatum.
1358 2697 1420 2754 Noli
1439 2712 1506 2770 ergo
1520 2693 1584 2752 buic
1598 2704 1654 2750 tam
1668 2690 1804 2769 pennulae

157 2786 272 2855 isplaue
294 2785 358 2842 dicit
381 2786 407 2842 in
432 2787 514 2843 corde
537 2804 610 2846 suo:
637 2792 697 2847 Non
716 2795 758 2846 est
772 2793 853 2848 Deus.
868 2793 954 2848 Deum
1009 2804 1047 2843 sm
1078 2787 1272 2858 exspectationi
1299 2787 1409 2843 credere
1437 2784 1621 2856 temetipsum.
1642 2782 1679 2841 tta
1696 2780 1805 2860 quidqt

157 2872 228 2928 enim
244 2888 298 2928 uon
310 2883 395 2944 putat,
406 2891 486 2945 quern
502 2890 551 2930 nee
562 2876 675 2946 justum,
689 2892 739 2934 nec
755 2877 825 2948 pium
841 2888 956 2951 reputat.
974 2870 1123 2951 &spiritus
1135 2892 1190 2932 non
1202 2878 1286 2933 modo
1303 2876 1349 2931 ubi
1362 2875 1429 2942 vult,
1444 2873 1492 2930 sed
1512 2871 1622 2947 quaudo
1634 2873 1705 2937 vult,
1720 2868 1804 2945 spiral

313 2959 420 3018 ΗΜ
444 2962 562 3019 Sllltllo
579 2964 691 3021 lxxiv
710 2966 798 3034 (ιιι).
996 2950 1102 3037 ’(Ιοαπ.
1117 2981 1158 3034 ιιι,
1174 2964 1217 3036 8);
1236 2979 1288 3021 neo
1311 2965 1337 3019 ei
1360 2963 1468 3019 didicilo
1485 2969 1527 3019 est
1545 2963 1581 3019 de
1601 2959 1693 3037 orbito
1713 2958 1804 3033 perle-

349 3052 389 3107 De
402 3052 585 3124 correptione
604 3052 760 3109 imminem.
1009 3061 1079 3110 ctam
1093 3055 1158 3109 dare
1172 3053 1358 3109 contritionem
1372 3051 1471 3119 cerdis,
1488 3065 1569 3123 quarn
1583 3049 1628 3108 vix
1641 3048 1726 3105 natta
1737 3058 1805 3105 tam-

193 3141 325 3213 Correpti
334 3143 414 3205 reni,
425 3144 454 3197 ct
464 3140 665 3197 abominabiles
677 3144 750 3213 secti
762 3147 832 3202 seni
847 3147 879 3202 in
892 3151 955 3203 sie·
1010 3159 1078 3214 porc
1097 3141 1142 3197 alii
1164 3149 1390 3214 consequuntur:
1407 3141 1456 3196 sed
1479 3138 1551 3196 unde
1567 3137 1622 3195 seis
1643 3134 1719 3209 qaod
1741 3144 1804 3191 tutte

155 3228 209 3284 diis
223 3229 298 3293 seim
314 3244 369 3284 non
385 3233 427 3283 est
440 3231 490 3300 qni
508 3232 598 3301 saciet
612 3230 725 3296 bonnm,
738 3247 796 3288 non
811 3237 852 3289 esi
868 3250 954 3307 nsque
1010 3232 1058 3288 tibi
1074 3236 1111 3288 ita
1131 3231 1276 3288 subvenire
1290 3231 1363 3296 velit,
1380 3245 1459 3301 quern
1482 3235 1513 3285 tu
1527 3226 1637 3283 interim
1654 3224 1696 3283 sie
1712 3222 1800 3297 repel-

156 3312 194 3369 ad
207 3330 298 3370 annm
311 3315 400 3386 (Prel.
414 3331 476 3387 xrrr,
493 3317 528 3386 ι).
545 3315 632 3373 Habet
653 3317 743 3375 anima
755 3320 954 3392 corruptionem
978 3390 982 3397 Ι
1008 3322 1062 3378 lis?
1085 3322 1222 3392 benignus
1243 3320 1353 3392 quidem
1378 3326 1420 3375 est
1441 3316 1552 3388 spiritus
1572 3313 1715 3387 mpiemias
1734 3310 1802 3369 :sed

157 3416 244 3469 suem,
258 3402 336 3457 babet
358 3410 386 3457 et
405 3418 505 3474 corpus
523 3419 611 3461 suam.
626 3405 768 3477 Correptio
785 3408 882 3465 animae
902 3410 954 3466 tri-
1008 3425 1061 3466 non
1080 3409 1204 3464 liberabit
1226 3408 1400 3464 maledictum
1419 3423 1436 3463 a
1458 3405 1537 3463 labiis
1557 3403 1614 3461 suis
1632 3402 1714 3476 (srp.
1728 3400 1800 3481 ιθ).

157 3488 254 3561 partin
268 3499 322 3557 est;
336 3489 531 3564 quadripartita
544 3502 586 3549 est
598 3494 728 3561 corporis.
745 3494 851 3567 Corpus
869 3498 954 3568 siqui-
1007 3498 1077 3553 dudi
1092 3498 1152 3570 quis
1166 3496 1259 3553 illusit
1279 3514 1285 3553 :
1304 3497 1465 3555 Maledictus
1477 3498 1528 3570 pai
1540 3498 1638 3567 peccat
1650 3494 1686 3549 t'n
1707 3506 1768 3565 eps.

157 3577 218 3633 dem
238 3585 343 3634 consnt
361 3594 394 3635 ex
416 3589 533 3651 quatuor
556 3580 718 3638 elementis:
743 3582 833 3639 anima
846 3600 912 3642 varo
925 3586 953 3642 in
1214 3584 1333 3644 saeuo
1362 3586 1476 3641 txxvl
1502 3585 1590 3656 (ιιι).

155 3665 253 3738 triplici
268 3666 292 3722 vi
306 3666 441 3723 subsistit.
457 3668 506 3723 Est
519 3668 592 3724 eninr
613 3669 760 3736 rationulis,
786 3674 953 3744 concupisci·
1007 3678 1045 3731 De
1067 3677 1233 3732 necessitate
1254 3680 1284 3732 et
1306 3674 1549 3731 commendatione
1571 3671 1677 3729 deine
1689 3669 1801 3743 prelis

154 3754 227 3821 bilis,
244 3755 394 3815 irascibilis.
410 3756 567 3825 Rationalis,
582 3758 661 3828 cujus
682 3758 783 3814 sanitas
800 3769 840 3816 est
853 3763 952 3837 cogni-
1042 3765 1208 3821 Doeuenbti
1229 3779 1295 3820 eam
1321 3765 1353 3819 in
1380 3760 1616 3820 damantionem
1647 3754 1802 3815 mamm

155 3843 193 3899 tio
205 3842 334 3907 veritatis.
354 3845 536 3917 corrumpitur
555 3846 691 3915 superbie.
715 3848 847 3920 Corrupto
865 3860 951 3907 numm
1006 3854 1093 3923 (Psoi.
1110 3869 1154 3923 rx,
1172 3855 1210 3922 l).
1233 3852 1341 3922 Triplex
1360 3850 1439 3908 uobis
1458 3849 1611 3906 nscessmis
1631 3853 1676 3905 ast
1691 3842 1802 3902 benedi·

99 3938 113 3963 ⁹
155 3929 257 3987 fallitur
270 3929 377 3988 duobus
387 3933 486 3991 modis:
498 3934 524 3988 iu
533 3935 691 4006 cognitione
705 3937 747 3992 sui
761 3944 788 3994 et
800 3940 952 4013 cognitione
1006 3944 1071 4010 ctio,
1091 3942 1268 4011 preveniens,
1285 3941 1424 4011 adjuvans,
1439 3945 1466 3994 et
1487 3950 1689 3995 consummans.
1714 3934 1802 4005 Prima

153 4018 213 4077 Dei.
238 4018 489 4090 concupiscentiam
511 4026 660 4095 corrumpit
682 4042 750 4083 vuua
768 4028 865 4099 gloria,
885 4028 951 4084 irem
1007 4029 1207 4095 misericordiae,
1224 4030 1340 4086 secunda
1353 4027 1457 4101 gratim,
1474 4026 1552 4082 tertia
1568 4023 1674 4096 gloriae.
1695 4022 1801 4079 trare·

154 4107 266 4169 invidis.
282 4107 422 4179 Correptio
436 4110 559 4182 corporis
578 4112 676 4169 dicitur
689 4115 866 4184 aloniacum
882 4126 910 4174 et
925 4118 953 4174 tit
971 4144 995 4226 n
1010 4119 1050 4174 nit
1063 4119 1246 4175 misericordia
1267 4118 1481 4186 conversionem,
1501 4115 1611 4185 adjuvat
1627 4112 1718 4186 pratia
1739 4122 1804 4167 eor·

153 4197 373 4272 quatuormodis,
385 4199 534 4255 secuudum
544 4210 660 4270 quatuor
668 4203 798 4259 elementa
808 4222 839 4260 ex
854 4207 953 4277 quibus
1009 4207 1200 4275 versationem,
1224 4205 1327 4279 perficit
1349 4203 1435 4280 gloria
1455 4202 1726 4262 consummationem.
1747 4202 1806 4262 Nisi

152 4292 268 4344 constet.
280 4288 402 4359 Quatuor
416 4287 487 4344 enim
502 4296 566 4343 sunt
578 4305 639 4360 quae
653 4305 751 4362 corpus
765 4305 951 4365 corrumpunt,
1006 4296 1103 4352 trinum
1127 4297 1194 4352 banc
1218 4294 1431 4352 benedictionem
1454 4292 1560 4350 dederit
1582 4293 1667 4359 Dens,
1683 4307 1739 4351 nen
1752 4308 1803 4365 pc·

152 4374 313 4441 eumentes,
344 4375 509 4449 loquacitas,
538 4376 693 4447 crudelitas,
723 4380 855 4450 voluptas
884 4384 952 4439 Sunt
1006 4386 1065 4442 terit
1079 4386 1145 4443 dare
1165 4394 1236 4442 terra
1250 4395 1344 4440 nostra
1367 4385 1482 4440 fructum
1500 4382 1605 4437 valuns.
1620 4381 1802 4454 napserim

151 4471 241 4519 autem
261 4472 375 4535 quatuor
398 4472 490 4536 partes
511 4465 643 4536 eorporis,
666 4466 809 4537 inquibus
836 4469 951 4545 singulis
1004 4480 1051 4528 sut
1074 4472 1200 4529 inchoare
1219 4474 1329 4539 benum
1349 4471 1434 4528 donec
1457 4487 1473 4525 a
1495 4467 1680 4526 misericordis
1696 4484 1803 4542 prmae-

151 4550 268 4609 maxime
292 4553 384 4624 vigent
407 4552 514 4625 singule
532 4554 674 4613 elementa.
688 4557 754 4611 Nam
769 4556 795 4611 in
810 4558 897 4614 oculis
912 4568 953 4615 ost
1005 4561 1124 4632 niamnr3
1140 4569 1186 4617 aut
1208 4577 1290 4635 egere
1305 4561 1416 4631 bonum,
1431 4559 1520 4616 denec
1539 4558 1699 4627 adiuvemur
1711 4574 1730 4617 a
1742 4574 1805 4636 gra-

150 4640 243 4714 ignis:
262 4641 289 4695 in
305 4642 408 4716 lingna,
424 4658 486 4712 qum
500 4656 595 4700 vocem
609 4642 716 4711 format,
731 4661 777 4702 ser
792 4664 800 4703 ι
815 4647 843 4702 in
866 4649 951 4705 rrraui·
1005 4651 1041 4707 tie
1068 4660 1115 4707 aut
1140 4656 1322 4707 consummari
1358 4651 1384 4706 iu
1416 4649 1487 4705 bono
1523 4662 1681 4720 possumus,
1714 4650 1805 4709 donee

150 4728 213 4795 bus,
227 4745 340 4801 quarum
356 4729 465 4801 proprie
488 4738 575 4786 tactus
598 4741 648 4797 est,
667 4741 739 4790 terra
754 4751 761 4788 :
777 4733 804 4790 in
820 4736 950 4795 membris
1002 4738 1090 4808 gloria
1105 4738 1265 4808 repleamur.
1282 4738 1382 4794 Veram
1396 4738 1425 4791 iu
1440 4736 1483 4791 bis
1498 4734 1584 4794 tribus
1597 4751 1654 4793 non
1667 4734 1805 4793 immerito

149 4819 322 4891 genitalibus,
346 4834 427 4890 aqua.
458 4819 510 4876 ilas
537 4830 652 4891 quatuor
681 4831 770 4891 partes
800 4826 950 4894 corrumpit
1002 4827 1107 4883 dulcius
1120 4830 1191 4900 snpit
1203 4844 1245 4899 ee,
1260 4843 1320 4897 quoe
1335 4842 1390 4883 non
1410 4825 1491 4880 modo
1511 4824 1671 4893 immeritos,
1688 4822 1804 4885 ΙΜ

148 4907 195 4963 illa
216 4906 411 4980 quadripartita
433 4909 540 4980 pestis:
567 4909 660 4965 oculos
681 4909 782 4966 scilieet
794 4912 945 4980 curiositas,
1002 4926 1049 4971 sed
1068 4924 1095 4972 et
1108 4916 1179 4972 male
1194 4916 1307 4972 meritos
1327 4915 1457 4986 praevenit
1483 4932 1489 4968 :
1510 4923 1541 4971 ut
1554 4914 1621 4971 dum
1643 4913 1739 4973 adbuc
1755 4914 1804 4971 dlii

148 4997 268 5068 lingnam
293 4997 453 5069 loquacitas,
476 5012 572 5053 manus
584 4996 735 5063 crudelitas,
752 5000 881 5070 genitalis
899 5018 948 5060 vo-
1001 5018 1095 5060 sumus
1110 5007 1167 5070 lrae,
1183 5012 1210 5062 et
1233 5019 1379 5074 operemur
1401 5018 1485 5073 opera
1503 5001 1608 5069 mortis.
1622 5002 1686 5073 ipss
1702 5004 1806 5077 copitar

147 5084 247 5154 luptas.
263 5084 309 5141 Sic
320 5085 389 5143 bunt
401 5086 525 5144 beminen
540 5088 669 5162 corrupti
690 5094 718 5144 ei
737 5089 946 5162 abominabiles,
1001 5108 1082 5164 super
1103 5108 1153 5150 nos
1177 5093 1356 5166 cogitationes
1378 5093 1462 5163 pincis,
1478 5099 1506 5148 ct
1520 5107 1555 5146 ne
1574 5091 1733 5163 petentibus
1744 5092 1805 5165 qrri·

147 5172 268 5244 corrupti
294 5173 320 5227 in
344 5175 444 5240 anima,
468 5178 664 5233 abominabiles
686 5178 712 5233 in
735 5195 864 5252 corpore3
885 5196 946 5237 cor·
1000 5180 1071 5247 dem,
1086 5182 1141 5239 imo
1157 5192 1184 5238 et
1209 5181 1401 5254 impetentibus
1422 5182 1509 5251 (tel),
1526 5195 1580 5237 nen
1597 5179 1801 5249 invocantibus,

181 5298 244 5367 (lte
270 5297 357 5382 Alios,
374 5301 407 5354 36
422 5316 455 5357 ex
468 5303 568 5358 Pervis.
824 5326 829 5331 ·
1046 5306 1108 5379 les)
1122 5309 1208 5374 Alios,
1226 5312 1259 5364 39
1274 5323 1307 5363 ex
1321 5307 1423 5363 Parvis.

181 5370 246 5439 (tat
272 5369 360 5435 Alsos,
376 5370 457 5425 etex
471 5372 573 5432 Persis.
1046 5381 1108 5450 ιιι)
1136 5379 1221 5444 Alias,
1252 5379 1446 5450 prurientibus
1464 5377 1583 5451 quidam,
1610 5376 1668 5435 imo
1695 5387 1726 5435 ct
1752 5378 1801 5437 irn-

179 5442 246 5511 (tet
272 5439 359 5509 Alios,
375 5443 573 5501 acerranis.
997 5450 1198 5519 poenitentibus.
