3734 5948
112 237 165 300 aaa
574 235 602 294 s.
618 230 786 296 ιιιιιιιι
804 229 944 292 secaris
969 208 1283 297 ιιιιιιιιιιιιιιι
1707 234 1759 295 ιιι
1784 294 1788 305 ,

112 367 292 440 prescribens
307 363 488 438 dispositioni.
511 361 591 420 Forte
607 361 660 418 hoc
683 361 775 433 cupio,
790 370 818 417 ιι
838 374 904 431 spe·
920 371 944 451 Α
962 358 1032 417 sicut
1045 359 1126 418 fuerit
1140 360 1265 420 voluntas
1278 360 1307 418 in
1321 361 1403 429 coelo,
1422 359 1462 418 sic
1484 358 1693 451 bethsaidam
1717 375 1763 419 rc·

42 528 47 535 ,
112 456 213 514 cialiter
227 465 254 512 ct
267 455 441 512 vehementer
456 451 527 509 :sed
542 467 576 507 ne
589 449 699 524 quidem
713 447 780 505 illud
795 462 902 519 recuso;
960 448 1061 522 quiem,
1074 449 1123 509 sed
1136 463 1297 508 nonrecnso
1309 450 1443 520 laborem,
1457 446 1710 507 batrolnutastua.

551 580 602 644 bb
626 579 659 644 S.
684 577 891 642 ebducere
923 577 1028 642 Papa
1059 580 1109 644 ΕΤ
1135 579 1325 646 dauriae

869 688 999 746 salillo.

814 787 849 838 lie
873 786 956 838 tributa
984 786 1067 851 aquis.

146 917 172 968 l.
188 914 315 971 Pretiosa
323 913 355 968 ire
365 913 515 985 conspecte
525 909 640 968 Domini
649 922 725 964 mors
737 907 904 964 sanctorem
958 918 1021 975 quae
1035 901 1074 958 sic
1086 918 1188 975 corpus
1203 912 1278 959 tuum
1292 902 1431 975 suppliciis
1437 900 1593 976 exponebas
1607 919 1614 961 :
1630 901 1758 972 obsecro,

109 1003 170 1073 rjais
184 999 271 1071 (Psoi.
285 1015 348 1067 cxv,
374 997 429 1070 lh).
444 997 546 1054 Audiat
558 1005 691 1067 peccator,
717 999 744 1049 ιι
757 991 900 1057 irascatnr;
958 992 1090 1067 diligebas
1105 991 1181 1064 illud,
1198 1006 1232 1049 an
1246 993 1326 1051 uon?
1351 991 1449 1065 Utique
1472 992 1632 1067 diligebam,
1657 991 1759 1065 inquit.

108 1088 233 1147 dentibus
250 1087 307 1144 suis
328 1088 439 1160 fremat,
463 1082 581 1143 1056
600 1092 627 1140 et
647 1083 780 1138 tabescat.
801 1080 902 1151 Depre-
955 1082 1042 1138 Nemo
1056 1082 1255 1156 enimunquam
1265 1080 1758 1157 odiebabuitoarnemsuamOEpftes.

109 1181 210 1234 hensus
221 1184 263 1234 est
278 1177 305 1232 in
327 1175 428 1233 astutia
441 1190 500 1241 sua,
518 1173 616 1231 cecidit
628 1172 656 1227 in
684 1169 791 1230 lorcam
819 1184 901 1243 qnam
956 1186 986 1240 v,
1000 1168 1219 1245 29).l)iligebsm
1235 1187 1302 1244 ergo
1317 1187 1380 1228 eam
1396 1186 1403 1226 :
1418 1173 1465 1228 sed
1479 1186 1577 1244 parum
1599 1170 1778 1246 diligebam„

107 1267 183 1335 fecit,
195 1265 359 1337 inlaqueum
370 1262 465 1320 incidit
478 1279 560 1335 quem
571 1261 691 1319 tetendit.
707 1259 808 1318 luvidia
818 1257 903 1332 siqui·
959 1268 1086 1333 tanquam
1100 1259 1246 1331 ancillsm;
1267 1271 1294 1318 et
1307 1261 1391 1317 multo
1406 1257 1494 1334 magis
1512 1258 1659 1334 diligebam
1669 1259 1760 1317 Domi·

107 1355 171 1410 dem
185 1353 284 1410 diaboli
303 1368 377 1408 mers
391 1352 503 1408 intravit
521 1351 550 1406 in
572 1349 668 1406 orbem
687 1356 838 1418 terrarum
855 1345 904 1402 sed
958 1363 1023 1403 num
1038 1348 1136 1405 Deum.
1152 1349 1241 1420 thue
1253 1348 1378 1422 probatio
1391 1357 1463 1406 essct
1480 1346 1643 1418 dilectionis,
1664 1342 1756 1424 operis

105 1459 172 1500 ecce
200 1444 318 1514 pretiosa
345 1441 415 1497 facta
452 1449 495 1496 est
520 1454 595 1495 mors
631 1446 797 1497 sanctorum.
830 1433 904 1494 Audi
959 1435 1105 1504 exhibitto;
1127 1435 1245 1493 libenter
1267 1436 1352 1507 ipsam
1375 1451 1485 1511 quoquc
1509 1452 1558 1510 pro
1586 1437 1647 1509 eius
1662 1437 1750 1513 gloria

105 1532 199 1605 igitur,
228 1530 314 1587 hostis
337 1530 415 1597 vitae;
439 1527 533 1584 mortis
560 1539 665 1599 auctor,
689 1527 809 1584 attende.
833 1523 905 1594 Quid
922 1533 1074 1637 ”mortem
1088 1526 1211 1597 corporis
1226 1525 1420 1597 amplectebar.

105 1620 177 1677 calet
190 1622 248 1692 jam
272 1619 345 1676 fraus
360 1619 428 1674 tua?
446 1616 564 1676 versutia
582 1624 627 1672 tus
641 1616 705 1689 quid
728 1615 831 1673 nocet?
847 1614 905 1671 lmo
993 1617 1020 1670 3.
1036 1612 1107 1683 Quid
1121 1630 1172 1670 nos
1186 1615 1222 1670 ad
1235 1615 1293 1671 hmo
1308 1614 1432 1686 dicimus,
1441 1613 1557 1672 lrauest
1567 1613 1756 1692 Congrstula·

106 1724 186 1778 vero,
203 1719 232 1763 ut
256 1708 316 1779 plns
338 1706 444 1773 doleas,
467 1705 548 1764 etiam
568 1707 661 1762 omnia
683 1714 863 1777 cooperantur
877 1703 904 1759 in
958 1719 1018 1757 mur
1032 1703 1152 1775 martyri,
1176 1704 1222 1758 sed
1239 1704 1298 1774 jam
1312 1703 1398 1778 gloria
1418 1704 1479 1775 ejus
1502 1719 1557 1760 non
1580 1703 1640 1760 sine
1663 1713 1758 1762 nostm

106 1799 206 1854 bonum
236 1796 278 1852 bis
297 1795 345 1868 qui
366 1796 515 1852 secundum
539 1795 705 1867 propositum
732 1793 821 1850 rocati
842 1801 906 1849 suut
958 1790 1119 1848 confusione
1143 1799 1193 1848 est.
1225 1795 1294 1850 Ecce
1317 1792 1392 1850 enim
1414 1793 1509 1849 beatm
1526 1791 1652 1850 Clemens
1673 1792 1757 1850 bomo

105 1886 193 1942 sancti
207 1886 296 1958 (Rom.
310 1900 369 1950 viu,
390 1884 446 1956 28).
466 1883 560 1955 Neque
574 1883 645 1939 enim
660 1881 738 1938 aliter
751 1897 831 1954 quam
847 1880 904 1952 ipsa
958 1888 1017 1937 erat
1041 1880 1136 1936 similis
1163 1879 1252 1950 nobis,
1276 1880 1423 1953 passibilis,
1450 1880 1545 1938 eadem
1563 1880 1757 1939 circumdatus

104 1974 177 2047 (quae
193 1973 232 2031 tui
241 1983 283 2031 est
296 1973 396 2044 operis)
410 1971 445 2029 de
456 1981 482 2030 ιι
496 1972 579 2028 hodie
593 1972 690 2029 ιιιιιι
701 1979 811 2044 martyr,
826 1973 905 2042 cujus
957 1968 1124 2041 infirmitate,
1154 1979 1180 2027 et
1203 1969 1278 2027 cami
1301 1985 1357 2026 ιιι
1380 1970 1477 2026 eodem
1494 1969 1603 2029 vinculo
1624 1969 1755 2028 naturalis

106 2062 237 2121 solemnia
257 2051 436 2130 eetebminus,
467 2069 553 2118 morte
572 2060 697 2132 corporis
719 2059 902 2129 triumpharit.
957 2055 1110 2115 allectionis
1132 2057 1275 2115 inhaerens.
1304 2058 1332 2114 Si
1360 2047 1429 2134 e'rgo
1454 2059 1499 2114 ille
1529 2059 1569 2116 sic
1593 2056 1755 2132 glorificavit

105 2152 179 2209 Fecit
203 2149 336 2224 siquidem
363 2151 397 2206 de
424 2147 587 2207 necessitate
622 2148 766 2216 simulem,
792 2162 902 2222 poenam
957 2145 1090 2203 Christum
1106 2147 1132 2201 in
1147 2162 1262 2220 corpore
1276 2162 1336 2213 suo,
1357 2155 1385 2204 et
1399 2144 1511 2204 calicem
1525 2146 1653 2205 salutaris
1673 2162 1753 2205 acce-

106 2240 210 2313 peccati
224 2239 253 2296 in
276 2237 401 2295 meritum
420 2237 515 2311 glorias
536 2236 728 2307 commutavit,
751 2235 857 2293 fidelem
873 2253 903 2293 se
957 2233 1089 2309 pit;quid
1104 2251 1154 2290 nos
1168 2235 1344 2292 retribuimus
1361 2236 1477 2292 Domino
1491 2251 1542 2309 pro
1557 2236 1757 2311 omnibusque}

105 2326 228 2402 probarit
255 2328 282 2383 in
310 2326 429 2396 modico,
446 2333 476 2382 ut
503 2326 603 2399 dignm
629 2324 795 2382 inveniretur
822 2341 903 2395 supra
957 2323 1080 2380 retribuit
1095 2323 1200 2379 uobis?
1215 2323 1316 2380 Eadem
1331 2336 1405 2381 certe
1420 2340 1470 2380 nos
1484 2322 1623 2399 insignivit
1636 2323 1758 2400 imagine

105 2417 188 2473 multa
202 2415 341 2473 constitui.
357 2415 491 2472 llodicum
516 2429 633 2488 namque
655 2423 731 2483 erat,
752 2425 780 2470 ιι
793 2415 903 2473 omnino
954 2412 1052 2469 eodem
1076 2413 1208 2485 sanguine
1224 2429 1274 2469 nos
1293 2406 1414 2480 rediinit,
1439 2420 1466 2469 ιι
1480 2413 1586 2471 vocarit
1610 2413 1639 2468 in
1664 2416 1758 2473 eadem

105 2504 254 2573 modicum,
268 2503 397 2576 quidquid
409 2503 486 2577 prius
500 2509 642 2573 acceperat
652 2500 741 2559 anima
754 2502 799 2558 illa
812 2505 900 2574 beata,
955 2500 1149 2572 hereditatem,
1177 2502 1412 2576 incorruptibilem
1443 2512 1469 2560 et
1497 2502 1754 2573 incontaminatam,

103 2600 238 2666 quantum
250 2594 283 2648 ad
300 2608 360 2649 eam
369 2591 495 2667 gloriam,
515 2607 597 2663 quam
611 2591 739 2664 prasenti
755 2592 903 2662 promeruit
955 2599 1094 2659 aeternam,
1118 2598 1305 2649 conversatam
1322 2593 1350 2648 in
1377 2590 1464 2648 caelis.
1485 2591 1585 2666 thuid
1607 2608 1675 2667 ergo
1703 2609 1759 2652 non

105 2682 241 2755 passione.
257 2679 352 2738 Omnis
365 2680 438 2737 ιιίιι
459 2679 601 2737 delectatio
621 2679 821 2750 hujusmundi,
837 2679 901 2737 uni·
956 2696 1101 2751 possumus
1112 2688 1140 2736 et
1155 2696 1205 2738 nos
1221 2697 1284 2737 cum
1299 2679 1377 2737 beato
1392 2680 1530 2737 Clemente
1544 2680 1645 2738 Christi
1661 2682 1757 2740 bibere

104 2786 185 2827 versa
202 2772 263 2839 ejus
285 2769 383 2842 gloria,
402 2768 534 2842 quidquid
549 2767 665 2840 denique
678 2767 706 2824 in
721 2783 754 2825 ec
768 2769 903 2842 concupi·
957 2768 1090 2826 calicem?
1104 2769 1153 2826 sed
1176 2768 1244 2825 forte
1257 2771 1421 2840 respondent
1435 2770 1516 2843 aliqui
1533 2788 1539 2824 :
1558 2771 1715 2842 Possemus,
1731 2773 1754 2828 si

105 2859 200 2927 scitur,
223 2873 334 2929 prorsus
347 2857 484 2916 modicum
512 2863 553 2913 est
568 2855 595 2911 in
621 2855 694 2912 illius
715 2856 859 2924 felicitatis,
876 2859 903 2914 in
918 2835 941 2914 c
957 2859 1146 2930 opportunitas
1161 2874 1213 2914 nou
1225 2859 1351 2926 deesset3
1368 2859 1416 2915 sed
1431 2857 1632 2930 persecutionis
1647 2867 1758 2932 tempus

104 2948 177 3004 illius
200 2945 374 3003 beatimdinis
397 2944 601 3017 comparatione
616 2943 659 2999 :si
680 2953 768 3000 amen
791 2945 832 3001 vel
846 2960 905 3002 mo·
958 2947 1081 3004 cesserit.
1095 2947 1131 3004 At
1146 2962 1209 3019 ego,
1229 2946 1326 3016 fateor,
1352 2962 1405 3004 non
1426 2946 1491 3004 satis
1515 2946 1680 3005 crediderim
1702 2951 1757 3007 ista

106 3036 194 3092 dicum
210 3034 261 3090 dici
286 3033 376 3100 debet,
393 3041 420 3088 et
436 3047 491 3089 non
519 3031 608 3104 potius
632 3031 755 3098 nihilum,
772 3049 856 3105 uapor
869 3033 903 3090 ad
956 3035 1120 3101 dicentibus,
1145 3035 1216 3104 Quid
1238 3036 1331 3092 enimi
1353 3035 1479 3106 Quotidie
1497 3034 1595 3094 ceditis
1614 3038 1756 3112 punctioni

103 3123 237 3180 modicum
255 3137 365 3194 parens.
382 3120 532 3194 Acceperat
555 3123 649 3177 beatus
669 3120 792 3178 Clemens
814 3123 904 3181 nobile
957 3140 1020 3180 acus
1040 3124 1131 3197 unius,
1155 3136 1181 3181 ιι
1205 3125 1326 3182 mucroni
1348 3140 1397 3183 vos
1419 3124 1586 3182 arbitramini
1607 3126 1689 3199 posse
1707 3144 1757 3185 re-

105 3233 200 3291 genus,
230 3217 334 3288 amplas
357 3215 555 3288 possessiones,
580 3215 768 3271 hereditatem
780 3215 901 3283 multam,
957 3214 1067 3271 sisteret
1077 3214 1230 3271 luminimis
1239 3216 1351 3288 probate
1360 3214 1627 3289 conflictibus,quam
1638 3212 1757 3275 105⁷

103 3306 243 3363 scientiam
268 3319 376 3377 qnoque
404 3302 639 3375 quamplurimam,
666 3303 703 3360 ita
731 3311 760 3360 ιιι
786 3305 904 3376 optimus
959 3302 1071 3361 viriliter
1097 3303 1127 3358 in
1151 3303 1246 3373 majori
1275 3302 1424 3361 certamine
1453 3310 1524 3360 stare
1550 3303 1655 3375 positis.
1688 3304 1758 3362 sscce

104 3394 215 3466 quidam
237 3393 308 3447 illius
324 3391 456 3461 temporis
476 3391 656 3462 philosophus
678 3390 830 3451 haberetur.
848 3396 902 3450 Ac·
957 3390 1121 3448 enimvobis
1135 3406 1189 3446 non
1213 3391 1331 3451 dicitur:
1348 3391 1505 3448 sacrificate
1526 3391 1614 3461 idolis,
1638 3402 1666 3450 et
1683 3391 1757 3450 riai-

105 3489 214 3553 ceperat
227 3481 286 3536 haec
297 3480 446 3537 universae
459 3478 574 3534 Domino
589 3495 597 3533 z
614 3477 745 3533 Delenim
760 3479 830 3536 dona
840 3487 904 3535 sunt
959 3489 1005 3549 te;
1027 3492 1073 3537 aut
1087 3480 1110 3534 si
1124 3480 1178 3537 hoc
1193 3496 1248 3538 non
1258 3480 1346 3548 vultis,
1366 3489 1474 3554 oportet
1487 3495 1537 3539 vos
1551 3479 1667 3538 dirersis
1688 3497 1757 3554 sup·

105 3571 185 3627 etiarn
200 3572 267 3628 haee.
283 3569 406 3626 Fidelem
420 3583 486 3641 ergo
501 3583 530 3623 se
547 3567 670 3638 probavit
683 3566 709 3622 ei
719 3566 768 3636 qui
781 3567 901 3637 dederat,
958 3569 1045 3640 pliciis
1059 3568 1176 3625 interire.
1192 3569 1278 3626 Noxit
1293 3569 1424 3627 [lominus
1439 3569 1599 3645 figmentum
1621 3579 1756 3643 cosmum,

104 3676 164 3718 cum
181 3676 229 3732 pro
242 3659 303 3730 ejus
317 3671 410 3715 amors
425 3656 552 3714 universa
566 3656 738 3729 contempsit,
752 3657 842 3713 omnia
856 3659 904 3713 de·
957 3673 1007 3714 nec
1021 3657 1067 3714 dat
1090 3656 1166 3716 nobis
1184 3666 1237 3714 tam
1261 3657 1333 3715 forte
1356 3671 1500 3717 certamen.
1525 3659 1606 3716 beato
1625 3659 1756 3717 Clementi

106 3750 260 3807 trimentum
288 3745 404 3817 faciens,
434 3753 461 3803 et
484 3745 631 3803 arbitratus
653 3752 685 3802 ut
712 3757 850 3815 stercora,
875 3756 904 3804 ut
957 3757 1093 3803 certamen
1107 3746 1177 3803 forte
1189 3747 1266 3804 dedit
1274 3755 1304 3805 nt
1316 3747 1444 3820 vinceret,
1459 3756 1487 3805 et
1496 3747 1613 3808 disceret
1625 3748 1757 3824 qnoniam

104 3837 271 3895 lucrifaceret
289 3836 436 3893 Christum.
958 3836 1078 3892 omnium
1088 3836 1224 3908 potentior
1237 3844 1278 3892 est
1294 3835 1439 3906 sapientia.

141 3931 168 3982 2.
183 3926 237 3982 Sed
253 3925 322 3981 forte
338 3930 486 3979 murmurat
500 3924 580 3980 etiam
595 3937 668 3980 nunc
683 3922 809 3980 iuimicus
825 3926 904 3982 :Pet
993 3927 1021 3982 l.
1054 3923 1180 3980 Vestrum
1202 3934 1292 3982 autem
1316 3934 1452 3985 certamen
1474 3927 1555 4000 quale
1578 3933 1630 3995 est,
1659 3927 1757 3986 fratrea

107 4017 172 4081 lem,
188 4013 314 4086 inquiens
327 4028 377 4085 pro
391 4012 472 4084 pelle,
487 4016 515 4070 ct
529 4014 626 4068 omnio
640 4029 704 4085 qum
718 4011 798 4070 hebet
811 4013 902 4084 homo,
957 4013 1010 4070 mei
1021 4017 1036 4071 ‘l
1048 4012 1174 4081 Quotidie
1186 4014 1263 4071 robis
1277 4014 1435 4089 suggeritur
1449 4014 1478 4071 in
1498 4014 1624 4074 cordibus
1648 4016 1755 4076 verris.

106 4104 183 4161 debit
196 4121 246 4177 pro
260 4103 360 4159 ocimo
372 4118 426 4158 sec
439 4099 497 4171 (lob
512 4116 543 4169 ιι,
563 4102 604 4172 l).
628 4101 699 4167 Quid
722 4104 811 4174 ergo?
825 4110 904 4176 putas
920 4137 943 4216 ὓ
958 4103 1064 4177 Frange
1075 4102 1198 4160 ordinem
1212 4111 1298 4174 lurum,
1323 4120 1472 4176 munuera,
1495 4104 1615 4174 detrabe,
1639 4120 1691 4179 ege
1714 4123 1759 4164 rc·
1774 4172 1777 4177 ,

105 4194 180 4266 quod
194 4194 223 4250 in
238 4193 296 4263 ipse
308 4189 430 4260 corporis
452 4190 494 4246 sui
509 4189 575 4256 vita,
595 4205 675 4262 quam
699 4190 803 4262 accepit
817 4208 832 4246 a
848 4193 904 4247 lio·
960 4192 1080 4259 missius,
1096 4191 1279 4250 infirmitatem
1294 4193 1399 4261 simula,
1417 4194 1550 4267 responde
1572 4195 1598 4253 ei
1616 4194 1663 4268 qui
1684 4194 1758 4254 forte

105 4283 194 4352 mino,
219 4279 336 4337 infidelis
358 4278 529 4347 inveniatur,
554 4284 585 4334 nt
607 4280 647 4334 vel
671 4278 758 4347 ipsam
780 4278 904 4349 praeferat
957 4282 1052 4337 durius
1066 4281 1235 4339 tibilocutus
1250 4290 1301 4353 est,
1316 4281 1510 4340 ulsatisfeciss
1524 4278 1660 4342 desiderio
1687 4294 1754 4358 tuo;

105 4372 166 4427 illif
185 4372 256 4428 Ecce
274 4370 356 4427 habes
371 4374 529 4438 potestatem
547 4384 553 4424 :
569 4366 644 4423 irrue
667 4365 695 4421 in
710 4383 773 4423 eum
793 4383 841 4437 per
855 4384 902 4425 sa·
958 4369 1258 4442 necdiciturcuiquam
1274 4371 1356 4430 :Nisi
1378 4372 1438 4430 bac
1462 4371 1581 4440 leceris,
1607 4371 1755 4444 morieris;

107 4459 205 4516 tellites
219 4469 288 4525 tuos,
304 4468 334 4512 ut
356 4464 506 4513 coarctetur
522 4472 536 4512 e
552 4455 667 4520 duobus,
682 4462 728 4511 aut
751 4472 767 4511 a
788 4456 903 4517 Domino
958 4458 1006 4514 sed
1028 4466 1059 4514 ut
1080 4458 1204 4529 multum,
1218 4474 1281 4516 cum
1305 4458 1462 4519 difficultate
1486 4469 1513 4517 et
1533 4461 1626 4518 labore
1646 4461 1758 4521 resistes

105 4565 218 4606 necesse
246 4548 358 4611 habens,
379 4553 458 4601 aute
482 4558 597 4616 corpore
621 4543 754 4617 separari.
771 4544 850 4602 Varia
876 4555 902 4603 et
956 4546 1045 4603 animo
1062 4557 1118 4605 tuo.
1135 4547 1167 4603 lit
1180 4549 1241 4621 quis
1255 4550 1403 4606 sustineret
1426 4549 1517 4606 tanta?
1532 4549 1596 4607 Ηιιι
1616 4549 1689 4608 enim
1713 4551 1756 4608 in·

46 4687 48 4691 .
104 4637 233 4695 immania
245 4635 357 4708 exquire
378 4650 479 4709 genera
502 4640 715 4705 tormentorum
732 4633 780 4688 sed
795 4635 902 4692 noveris
957 4645 999 4693 tus
1012 4635 1116 4709 audire,
1130 4639 1189 4694 haec
1211 4640 1376 4711 respondere
1394 4639 1584 4698 consuevimus
1606 4640 1756 4698 exhortan-

105 4738 131 4784 te
145 4725 257 4799 martyri
271 4732 364 4781 nostro
383 4722 513 4781 fabricare
526 4738 651 4780 coronas.
668 4720 829 4779 sicutenim
843 4723 903 4797 ipsa
956 4725 1102 4792 liburnos,
1117 4735 1164 4783 ιιι
1179 4724 1245 4784 loris
1268 4727 1380 4795 homini,
1400 4735 1447 4784 aut
1464 4727 1537 4785 intus
1557 4727 1673 4801 Spiritui
1690 4745 1757 4786 san·

104 4817 166 4875 ritae
184 4817 265 4886 hujus
282 4822 440 4871 ornamenta
455 4820 483 4869 et
500 4813 656 4882 adjumenta
674 4815 848 4886 contempsit,
863 4813 902 4869 sic
956 4820 1010 4870 cte.
1031 4812 1061 4869 Si
1083 4829 1149 4889 ergo
1165 4813 1193 4871 iu
1215 4815 1371 4887 huiusmodi
1390 4816 1538 4874 certamine
1561 4815 1755 4890 periclitamur,

104 4906 251 4964 contemnit
277 4912 305 4961 ιι
327 4905 424 4974 ipsam.
448 4901 555 4974 Corpus
579 4915 661 4959 omne
682 4900 730 4958 tibi
749 4901 901 4974 exponitin
955 4903 978 4960 si
991 4904 1034 4962 vir
1057 4903 1257 4971 resistimus,si
1280 4905 1418 4965 interdum
1435 4904 1516 4964 etiam
1540 4905 1753 4978 succumbimus,

103 5001 229 5059 mortem,
244 5004 272 5052 ιι
286 4993 311 5049 in
328 4992 425 5049 faciem
440 4990 578 5047 maledicit
600 4990 660 5058 tibi,
674 4999 755 5063 atque
769 4989 841 5048 idola
855 4999 900 5048 tua
955 4991 1021 5065 quid
1038 4992 1068 5048 in
1081 4990 1127 5050 illo
1140 5001 1194 5049 tam
1208 4993 1284 5066 grati
1297 4993 1443 5051 certamine
1453 4993 1622 5053 faceremus?
1641 4993 1670 5053 Si
1690 4996 1755 5069 jun-

104 5098 180 5140 sacro
195 5097 242 5138 ore
261 5083 444 5152 blasphemat,
458 5079 604 5137 Dominum
621 5080 707 5136 Deum
726 5096 806 5136 suum
819 5080 899 5137 etiam
953 5080 992 5137 cis
1007 5080 1148 5155 fragilibus
1162 5082 1235 5140 cedit
1256 5080 1398 5140 infirmitas
1413 5090 1517 5151 nosce,
1532 5082 1673 5156 quomedo
1691 5084 1755 5142 tetis

102 5173 173 5228 iuter
192 5177 327 5228 tormenta
350 5177 395 5224 tua
421 5168 505 5226 libere
530 5167 666 5239 predicat,
681 5168 800 5242 ingeram
814 5165 898 5240 (otior
953 5169 1123 5236 resisteret‘l
1137 5167 1243 5229 Videtis
1257 5171 1394 5244 quomodo
1409 5171 1444 5228 ad
1459 5172 1571 5229 nihilum
1588 5170 1694 5233 redacti
1707 5190 1755 5233 su·

102 5265 135 5318 io
149 5262 223 5334 igne)
243 5256 394 5315 confitetur.
410 5257 589 5316 Coronabitur
612 5272 689 5331 ergo,
703 5256 768 5330 quia
780 5256 899 5333 legitime
953 5276 1022 5330 mus,
1038 5267 1064 5316 et
1077 5262 1148 5318 sicut
1161 5260 1248 5319 solent
1269 5259 1399 5320 mulieres
1412 5269 1459 5318 aut
1470 5262 1587 5336 parvuli,
1602 5273 1755 5338 pugnantes

102 5350 223 5416 certarit,
237 5348 301 5423 quia
315 5346 429 5404 fideliter
449 5349 520 5414 vicit,
547 5347 611 5420 qnia
629 5361 680 5404 nec
705 5345 898 5402 blandimentis
952 5348 1091 5406 laudamus
1104 5349 1179 5420 alios,
1203 5365 1325 5423 pugnare
1340 5350 1399 5422 ipse
1419 5366 1474 5410 non
1497 5364 1652 5424 possumus.
1677 5348 1754 5422 Quid

101 5440 164 5495 vitae
178 5440 271 5512 hujus,
287 5455 337 5496 nec
364 5438 459 5493 mertis
482 5439 625 5495 horrores
650 5436 780 5494 charitate
799 5434 897 5492 Christi
951 5443 1043 5494 ιιιιιι
1056 5438 1188 5512 agimmf
1200 5437 1304 5495 Omnes
1317 5447 1391 5497 certe
1405 5440 1439 5496 ad
1453 5436 1562 5513 nuptias
1575 5439 1647 5514 agni
1662 5441 1753 5501 socru

101 5527 187 5587 noluit
209 5528 337 5603 separari.
366 5528 426 5594 bic,
454 5541 558 5601 queso,
572 5524 660 5592 nobis,
688 5525 777 5583 anima
792 5533 896 5592 sancta,
950 5540 1056 5598 sumus,
1075 5527 1149 5585 etin
1170 5536 1318 5602 conspeetu
1340 5531 1401 5601 eJ'us
1419 5542 1522 5586 vacuos
1542 5543 1677 5604 apparere
1695 5546 1751 5589 non
