3734 5948
51 112 103 173 1³7

563 109 597 174 IN
615 107 864 172 succensione
883 107 998 171 DDlIINl
1015 109 1124 175 stato
1141 112 1188 177 Ill.

1653 123 1705 186 138

49 249 279 310 resurgeremus,
290 232 338 308 qni
351 248 402 308 per
410 235 555 307 presentis
569 237 662 294 saeculi
675 244 780 310 patrem
795 251 847 309 ge·
866 247 889 327 Α
907 235 1032 293 inventus
1052 247 1082 294 οι
1105 240 1207 297 bomo:
1243 241 1324 300 bodie
1350 258 1416 303 vero
1437 245 1588 306 mirabilius
1600 250 1704 323 ailquid
1772 223 1778 230 ’

907 324 998 380 audio.
1012 326 1072 381 Iam
1102 329 1252 386 minoratus
1271 339 1313 387 est
1327 333 1412 389 multo
1426 335 1516 390 minus
1539 337 1635 410 agelis,
1656 342 1703 413 qui

907 429 961 469 non
978 414 1065 471 solum
1080 416 1195 474 lormam
1209 420 1338 490 homInis,
1355 423 1403 478 sed
1418 422 1532 480 lormam
1548 428 1628 484 babet
1638 446 1704 501 pec·

907 503 1016 571 catoris,
1035 512 1062 560 et
1076 504 1197 579 infigitur
1210 509 1284 566 velut
1299 511 1418 582 quodam
1439 514 1560 570 canterio
1579 514 1701 576 latronis.

906 589 977 659 Quid
992 602 1034 648 est
1053 594 1125 649 enim
1137 596 1578 672 circumcisio,nisisuperllnitatis
1593 614 1620 661 et
1634 623 1702 678 pec·

907 678 1117 737 catiindiciumi
1132 685 1161 738 ln
1182 693 1219 753 te,
1248 685 1332 743 193
1347 689 1462 745 Domine
1478 691 1555 759 Iesu,
1572 695 1636 764 quid
1660 705 1703 752 est

50 342 185 383 notamur
198 324 232 379 ad
247 333 374 380 mortem.
392 324 487 397 Neque
502 325 554 382 boc
570 325 645 394 satis,
662 326 684 381 si
698 341 752 382 non
767 325 849 381 etiarn

48 417 184 489 princeps
198 413 274 486 pacis
291 413 424 469 l’atrinos
447 414 648 485 reconciliaret,
664 413 708 472 cui
733 413 849 469 traditu-

51 521 100 559 rus
115 511 160 559 est
180 496 306 575 regnum,
322 518 358 558 ne
373 496 442 559 forte
458 503 527 558 sicut
542 502 589 557 filii
611 501 770 574 perditionis
796 502 850 557 uti-

49 609 119 667 que,
138 608 193 649 non
207 592 311 662 salutis,
327 592 506 648 resurrecturi
516 592 671 648 videremur
681 591 715 646 ad
730 608 849 664 pinnam,

49 681 279 754 lultiplicabitur
293 696 359 736 sane
374 682 435 752 ejus
449 680 604 752 imperium,
620 690 649 737 ιιι
672 681 769 737 merito
791 681 851 733 Sal·

48 770 254 828 resarciretur
273 769 355 825 etiarn
369 785 420 840 pro
447 768 617 826 multitudine
640 769 850 833 salvandorum,

52 868 81 916 ιι
96 859 176 932 pacis
190 874 245 915 non
259 858 310 914 erit
324 858 396 928 linis,
413 866 441 912 ut
456 874 549 915 veram
569 859 677 916 noveris
692 875 754 915 esse
777 857 846 912 salu-

51 956 121 1018 tem,
139 963 202 1020 quae
215 963 271 1003 non
285 947 370 1019 possit
386 945 482 1003 timere
497 946 645 1004 delectum.

364 1034 482 1091 SERIIO
501 1035 546 1090 lll.

163 1128 203 1183 De
216 1124 262 1180 die
278 1130 372 1182 octavo
396 1122 485 1197 [alias,
499 1127 538 1182 Dc
552 1129 613 1182 octo
628 1123 745 1197 dicbusl.

91 1218 119 1271 l.
137 1215 167 1269 ln
195 1211 410 1270 circumcisione
441 1212 559 1283 Domini,
584 1212 691 1283 fratres,
720 1212 853 1268 habemus

52 1302 130 1375 quod
145 1317 270 1358 amemus
284 1309 312 1356 et
326 1300 502 1370 admiremur,
518 1301 651 1357 habemus
674 1301 756 1357 etiam
779 1300 853 1374 quod

52 1390 206 1448 imitemur.
224 1391 298 1446 Patet
312 1390 340 1446 in
356 1406 389 1445 ea
407 1406 538 1464 magnum
561 1389 726 1464 dignationis
745 1390 853 1447 benci-

54 1480 143 1550 cium,
158 1479 234 1536 unde
247 1480 350 1553 gratias
363 1494 494 1550 agamus3
517 1479 583 1536 latet
601 1479 703 1552 aliquid
717 1478 851 1550 clausum,

907 768 1075 839 superfluum
1099 772 1172 843 quod
1196 774 1430 830 circumcidatur?
1444 779 1542 836 Nonne
1565 789 1593 836 tu
1621 800 1702 840 verus

905 853 979 911 Deus
993 859 1066 915 esde
1077 861 1134 914 Deo
1146 861 1235 926 Patre,
1253 863 1333 918 bomo
1345 879 1425 919 verus
1435 866 1494 922 sine
1503 870 1577 924 omni
1588 881 1702 942 peccato

907 943 941 1000 de
954 945 1065 1018 Virgine
1079 948 1186 1006 matre?
1198 951 1269 1021 Quid
1284 950 1370 1008 facitis
1380 953 1606 1015 circumcidentes
1616 965 1701 1018 eum?

907 1032 1008 1089 Putatis
1022 1036 1086 1108 quia
1101 1054 1259 1109 supereum
1275 1041 1466 1111 possitcadere
1483 1043 1528 1099 illa
1546 1050 1699 1104 sententia:

908 1121 1701 1206 Masculuscujusproepctiiccrocircumcisaconsuent,

906 1210 1009 1282 pettit
1017 1214 1115 1269 aniana
1123 1216 1213 1287 Ipsius
1228 1216 1261 1272 de
1278 1216 1383 1288 populo
1393 1219 1546 1287 aeolides.
1559 1237 1628 1282 xviv.
1643 1227 1700 1279 lbi

907 1300 999 1356 Potest
1013 1301 1137 1359 oblivisci
1160 1303 1240 1360 Pater
1258 1304 1318 1359 Filii
1333 1305 1403 1361 uteri
1423 1306 1486 1361 sui?
1506 1317 1552 1364 aut
1573 1327 1627 1367 non
1651 1328 1703 1370 co-

907 1397 1053 1458 gnosceret
1066 1406 1139 1462 eum,
1154 1391 1204 1446 nisi
1219 1391 1327 1468 signum
1342 1394 1553 1452 circumcisionis
1569 1399 1703 1456 baberet?

907 1476 964 1532 lmo
977 1493 1043 1536 vero
1053 1479 1076 1535 si
1090 1496 1144 1552 quo
1159 1481 1239 1538 modo
1254 1489 1348 1552 posset
1362 1498 1417 1539 non
1431 1499 1581 1554 agnoscere
1596 1487 1702 1560 Filium,

53 1569 131 1642 quod
146 1570 174 1625 in
198 1568 278 1625 noble
303 1568 417 1641 implere
444 1568 605 1625 debeamus.
625 1567 706 1625 Venit
733 1584 852 1640 namque
869 1586 891 1664 Β
906 1564 1002 1638 inquo
1017 1567 1043 1624 ei
1067 1569 1138 1625 bene
1167 1570 1338 1640 complacuit,
1367 1587 1401 1626 ex
1416 1573 1467 1629 lroc
1490 1575 1607 1632 maxime
1621 1576 1701 1650 signo

53 1653 192 1715 Dominus
204 1666 316 1730 propter
330 1674 380 1715 nos
395 1673 450 1714 non
461 1657 548 1715 solum
560 1657 733 1714 redimendos
743 1657 854 1728 sangui-
906 1663 1014 1725 poterat
1028 1656 1155 1731 ignorare
1171 1675 1243 1725 eum,
1262 1658 1374 1715 inventa
1388 1659 1416 1715 iu
1437 1676 1471 1717 ιο
1498 1662 1703 1723 circumcisione
1738 1647 1744 1659 ’

54 1747 99 1802 nis
113 1745 263 1815 effusione,
279 1746 329 1802 sed
349 1754 377 1802 et
392 1747 532 1804 docendos
546 1746 647 1815 verbis,
674 1755 699 1802 et
722 1746 855 1817 exemplis
907 1759 989 1816 quam
1002 1745 1190 1816 peccatoribus
1204 1747 1263 1819 ipse
1274 1748 1441 1819 providerat,
1462 1750 1498 1805 ob
1512 1754 1704 1824 purgationem

55 1835 237 1892 nibilominus
255 1835 440 1892 instmendos.
462 1836 536 1892 Sicut
564 1837 636 1892 enim
664 1836 773 1907 penitus
796 1843 855 1891 erat
907 1832 1002 1905 utiquc
1018 1832 1190 1890 delictomm.
1219 1834 1273 1890 Sed
1302 1837 1366 1908 quid
1394 1837 1491 1893 mirum
1513 1839 1536 1894 si
1555 1851 1637 1911 caput
1656 1858 1705 1912 pro

58 1924 157 1981 inutile
172 1924 245 1981 viam
260 1925 342 1992 scire,
357 1923 381 1980 si
395 1923 580 1981 detineremur
590 1924 618 1980 in
630 1940 751 1994 carcere,
767 1924 855 1979 itare-
908 1921 1038 1977 membris
1052 1921 1158 1994 accepit
1167 1924 1344 1993 curationem,
1361 1941 1441 1996 quam
1457 1936 1547 1982 tamen
1563 1929 1590 1983 in
1600 1945 1630 1985 se
1644 1929 1706 2002 Ipso

55 2014 123 2071 dimi
139 2027 197 2068 non
219 2013 373 2085 prodesset,
402 2013 426 2068 si
450 2013 501 2071 viae
515 2012 625 2088 ignaros
639 2013 684 2086 qui
699 2013 804 2085 primus
817 2014 857 2068 in·
910 2025 965 2065 non
979 2009 1073 2065 habuit
1087 2012 1293 2068 necessariam?
1307 2014 1405 2069 Nonne
1420 2020 1447 2069 et
1460 2013 1488 2070 in
1508 2017 1637 2073 membris
1652 2034 1705 2075 no·

54 2103 176 2172 veniret,
191 2101 296 2175 primus
308 2101 454 2160 reduceret
467 2102 495 2158 in
513 2118 653 2159 carcerem
664 2102 855 2160 retrudendos.
911 2099 974 2155 stris
987 2114 1060 2171 saepe
1076 2114 1126 2171 pro
1141 2099 1220 2156 nnius
1230 2100 1388 2157 infirmitate
1402 2101 1481 2159 alteri
1496 2104 1643 2163 adhibetur
1656 2123 1706 2164 cu-

58 2192 157 2265 ltaque
171 2191 201 2246 in
216 2191 323 2262 maiore
336 2191 447 2263 quidem
464 2199 554 2261 aetate,
571 2190 710 2264 patientiae
724 2198 752 2249 ct
766 2191 856 2248 humi·
911 2187 1001 2243 ratio?
1011 2187 1090 2243 Dolet
1108 2195 1200 2260 caput,
1216 2198 1243 2245 et
1257 2189 1284 2244 in
1299 2190 1411 2246 brachio
1426 2189 1455 2246 fit
1468 2200 1596 2265 coctura;
1613 2193 1708 2252 dolent

57 2280 153 2350 litatis,
178 2287 207 2336 et
234 2295 318 2353 super
344 2280 437 2337 omnia
464 2280 612 2349 charitatis,
642 2287 857 2352 caeterarumque
913 2291 1004 2344 renes,
1021 2281 1049 2332 ιι
1068 2275 1098 2331 srt
1111 2276 1140 2332 in
1159 2276 1224 2333 tibia
1237 2297 1243 2333 :
1258 2277 1298 2333 ita
1313 2279 1393 2335 bodie
1409 2295 1459 2351 pro
1481 2282 1563 2338 totius
1584 2283 1709 2355 corporis

57 2370 192 2428 virtutum
206 2368 351 2424 manifesta
377 2367 451 2426 dedit
479 2369 601 2427 Salvator
616 2369 751 2442 exempla,
772 2369 801 2423 in
816 2369 859 2423 in·
911 2363 1055 2435 putredine
1070 2365 1219 2422 cauterIum
1233 2366 1490 2439 quoddaminlixum
1506 2380 1549 2426 est
1563 2370 1707 2444 incapite.

58 2458 146 2515 iantia
159 2473 226 2514 vero
241 2455 336 2533 figuris
354 2457 454 2514 velata.
948 2457 975 2509 l.
990 2453 1113 2525 Denique
1127 2454 1193 2526 quid
1211 2455 1309 2511 mirum
1323 2456 1346 2511 si
1367 2472 1417 2528 pro
1432 2458 1512 2516 nobis
1526 2459 1653 2530 dignatus
1667 2467 1710 2517 est

95 2551 125 2607 ι.
142 2547 198 2603 Sed
221 2554 368 2619 antequam
388 2548 420 2602 ad
437 2547 495 2604 baec
522 2546 693 2603 discutienda
719 2544 860 2603 veniamus
912 2540 1081 2610 circumcidi,
1093 2558 1142 2612 pro
1158 2542 1256 2614 quibus
1275 2543 1457 2618 dignatusest
1472 2547 1711 2606 moril'lotnssi·

60 2637 182 2695 delectat
197 2633 299 2708 aliquid
314 2635 390 2707 prins
405 2635 438 2691 de
453 2642 528 2692 tanta
541 2643 569 2690 ct
584 2644 639 2691 tam
662 2634 806 2691 manifesta
832 2636 860 2691 di
913 2631 1024 2702 quidem
1035 2631 1100 2685 mihi
1115 2630 1203 2697 datus,
1215 2640 1243 2687 ιι
1257 2640 1329 2689 totus
1342 2633 1370 2690 in
1395 2651 1471 2692 meos
1483 2652 1550 2692 usus
1574 2653 1711 2710 expensus

60 2724 195 2802 gnationo
214 2723 299 2796 loqui,
324 2723 432 2780 Habent
455 2722 546 2795 angeli
574 2723 689 2800 gloriam
712 2740 809 2796 puram
834 2731 860 2779 et
914 2728 965 2776 ιιι.
982 2720 1042 2792 Ego
1058 2719 1142 2786 enim,
1159 2721 1273 2777 audiens
1293 2722 1356 2794 qnia
1372 2725 1468 2780 transit
1483 2733 1548 2783 ante
1571 2743 1711 2785 carcerem

61 2811 237 2888 perlectam3
253 2814 301 2869 sed
315 2828 368 2869 nec
385 2829 436 2869 nos
458 2813 562 2869 erimus
585 2813 644 2869 sine
660 2812 756 2886 gloria.
775 2812 860 2869 Vide·
915 2808 985 2864 lilius
999 2808 1091 2880 magni
1105 2809 1271 2882 Regis,coepi
1290 2812 1501 2886 aldusgemere,
1527 2823 1553 2871 et
1568 2817 1712 2874 miserabi-

61 2900 126 2960 r'nus
138 2901 257 2976 gloriam
273 2903 345 2972 ejus,
360 2901 476 2975 gloriam
492 2905 570 2976 quasi
584 2901 752 2974 Unigenitia
770 2902 859 2970 Patre,
877 2901 899 2980 ῃ
915 2898 967 2953 lius
982 2897 1145 2963 exclamare,
1160 2898 1273 2956 dicens:
1296 2901 1344 2956 Fili
1360 2901 1417 2972 Dei,
1444 2904 1576 2961 miserere
1592 2906 1657 2962 mel.
1677 2907 1714 2961 At

61 2992 180 3066 gloriam
196 2989 392 3047 misericordiae
412 3000 440 3050 ιι
455 2991 570 3049 allectus
590 3006 655 3046 vere
669 2989 786 3062 paterni,
802 2991 862 3064 glo·
915 2986 970 3054 ille,
987 2987 1057 3041 sicut
1072 2984 1296 3058 benignissimus:
1313 2988 1443 3057 Quisnam
1463 2999 1514 3057 est,
1544 2993 1644 3065 inquit,
1660 2994 1712 3050 istc

62 3081 134 3137 riam
147 3079 328 3150 procedentis
342 3095 376 3137 ex
391 3081 474 3137 corde
493 3079 580 3136 Patris
608 3085 635 3136 et
647 3079 768 3150 [paterna
782 3078 862 3151 plane
915 3075 997 3131 lictus
1006 3080 1034 3130 et
1053 3073 1168 3130 ululatus
1179 3091 1259 3147 quem
1273 3075 1374 3132 audio?
1383 3079 1418 3132 Et
1431 3076 1525 3133 dicunt
1534 3079 1559 3136 ei
1576 3080 1659 3153 :Ipse
1671 3090 1714 3138 est

63 3170 173 3227 viscera
188 3168 353 3224 exhibentis.
381 3170 481 3229 θοιηιι
505 3170 582 3226 enlm
600 3171 798 3243 peccaverent,
827 3168 864 3223 ait
916 3165 1003 3219 Adam
1019 3161 1140 3234 proditor
1158 3163 1215 3231 ille,
1240 3179 1321 3236 quem
1347 3166 1426 3221 Pater
1439 3173 1531 3224 vester
1554 3168 1627 3225 tmdi
1651 3169 1715 3227 lecit

63 3256 225 3330 Apostolus,
242 3260 270 3312 et
284 3259 466 3330 epentploric
480 3259 531 3315 Dei
542 3258 634 3328 (Rom.
644 3272 684 3325 ιιι,
701 3256 756 3329 23).
771 3257 803 3312 lit
810 3255 864 3312 alio
917 3252 945 3307 in
960 3267 1108 3318 carcerem,
1124 3251 1213 3308 donec
1237 3252 1337 3327 cogitet
1352 3254 1450 3326 quibus
1473 3255 1548 3312 illum
1575 3257 1716 3331 suppliciis

63 3349 145 3405 loco:
164 3345 242 3415 niti,
259 3345 359 3419 inquit,
375 3346 448 3405 absit
460 3347 562 3421 glorie,
577 3348 637 3404 nisi
656 3349 688 3403 in
701 3362 785 3403 cneco
807 3349 863 3403 Do·
918 3340 998 3397 iaciat
1006 3340 1130 3398 interire.
1150 3338 1221 3410 Quid
1250 3347 1355 3414 egeret,
1378 3345 1456 3414 cnjus
1476 3352 1574 3402 natura
1597 3347 1715 3415 bonitas,

63 3437 242 3495 miiainnstm'
253 3437 319 3493 Iesu
336 3437 440 3493 Christi
454 3438 561 3509 (Galat.
577 3452 617 3506 vt,
630 3436 693 3509 tt)l
710 3435 780 3506 Quid
791 3434 865 3491 enim
917 3430 960 3487 cui
973 3428 1112 3502 proprium
1129 3436 1169 3485 est
1185 3428 1309 3486 misereri
1328 3447 1437 3504 semper
1456 3439 1484 3489 ιι
1497 3434 1636 3506 parcere?
1658 3436 1716 3493 De·

66 3525 148 3583 nobis
162 3523 320 3600 gloriosius,
346 3541 429 3597 quam
458 3525 531 3598 quod
559 3524 624 3580 tanti
656 3523 800 3581 aestimavit
814 3539 865 3581 nos
919 3517 1618 3585 scenditincarcerem,venitutedacatvinctumde
1632 3523 1716 3582 domo

64 3613 161 3672 Densi
175 3613 278 3685 Qnaeve
287 3613 377 3684 major
391 3613 429 3668 illi
444 3612 541 3686 gloria,
563 3628 645 3686 quam
655 3620 729 3669 tanta
744 3612 866 3687 dignatio
919 3606 1046 3664 carceris.
1067 3605 1155 3662 Iudaei
1174 3620 1240 3662 vero
1254 3620 1310 3663 non
1323 3607 1497 3667 immemores
1510 3609 1565 3669 odii
1579 3627 1633 3684 qno
1646 3612 1717 3669 ode*-

56 3714 93 3762 ιι
113 3710 190 3759 tanta
203 3699 370 3775 benignitas,
385 3716 419 3759 eo
434 3703 527 3776 ntique
542 3701 709 3771 dulcissima,
725 3701 798 3776 quod
810 3709 866 3757 tam
920 3703 981 3752 rant
995 3696 1113 3763 Patrem,
1125 3705 1256 3752 exercent
1278 3696 1347 3752 illud
1357 3696 1385 3753 in
1400 3697 1511 3756 Filium:
1527 3700 1600 3758 unde
1616 3710 1644 3758 et
1656 3701 1716 3774 ipse

65 3791 210 3867 gratuita?
230 3807 294 3848 nam
325 3806 376 3864 pro
402 3790 495 3864 impiis
528 3798 653 3848 mortuus
681 3797 733 3849 est.
762 3789 867 3848 Videtis
919 3786 1714 3865 aitzoeiaodcrcntmeetl’atrcmmeam(lonn.xv,24).

65 3888 203 3956 quantum
217 3877 293 3949 iecit,
315 3886 343 3935 et
363 3895 415 3952 pro
430 3879 575 3953 qualibus:
600 3881 651 3953 pro
680 3878 815 3953 qualibus,
838 3885 868 3934 ιιι
919 3875 989 3948 Quid
1008 3888 1074 3950 ergo
1088 3873 1213 3930 iecerunt
1226 3873 1312 3946 Impii
1329 3876 1428 3949 quibus
1448 3879 1538 3951 gravis
1562 3887 1621 3936 erat
1635 3880 1718 3937 etiam

66 3986 124 4028 non
143 3968 358 4042 snperbiamns;
375 3975 517 4044 quantum,
531 3983 567 4024 ne
596 3967 785 4042 desperemus.
799 3967 868 4023 Pro·
920 3963 955 4020 ad
962 3962 1135 4021 videndum?
1150 3963 1198 4019 llic
1207 3968 1262 4032 est,
1272 3963 1407 4037 inquiunt,
1417 3967 1517 4038 baeres,
1532 3970 1635 4038 venile,
1645 3971 1714 4026 occi⁴

65 4062 221 4133 pterea,'ut
235 4056 414 4114 inveniamini
437 4072 491 4114 non
513 4056 639 4129 spiritum
667 4056 769 4112 habere
787 4055 867 4127 hujus
921 4052 1098 4110 damascum
1111 4051 1223 4122 (llottb.
1237 4067 1298 4120 ιιιιι,
1327 4053 1382 4124 ³8).
1410 4053 1456 4110 Sic
1470 4071 1537 4127 ergo
1560 4056 1720 4114 occiderunt

67 4146 178 4216 mnndi,
194 4146 245 4203 sed
260 4145 386 4220 spiritum
400 4146 447 4220 qni
461 4162 494 4203 ex
507 4146 565 4204 Deo
585 4153 637 4215 est,
654 4153 682 4203 ιι
696 4143 787 4202 sciatis
806 4160 867 4218 quae
920 4143 1027 4214 agnum
1036 4141 1096 4208 Dei,
1104 4141 1131 4196 in
1140 4157 1216 4197 suam
1226 4141 1336 4215 quidem
1344 4142 1593 4215 perniciem,sedin
1603 4146 1719 4203 salutem

66 4233 233 4292 aDeodata
255 4242 321 4291 sant
341 4235 429 4304 robis,
450 4235 544 4306 nolite,
568 4235 695 4304 obsecro,
716 4232 775 4290 fieri
798 4233 867 4290 sicut
882 4223 905 4303 Β
921 4238 1053 4288 nostram.
1082 4228 1123 4285 llli
1138 4229 1210 4286 enim
1234 4230 1396 4304 sangninem
1414 4233 1487 4305 Agni
1506 4233 1651 4302 fuderunt;
1670 4250 1719 4292 nos

67 4340 159 4400 equas
177 4330 206 4381 ιι
220 4323 320 4395 mulus,
340 4325 390 4381 sed
412 4324 481 4382 sicut
507 4324 581 4398 pium
603 4325 768 4395 jumentum,
794 4321 868 4396 quod
921 4319 1098 4384 accessimus,
1124 4326 1151 4374 et
1175 4317 1291 4375 bibimus
1309 4319 1394 4379 illum.
1419 4322 1582 4394 Accepimus
1607 4323 1718 4381 calicem

66 4417 126 4473 ait:
141 4415 176 4474 ut
181 4415 346 4487 jumentam
357 4417 452 4487 sectas
461 4431 524 4472 scm
534 4415 609 4488 apud
619 4417 656 4486 te,
667 4416 748 4486 stepo
759 4427 869 4484 semper
921 4407 1069 4466 salutaris:
1090 4411 1118 4462 et
1145 4405 1215 4462 calis
1239 4405 1322 4480 [alias
1348 4409 1418 4465 calix
1447 4411 1552 4485 noster]
1578 4411 1717 4469 inebrians

67 4509 167 4564 tecam
180 4503 269 4575 (Paci.
284 4518 374 4574 ιιιιιιι,
387 4503 442 4576 23).
458 4503 532 4558 Talia
544 4503 617 4559 enim
628 4503 753 4573 jumenta
763 4515 866 4572 cogno-
922 4513 1002 4571 quam
1025 4494 1171 4568 praeclams
1188 4497 1251 4551 estl
1276 4496 1349 4552 Ecce
1375 4497 1448 4554 unde
1475 4499 1577 4571 gratias
1595 4515 1718 4572 agamus.

66 4599 151 4651 scunt
164 4606 356 4665 possessorem
370 4608 461 4662 sunm,
472 4599 500 4649 ιι
514 4608 637 4665 praesepe
652 4589 756 4648 domini
765 4590 823 4646 sui:
839 4590 868 4646 in
921 4587 990 4642 Nam
1004 4593 1067 4640 ante
1076 4600 1178 4657 paucos
1193 4583 1251 4641 dies
1266 4584 1465 4643 celebravimus
1492 4589 1639 4645 adventum
1659 4589 1720 4657 ejus

67 4681 261 4758 qno'positum
275 4681 524 4756 esteispiissimum
539 4680 642 4751 ionum,
657 4680 717 4753 ipse
728 4679 774 4754 qui
789 4679 869 4752 panis
922 4675 951 4732 in
965 4691 1101 4732 carcerem
1112 4674 1192 4745 huius
1205 4674 1308 4745 mundi,
1319 4674 1347 4731 id
1368 4682 1410 4732 ιιι
1420 4676 1491 4733 diem
1504 4676 1608 4734 Natalis
1618 4695 1626 4748 ;
1637 4676 1719 4734 hodie

66 4777 113 4829 est
127 4769 302 4844 angelorum.
317 4770 379 4843 lpse
395 4770 468 4827 enim
483 4777 525 4826 est
539 4769 617 4842 panis
640 4771 730 4839 vivus,
755 4768 790 4824 de
815 4782 869 4841 quo

65 4860 163 4918 rivere
179 4858 274 4917 debuit
287 4859 370 4917 homo
382 4877 389 4932 ;
401 4860 451 4916 sed
466 4859 530 4933 quin
544 4858 625 4916 bomo
647 4859 803 4929 jumentum
828 4855 871 4913 la·

66 4955 131 5008 ctus
144 4955 201 5023 est,
219 4956 247 5007 ιι
263 4948 345 5023 panis
365 4947 453 5006 lactus
469 4956 511 5006 est
525 4947 629 5019 lenum,
646 4955 675 5003 ut
688 4946 733 5004 vel
747 4946 787 5003 sic
799 4945 872 5006 vivat

66 5040 104 5098 dc
117 5054 165 5098 co.

102 5129 132 5188 3.
147 5130 185 5187 Ει
198 5128 281 5200 hujus
296 5129 407 5203 quidem
432 5127 589 5186 mutationis
608 5131 808 5183 sacramentum
827 5123 872 5182 dia

66 5219 226 5277 Nativitatis
248 5218 418 5276 celebratum
442 5225 495 5289 est,
525 5216 635 5290 quando
662 5213 783 5271 Verbum
808 5228 872 5270 caro

66 5307 238 5381 Iactnmest,
254 5322 318 5367 cum
332 5308 368 5365 sit
395 5307 486 5366 omnis
513 5321 577 5364 caro
601 5305 706 5362 lenum.
722 5304 784 5376 Ipsa
806 5318 872 5379 ergo

68 5398 114 5459 die
128 5398 286 5460 minoratus
300 5408 342 5459 est
354 5398 435 5475 paulo
450 5398 541 5456 mInus
554 5395 596 5470 ¹ab
607 5392 724 5468 angelis,
738 5400 766 5450 et
779 5391 872 5453 babitu

199 5506 323 5569 Parnon.
341 5505 515 5568 CLXXXIII.

923 4781 989 4824 vero
1016 4765 1185 4821 celebramus
1213 4765 1286 4836 quod
1300 4773 1412 4822 catenas
1436 4774 1464 4822 et
1491 4767 1598 4824 vincula
1626 4772 1719 4825 nostra

924 4853 1053 4928 suscepit.
1079 4852 1166 4909 Hodie
1189 4852 1261 4909 enim
1281 4853 1326 4927 qui
1350 4860 1493 4927 peccatum
1508 4870 1563 4912 non
1587 4856 1664 4925 fecit,
1690 4861 1720 4913 ut
1755 4868 1759 4876 ·

925 4958 989 5001 reos
1003 4942 1167 5012 absolveret,
1188 4941 1314 4997 innoxias
1331 4958 1428 5000 manns
1450 4959 1544 5002 eorum
1559 4946 1662 5004 catenis
1675 4943 1719 5001 in-

925 5033 1026 5104 seruit,
1043 5030 1123 5089 bodie
1137 5030 1263 5102 sublege
1277 5030 1363 5088 lactus
1373 5040 1425 5101 ιιι,
1437 5033 1484 5107 qui
1497 5035 1587 5109 legem
1597 5034 1683 5094 dedit.

961 5121 1058 5178 5.·Sed
1072 5119 1217 5176 dicendum
1238 5121 1349 5186 estjam
1373 5121 1438 5194 quid
1453 5123 1480 5178 in
1508 5127 1560 5181 hac
1573 5121 1720 5181 circumci-

926 5212 1002 5269 sione
1016 5208 1095 5266 nobis
1109 5205 1284 5278 spiritualiter
1298 5207 1432 5268 indicetur
1460 5212 1606 5287 agendum.
1626 5209 1723 5286 Neque

927 5302 1000 5361 ιοίιιι
1019 5300 1078 5357 sine
1090 5312 1171 5356 causa
1184 5295 1213 5353 in
1224 5295 1287 5370 lege
1309 5309 1487 5377 preceptum,
1502 5319 1555 5361 nec
1568 5302 1628 5361 sine
1640 5317 1723 5361 causa

928 5389 1092 5465 completum
1107 5385 1190 5448 estin
1205 5385 1330 5460 Domino,
1345 5399 1374 5450 ut
1397 5401 1492 5452 octava
1509 5391 1553 5452 die
1567 5390 1647 5454 lieret
1674 5389 1727 5454 cir·

1584 5504 1601 5562 5
