3734 5948
73 237 144 301 1033
693 245 862 311 multis
877 247 913 314 IN
930 249 1081 313 emulus
1649 255 1717 317 tuat

71 363 151 422 babis
165 366 333 439 patientiam,
346 367 370 423 si
390 367 465 426 solos
478 367 622 428 admiseris
640 381 807 445 mansuetos,
822 374 868 430 in·
884 388 909 470 g
926 391 989 433 snas
1002 376 1180 436 necessitates
1199 377 1358 450 sustineant,
1373 391 1455 451 quam
1468 378 1552 449 patris
1569 378 1718 452 spiritualis

72 451 181 525 quietos
199 455 371 513 excluseris?
923 472 1000 538 grata
1024 467 1141 523 andmnt
1164 465 1218 522 otia
1235 472 1338 522 temere
1371 464 1526 537 pertubare.
1550 466 1619 522 Nam
1643 469 1718 538 justa

106 543 135 597 Ἰ.
164 543 232 601 Sunt
255 555 343 602 umen
370 547 404 603 de
431 546 476 604 iric
493 548 667 619 sedentibus,
692 550 739 623 qui
766 554 867 610 utinam
922 554 1065 627 trepidatio
1087 555 1263 626 parvulorum
1277 553 1419 611 maniieste
1434 554 1535 628 signat,
1548 555 1656 612 sudbse
1668 571 1718 614 eos

72 645 192 700 praesens
203 633 348 706 capitulum
362 635 492 692 attentius
509 637 695 698 observarent.
708 640 868 715 cogitarent
920 643 994 700 intus
1014 643 1105 716 quasit
1127 642 1262 699 minacem
1289 650 1372 716 atque
1402 642 1610 715 increpatoriam
1643 644 1718 702 illius

71 728 154 789 certe,
169 732 269 792 quanta
292 723 448 794 prepositis
472 727 622 783 reverentia
644 727 783 801 debeatur,
798 746 867 803 quos
920 731 1016 802 procul
1029 731 1112 789 dnbio
1124 746 1229 801 vocem,
1248 731 1335 802 quiin
1349 731 1484 804 propheta
1503 731 1621 803 loqnitnr
1637 750 1644 791 :
1660 735 1716 806 Sqo

72 815 173 868 umere
187 811 373 884 inquietando,
383 813 446 869 coeli
459 829 568 886 qnoque
588 815 693 872 civibus
707 833 737 874 se
749 819 867 876 reddunt
919 822 971 894 qni
985 819 1082 894 loquor
1090 822 1242 893 justitium
1255 819 1323 891 (isc.
1337 819 1717 894 nxnv,l].l'oxe1ns,iuspi·

71 895 184 954 iniestos
211 916 218 952 ι
243 905 270 955 et
292 900 371 957 nobis
393 901 464 958 forte
486 903 637 975 plnsmlnm
658 905 735 963 solito
754 922 866 979 parcere
919 907 987 964 ratio
1006 909 1065 977 ains
1079 914 1131 973 est,
1147 923 1178 965 ac
1189 908 1258 978 justi
1272 909 1375 964 timoris
1389 907 1518 965 incussio.

70 983 179 1042 demum
202 986 360 1060 inciperent,
375 1005 426 1047 nec
439 997 493 1047 tam
515 993 697 1051 irreverenter
719 994 866 1069 leviterque
954 1000 981 1051 a.
997 996 1140 1067 Comperta
1162 1011 1229 1068 ergo
1248 999 1297 1053 bac
1320 1011 1398 1065 vooe,
1418 1012 1518 1067 sponsa
1540 997 1665 1071 gaudens
1687 1005 1715 1054 et

70 1088 100 1130 se
120 1074 178 1143 jam
199 1075 353 1159 ingererent
373 1095 435 1135 cnm
458 1095 593 1137 vacamus.
607 1082 686 1154 :llam
713 1086 778 1140 satis
798 1085 865 1142 milri
918 1083 1071 1142 exsultans:
1091 1082 1202 1141 tuas
1229 1086 1292 1155 Vna,
1306 1084 1404 1156 inquit,
1425 1084 1521 1142 osuiu
1538 1087 1605 1142 ma.
1620 1085 1716 1141 Amica

69 1163 102 1216 ad
127 1162 279 1221 feriandum
297 1182 313 1221 a
335 1168 598 1238 supervenientibus,
614 1180 644 1228 ιιι
665 1172 733 1228 bene
754 1183 864 1241 norunt,
918 1179 968 1243 est,
988 1181 1015 1228 et
1033 1171 1133 1244 gaudio
1147 1173 1247 1244 gaudet
1261 1183 1472 1245 propteruocem
1492 1172 1597 1244 sponsi.
1623 1173 1655 1228 lit
1668 1173 1716 1228 ad·

69 1254 227 1309 conceditur
238 1254 317 1326 hora,
328 1255 409 1312 etiam
420 1271 481 1314 cum
495 1258 549 1330 ipsi
561 1275 605 1316 mc
621 1264 649 1315 ιιι
668 1259 742 1318 omni
757 1261 864 1332 paden-
919 1259 959 1315 dit
970 1277 977 1316 :
988 1261 1059 1319 Ecce
1069 1262 1119 1317 iste
1133 1262 1210 1319 venit
1224 1262 1329 1319 saliens
1338 1261 1530 1328 tumentibus,
1547 1263 1714 1319 transiliens

68 1337 105 1396 tia
134 1342 315 1403 sustinebunt.
344 1345 441 1402 Verum
474 1361 528 1420 ego
553 1349 739 1420 scrupulosius
766 1366 865 1409 moveo
918 1350 1012 1408 octies
1028 1349 1172 1422 Comperta
1194 1367 1227 1407 er
1251 1350 1343 1407 auditu
1357 1351 1434 1408 vocis
1451 1349 1540 1408 dilecti
1559 1353 1714 1421 praesentia,

68 1426 220 1486 istiusmodi
247 1433 404 1505 querelam,
433 1450 468 1490 nc
495 1435 558 1509 qnis
585 1436 655 1495 iorte
686 1438 864 1510 pusillanimis
919 1436 1103 1494 incunctanter
1125 1437 1242 1494 intendit
1259 1437 1329 1494 bene
1354 1437 1478 1495 curiosos
1499 1439 1592 1495 oculos
1615 1439 1649 1493 sd
1673 1438 1715 1494 vi·

67 1532 152 1590 supra
174 1518 244 1575 vires
262 1521 379 1594 propriae
402 1523 536 1595 patientie
559 1524 710 1584 dissimules
732 1542 865 1586 anem.
918 1523 1037 1582 dandum
1061 1541 1141 1598 quem
1165 1525 1298 1582 audierat.
1326 1525 1443 1582 Auditus
1466 1525 1541 1582 ducit
1558 1526 1592 1582 ad
1614 1526 1714 1594 visum,

68 1605 194 1664 sitatibus
215 1608 283 1681 suis,
297 1609 363 1667 dum
386 1627 429 1669 me
451 1613 599 1687 inquietare
620 1625 743 1673 veretur.
759 1617 863 1690 Super·
918 1612 981 1686 quia
999 1611 1221 1673 fidssexauditu
1234 1614 1324 1685 (uon.
1346 1628 1377 1681 x,
1398 1614 1454 1685 Π),
1470 1630 1523 1687 qus
1536 1614 1619 1672 corda
1634 1630 1715 1669 nun·

68 1695 152 1751 sedeo
173 1695 269 1770 igitur,
289 1706 319 1754 et
341 1715 376 1757 ne
397 1702 487 1775 magis
508 1703 684 1777 impatientiae
706 1709 862 1778 exemplum
878 1665 903 1746 Β
919 1702 1025 1771 dantur,
1045 1710 1075 1758 ut
1098 1703 1185 1775 possit
1215 1702 1303 1760 videri
1324 1704 1419 1761 Deus:
1436 1702 1477 1759 sic
1504 1703 1579 1760 enim
1606 1704 1714 1760 babes:

67 1781 160 1841 videar
173 1784 238 1841 dare
260 1786 385 1846 infirmis.
396 1789 490 1847 Pusilli
509 1791 616 1849 Dommi
637 1803 701 1850 sunt
722 1795 863 1854 amenus
918 1791 986 1849 stoc
1008 1790 1153 1848 mamm
1175 1791 1260 1849 cordo
1283 1790 1356 1863 (Act.
1376 1807 1427 1861 xv,
1448 1793 1488 1862 9).
1512 1791 1592 1849 Videt
1622 1793 1716 1867 itaqua

69 1872 96 1926 in
110 1887 188 1946 cnm;
205 1890 260 1931 non
283 1877 368 1947 patior
383 1889 413 1936 nt
436 1895 469 1936 ex
482 1896 527 1937 me
550 1881 706 1939 scmdalum
728 1885 865 1955 patiantur
917 1880 1082 1947 venientem,
1111 1894 1194 1951 qnam
1221 1880 1376 1953 loquentem
1398 1879 1529 1952 andierat,
1552 1883 1716 1940 observante

69 2057 162 2108 antem
190 2050 243 2123 ipsi
270 2069 313 2111 me
339 2062 449 2113 utantur
471 2064 501 2114 nt
527 2057 593 2116 libet
608 2074 616 2118 t
632 2067 734 2117 tantum
754 2071 783 2118 ιιι
799 2061 867 2121 salvi
918 2058 1079 2129 Prophetam
1101 2057 1255 2130 descriptus
1278 2067 1321 2114 est
1344 2060 1381 2114 lta
1395 2074 1402 2113 ι
1417 2058 1502 2128 Audi,
1521 2058 1594 2129 filio,
1609 2062 1639 2115 et
1651 2061 1717 2118 otds

69 2138 145 2196 liant.
174 2141 289 2199 Parcent
307 2143 372 2200 mihi
397 2145 421 2200 si
449 2161 505 2203 non
529 2149 715 2220 pepercerint,
739 2158 767 2207 ct
784 2149 813 2206 in
832 2165 867 2208 eo
919 2147 1006 2218 (Psoi.
1026 2162 1103 2215 xuv,
1129 2147 1184 2218 ll).
1209 2146 1242 2203 iit
1257 2154 1286 2202 ut
1304 2146 1406 2202 certius
1420 2148 1551 2212 advertas,
1572 2161 1714 2214 nonmso,

69 2228 160 2298 potius
180 2229 358 2303 requiescam,
373 2232 397 2289 si
420 2249 474 2291 uon
495 2251 537 2292 me
556 2237 706 2309 inquietare
730 2237 867 2295 timuerint
920 2251 1008 2307 nequa
1029 2235 1150 2304 iortuito,
1175 2235 1224 2292 scd
1249 2234 1283 2291 de
1310 2235 1399 2291 studio
1422 2235 1508 2307 magis
1527 2245 1556 2292 et
1573 2235 1715 2304 industris,

70 2331 120 2388 pro
142 2319 350 2378 necessitatibus
377 2322 443 2380 suis.
467 2324 568 2381 Geram
590 2326 630 2382 eis
654 2341 757 2384 ctorem
778 2329 866 2399 quoad
920 2326 956 2381 ob
975 2325 1046 2380 illam
1062 2325 1164 2382 scilicet
1187 2324 1318 2381 rationem
1340 2339 1422 2396 quam
1437 2323 1626 2395 premisimus,
1641 2325 1718 2382 andi·

70 2414 204 2476 potuero,
229 2414 256 2464 et
278 2409 305 2464 in
328 2410 395 2482 ipsis
418 2412 533 2470 serviam
559 2414 618 2471 lieo
639 2429 721 2486 meo,
746 2417 867 2489 quandin
921 2420 977 2470 tum
999 2414 1051 2469 boc
1073 2414 1135 2470 loco
1162 2413 1335 2485 praemissnm
1350 2412 1433 2484 visni;
1463 2413 1526 2470 vids
1547 2413 1572 2468 si
1596 2427 1651 2471 non
1672 2414 1719 2472 bic

70 2492 159 2562 luero,
174 2495 203 2551 in
220 2497 350 2555 charitate
364 2515 420 2557 non
433 2498 575 2561 fiennon
594 2518 716 2576 qnaeram
730 2520 793 2577 que
807 2520 869 2562 mea
921 2502 989 2559 ordo
1013 2503 1198 2558 verboruma
1222 2509 1447 2574 sanctoquoque
1477 2502 1529 2559 lob
1556 2503 1718 2562 commeans

70 2591 150 2653 sunt,
165 2600 216 2641 nec
237 2587 310 2659 qnod
333 2588 399 2644 mibi
416 2599 458 2647 est
475 2591 549 2657 nula,
564 2593 611 2648 sed
633 2594 707 2664 qnod
726 2594 827 2666 multis,
840 2593 868 2651 id
921 2587 1068 2658 invenitur,
1089 2587 1316 2661 nbisicloquitur
1336 2590 1411 2645 Deo:
1430 2588 1538 2648 dadila
1559 2591 1639 2647 nuris
1661 2606 1718 2648 aas·

71 2670 139 2727 milri
167 2673 232 2730 utile
255 2675 392 2745 judicabo.
407 2679 465 2734 Hoc
492 2680 579 2738 solnm
605 2681 746 2755 deprecor,
766 2691 798 2738 ut
823 2681 869 2739 fist
928 2677 1168 2747 divitarium
1182 2678 1281 2735 oculus
1304 2694 1386 2736 meus
1400 2677 1475 2736 videt
1490 2682 1517 2737 tc
1531 2677 1590 2750 (lob
1598 2678 1718 2751 maii).

71 2770 214 2834 acceptum
235 2763 275 2820 eis
302 2765 523 2840 fructuosumque
551 2768 731 2827 ministerium
758 2786 870 2841 meum,
927 2765 1022 2822 Sedet
1044 2767 1091 2823 ubi
1105 2766 1223 2839 Spiritus
1247 2775 1356 2823 sanctus
1370 2782 1452 2840 super
1474 2769 1615 2839 apostolos
1629 2768 1659 2826 in
1676 2767 1721 2825 die

72 2848 97 2904 si
111 2850 182 2907 torte
205 2853 249 2908 vel
261 2868 296 2908 ex
309 2856 363 2910 boc
375 2854 509 2914 inveniam
528 2858 557 2915 iu
575 2857 619 2916 dic
631 2859 700 2915 mala
716 2860 871 2918 misericor·
924 2855 1099 2913 Pentecostes
1117 2854 1290 2912 descendisse
1311 2865 1486 2924 memoratur,
1507 2871 1598 2912 ¹¹0ss&
1614 2856 1721 2913 ⁸¹¹diil¹⁸

71 2938 144 2994 diam
159 2939 188 2995 in
202 2941 290 2997 oculis
314 2943 400 2999 Patris
413 2960 507 3002 eorum
525 2947 606 3004 simul
631 2955 657 3004 et
670 2949 765 3021 sponsi
778 2949 872 3006 Eccle-
925 2944 1013 3002 ιίιιιιιι
1047 2944 1211 3016 praevenisse
1222 2944 1402 3000 describitur?
1424 2943 1470 3000 Ait
1492 2944 1589 3000 enim:
1615 2943 1720 3004 Factus

71 3025 119 3082 sim
131 3027 195 3085 Jesu
214 3030 313 3086 Christi
336 3032 444 3089 Domini
459 3037 554 3104 nostri,
570 3036 693 3108 quicum
711 3053 745 3096 eo
768 3047 809 3096 est
821 3055 868 3097 su·
882 3039 966 3129 0⁶⁸2
976 3037 1093 3108 repente
1106 3033 1216 3090 manu
1225 3047 1311 3090 sonam
1325 3036 1462 3105 icamiam
1474 3033 1721 3105 mimastrens-

72 3131 120 3187 per
131 3119 221 3174 omnia
235 3120 307 3177 Deus
321 3123 479 3181 benedictus
492 3123 520 3180 in
535 3127 644 3183 secula.
659 3131 757 3186 Amen.
921 3125 998 3180 ritus
1016 3123 1205 3180 vehementis!
1223 3130 1248 3176 et
1272 3120 1342 3177 inira
1359 3137 1365 3174 :
1386 3122 1422 3177 ut
1442 3125 1642 3195 apparuerunt
1659 3121 1720 3179 iilis

367 3229 484 3288 ggpgqo
502 3232 569 3288 ΗΠ,
922 3212 1080 3285 dispertitae
1099 3213 1203 3285 licque
1218 3216 1356 3284 tuaquom
1373 3210 1617 3285 instructus,
1639 3209 1677 3284 3).
1687 3211 1722 3267 iit

72 3329 676 3461 a

226 3441 232 3460 .
254 3422 542 3479 pensuspersuomto
552 3416 644 3468 terras
685 3417 869 3483 amatummcu
1140 3405 1173 3462 Ι)θ
1187 3404 1294 3462 ωρωθθ
1323 3406 1339 3447 ⁰
1709 3428 1718 3460 ι

105 3489 159 3547 per
167 3478 335 3548 mysterium
345 3479 554 3538 insufflationis
567 3498 637 3539 sum.
924 3478 1056 3553 quoniam
1070 3488 1100 3536 tu
1123 3494 1243 3551 quoque,
1260 3481 1284 3536 si
1297 3493 1378 3536 curas
1390 3493 1499 3551 operam
1514 3479 1581 3535 dara
1594 3480 1722 3549 baiuscsa
1820 3510 1830 3525 ·

109 3565 136 3618 1.
151 3563 207 3623 Vox
231 3564 327 3623 dilecti
347 3567 404 3624 mci
422 3567 520 3639 (Cant.
539 3586 569 3640 n,
589 3572 628 3643 8).
644 3571 749 3632 Vidsns
767 3589 869 3647 sponsa
923 3569 998 3626 modi
1021 3567 1202 3644 inquisitioni,
1224 3568 1325 3642 poteris
1347 3569 1441 3640 etipse
1460 3566 1585 3625 lortassis
1611 3567 1641 3623 in
1659 3566 1720 3624 aliis

72 3665 171 3707 nonam
189 3652 449 3711 adolescentularum
472 3659 673 3730 verecundiam,
689 3670 717 3718 ct
737 3677 870 3720 verecnn·
922 3658 1068 3729 Scriptura
1085 3657 1152 3715 locis
1165 3657 1296 3714 nonnulla
1315 3655 1416 3712 similia
1440 3655 1566 3726 reperire.

72 3739 136 3796 dum
152 3739 286 3807 timorem,
302 3744 374 3813 qnod
388 3742 492 3812 scilicet
505 3745 546 3815 ⁹dc
561 3761 631 3805 nouo
653 3750 801 3821 caepissent
813 3767 868 3810 non
958 3751 984 3805 3.
1002 3747 1080 3804 Nunc
1094 3746 1152 3815 jam
1162 3744 1228 3801 illud
1241 3744 1457 3813 consideremus,
1471 3743 1545 3815 quod
1560 3741 1718 3816 diligentio-

71 3827 172 3885 audere
186 3845 216 3885 se
230 3828 354 3904 ingerere
368 3843 462 3890 sancto
485 3834 541 3892 otio
554 3834 653 3909 ipsius,
665 3853 713 3894 nec
726 3838 797 3895 sicot
811 3841 870 3898 lieri
922 3837 961 3892 ris
978 3843 1040 3908 eget
1052 3831 1244 3907 inquisitionis,
1258 3841 1284 3888 et
1296 3829 1461 3890 difficiliores
1482 3832 1563 3889 babet
1577 3846 1718 3904 amasam,

71 3924 98 3972 et
113 3918 309 3977 nudiustertius
324 3923 443 3979 molestae
457 3922 516 3980 lieri
537 3924 691 3999 quiescenti
705 3925 734 3982 in
749 3929 870 3986 contain-
922 3923 957 3980 ad
970 3923 1044 3996 quod
1064 3921 1192 3979 nimirum
1205 3920 1315 3978 omnino
1330 3937 1373 3978 me
1387 3936 1469 3995 cgere
1479 3920 1567 3978 lateor
1581 3921 1720 3992 adjutorio

71 4005 190 4077 piatione
204 4021 398 4080 presumerent
412 4029 420 4068 z
435 4015 558 4088 agnoscit
580 4013 634 4073 boo
647 4015 698 4074 sibi
714 4017 870 4089 provenisse
921 4013 1037 4087 Spiritus
1050 4012 1146 4080 sancd,
1161 4019 1190 4067 nt
1203 4026 1306 4083 ponere
1319 4010 1347 4067 in
1367 4010 1456 4069 lucem
1471 4011 1583 4083 possim,
1604 4010 1651 4084 qui
1663 4011 1718 4067 sint

72 4109 138 4149 cura
151 4103 178 4151 et
198 4111 282 4168 opera
306 4102 416 4173 sponsi3
432 4108 460 4159 et
483 4105 619 4161 exsultans
637 4106 665 4162 in
688 4105 797 4178 spiritu,
812 4106 870 4163 sive
923 4102 961 4159 iili
989 4111 1096 4160 montes
1122 4115 1174 4157 seu
1197 4101 1292 4168 colles,
1316 4115 1400 4173 snper
1420 4114 1491 4173 quos
1514 4101 1666 4170 salientem,
1690 4105 1719 4155 st

72 4197 122 4255 pro
137 4183 241 4241 illarum
264 4190 396 4259 proiecta,
414 4206 505 4264 quan
528 4193 611 4250 nimia
624 4206 651 4250 et
669 4193 807 4268 superllns
826 4195 870 4251 in·
924 4191 1115 4249 transilientem
1136 4204 1196 4260 eos,
1210 4188 1333 4247 Ecclesia
1346 4204 1477 4262 sponsum
1498 4188 1567 4244 laetis
1586 4188 1720 4261 spectavit

72 4273 230 4343 quietudine
258 4290 480 4354 compescuntur3
506 4281 566 4339 siae
585 4298 635 4355 pro
662 4299 714 4340 sua
740 4286 870 4356 deinceps
924 4280 1069 4348 obtutibus,
1085 4279 1166 4336 credo
1188 4294 1250 4336 cum
1274 4287 1430 4351 properaret
1449 4275 1484 4332 nd
1507 4276 1595 4347 ipsine
1609 4277 1716 4333 redem-

72 4360 162 4418 iutnrs
177 4361 297 4420 liberiori
319 4366 419 4437 quiete,
434 4367 491 4428 siva
510 4372 593 4428 etiam
607 4388 657 4446 pro
671 4373 829 4446 dignatione
842 4383 869 4433 et
885 4327 909 4408 n
923 4370 1054 4443 plisnam,
1064 4369 1144 4439 cujus
1151 4369 1323 4440 concupierat
1333 4366 1468 4423 decorem.
1483 4365 1551 4421 Nam
1566 4365 1594 4421 id
1609 4365 1718 4438 quidem

73 4448 165 4507 siim
179 4452 282 4521 δΡθῦδί.
297 4454 365 4513 adeo
384 4457 498 4527 probae
518 4459 577 4532 ipsa
592 4463 653 4532 ejus
667 4456 758 4535 quiete
775 4464 868 4522 aelan-
924 4466 1068 4533 propterea
1077 4457 1114 4512 ita
1130 4465 1157 4513 et
1170 4471 1223 4513 non
1238 4456 1320 4511 dubie
1334 4454 1476 4520 senserim,
1491 4454 1617 4527 qnoniam
1629 4454 1718 4512 simile

73 4539 118 4607 iis,
135 4549 163 4595 ct
178 4547 253 4598 lanto
267 4542 356 4600 studio
378 4544 546 4603 defensantis
564 4551 725 4608 suavissima
742 4555 797 4611 otis
811 4568 869 4622 sua,
923 4550 987 4623 qnid
1002 4550 1036 4602 de
1054 4545 1188 4617 Propheta
1205 4542 1324 4601 occurrit
1339 4544 1413 4611 milii,
1428 4542 1566 4601 evidenter
1580 4543 1608 4599 in
1620 4542 1719 4614 spiritu

73 4626 129 4683 imo
158 4630 248 4686 studia
274 4630 484 4703 ferventissima,
513 4638 550 4694 ait
578 4636 630 4694 boc
660 4640 747 4697 lacere
774 4656 869 4699 rocem
923 4636 1091 4710 praevidente
1120 4642 1146 4691 et
1169 4633 1336 4704 exprimente
1370 4631 1520 4691 salvatoris
1546 4633 1716 4690 adventum:

73 4715 166 4773 dilecti
177 4718 229 4787 sui,
245 4720 327 4790 hujus
349 4722 389 4778 rei
412 4723 499 4797 gratia
511 4724 611 4781 iactam
633 4727 666 4783 ad
680 4727 751 4786 illas.
766 4729 870 4787 Etenim
924 4728 958 4785 io
967 4724 1128 4799 anteposuit
1139 4723 1355 4782 toimcuinm
1369 4739 1463 4794 suom,
1474 4727 1502 4781 et
1511 4724 1571 4797 ipse
1581 4726 1718 4796 tanquam

74 4802 157 4876 isqui
171 4805 231 4862 aliis
254 4817 354 4879 praeest
368 4809 397 4866 in
420 4811 612 4880 sollicitudine,
625 4813 670 4873 vix
683 4832 813 4888 unquam,
828 4819 869 4876 vel
925 4811 1718 4890 spamusproccoemoctantmmmo.uautunitatqiqcs

75 4908 137 4950 raro
159 4911 258 4953 secure
282 4907 358 4956 vacat
382 4899 524 4970 cibidum
539 4919 648 4977 semper
670 4908 745 4962 timet
759 4907 801 4963 sui
824 4923 872 4980 pc·
925 4903 1145 4962 occurrendum
1153 4901 1720 4974 nicmrosnmmceoeiosqrcssioejus‚st

75 4981 182 5039 nuriam
205 4985 294 5044 lacere
317 4989 445 5057 subditis,
464 4999 491 5048 et
513 5007 568 5048 non
590 4994 696 5063 placere
714 4995 781 5063 ileo,
798 4997 872 5069 quod
925 4989 1718 5067 occursamejususqucudsommumejustl'sai.xvut,d,⁴l).
1768 4994 1770 4998 ’

75 5074 213 5128 mmmnni
227 5075 334 5132 utilitati
349 5080 486 5151 propriam
506 5081 615 5153 praelert
627 5083 744 5154 quietem
766 5094 793 5143 et
805 5099 873 5141 con·
926 5083 1028 5139 Cursus
1050 5092 1078 5138 at
1097 5095 1224 5137 recursus
1246 5080 1270 5136 ia
1295 5079 1453 5135 notissimus
1463 5085 1520 5149 est;
1535 5092 1631 5150 aquo,
1645 5091 1671 5134 et
1685 5077 1720 5134 sd

76 5161 259 5232 templationis
283 5165 465 5225 dulcedinem.
479 5170 540 5227 Non
562 5181 652 5229 antem
664 5188 757 5245 purum
779 5173 873 5248 gandii
926 5172 989 5245 qnid
1026 5169 1108 5225 initus
1139 5180 1407 5240 consummatusque,
1434 5166 1615 5223 notissimum.
1649 5165 1720 5237 Quid

75 5258 103 5307 at
130 5252 285 5310 securitatis
312 5258 416 5314 accedit
440 5256 574 5316 interdum
603 5262 719 5321 anamim
745 5261 871 5331 ferianti,
926 5257 1031 5335 igitnri
1043 5257 1186 5333 pingemus
1205 5256 1294 5327 nobis,
1313 5255 1371 5311 aive
1390 5257 1417 5312 in
1431 5256 1544 5326 psalmis
1562 5257 1613 5311 ista
1627 5255 1721 5328 legen·

75 5355 136 5398 cum
151 5357 184 5399 ex
199 5351 272 5401 metu
285 5345 404 5418 quodam
418 5355 446 5405 et
459 5348 612 5407 reverentia
629 5365 695 5423 erga
706 5366 737 5408 sc
750 5351 874 5410 immissa
926 5359 976 5418 tes,
992 5350 1051 5406 sive
1062 5349 1091 5404 in
1107 5345 1238 5419 presenti
1251 5345 1368 5415 cantico,
1384 5347 1474 5403 virum
1497 5345 1636 5421 giganm
1654 5358 1721 5416 pro·

75 5429 205 5490 divinitus
228 5435 355 5492 cordibus
370 5436 549 5509 subditomm,
565 5438 691 5514 intelligit
712 5455 790 5498 snam
812 5442 872 5500 Deo
926 5445 1123 5504 oeraestaturas,
1139 5435 1261 5493 absentis
1275 5435 1426 5508 cuiuspiam
1440 5433 1605 5492 mulierculae
1629 5448 1723 5492 amore

75 5517 181 5593 illm
199 5523 327 5597 quietem,
339 5523 387 5598 (lui
404 5524 469 5584 [²011
480 5536 513 5587 nt
524 5527 564 5587 iili
585 5542 666 5604 aquo
679 5528 872 5604 nagissnm
926 5539 1045 5602 captum,
1069 5536 1106 5600 et,
1134 5528 1200 5586 dum
1222 5533 1352 5602 properat
1376 5525 1412 5584 ad
1433 5524 1540 5599 cupitos
1571 5524 1722 5599 amplexus,

185 5624 309 5685 Parnon.
329 5623 505 5686 CLXXXIII.
1582 5627 1616 5682 aa
