3734 5948
183 211 250 271 1067
665 208 691 267 S.
714 204 883 268 onnhthbt
901 201 1039 264 hbsshtls
1058 202 1374 266 utana-vlhtcrtsts
1763 207 1827 269 lffib

179 352 226 394 eos
248 335 350 391 tructus
375 331 439 386 fidei
462 339 645 396 assecuturos,
661 331 684 385 si
712 332 809 386 bonam
836 331 976 386 habuerint
989 341 1013 421 Α
1028 329 1135 386 ominus
1158 330 1326 388 intellectum
1340 343 1468 402 grossum
1487 337 1515 385 et
1533 338 1606 387 certe
1620 329 1769 401 borinum,
1786 338 1825 406 qni

179 424 351 482 novissimam
392 417 603 488 confessionem,
632 417 802 490 maximeque
833 421 855 474 si
889 417 976 474 carnis
1030 418 1114 474 Deum
1130 436 1184 475 non
1197 419 1388 478 intellexerunt
1402 435 1452 476 nec
1465 417 1493 474 in
1508 418 1639 491 operibns
1651 420 1723 480 Dei!

178 528 262 584 operu
275 508 455 578 eleemosynis
483 505 657 562 redemerint.
674 509 745 582 Ergo
769 507 847 578 primi
870 502 975 563 mil
1065 509 1093 562 e.
1107 506 1224 563 Nimium
1244 523 1288 562 me
1307 506 1423 563 tortasse
1446 514 1573 579 queratur
1589 508 1618 563 in
1636 508 1682 563 sui
1697 510 1826 584 suggilla-

178 601 297 674 pleblum
318 598 421 654 tructus
441 611 489 652 nec
512 596 617 654 tructus
631 607 703 664 sunt,
720 613 772 653 non
788 597 874 668 magis
893 611 974 667 qnam
1029 592 1102 648 tione
1116 594 1238 667 ludaeos,
1254 595 1301 669 qui
1323 595 1491 652 intellectum
1512 594 1584 651 illius
1602 595 1666 653 dico
1688 597 1827 656 borinum.

176 689 274 745 ficuum
289 687 388 759 grossi.
400 686 522 757 Denique
537 685 559 739 si
573 686 669 759 dignos
685 686 856 756 postmodum
871 686 975 740 tructus
1028 680 1080 737 Sed
1104 683 1177 755 legat
1199 684 1227 739 in
1246 683 1324 751 isaia,
1341 690 1369 739 et
1391 684 1454 755 plns
1476 699 1557 755 quam
1576 683 1712 741 borinum
1734 688 1827 744 audim

176 775 343 849 paenitentiae
358 773 470 831 iecerint
491 773 643 845 (nonenim
659 774 733 847 prius
751 777 821 847 quod
836 773 975 846 spirituale
1029 771 1172 844 Copnooil,
1194 772 1291 846 inquit,
1308 773 1353 831 bos
1367 787 1552 846 possessorem
1565 789 1665 840 soom,
1682 778 1714 830 et
1737 777 1828 835 minsa

176 877 225 936 est,
247 866 294 920 sed
309 865 381 936 quod
397 863 510 919 animate
534 863 559 935 ll
573 865 634 922 Cor.
652 882 698 929 xv,
716 865 761 937 til
780 865 882 920 dicetur
895 863 970 918 illis:
1025 875 1149 932 presepe
1158 860 1425 919 dominisei:lsroel
1435 862 1625 935 eoacoeoooit
1633 877 1696 932 mm
1706 866 1828 937 popular

178 956 265 1024 Quem
278 955 409 1024 [ructum
422 951 560 1008 habuistis
576 956 646 1009 turre
661 957 692 1011 ic
707 955 805 1027 quibos
819 969 895 1010 enoc
910 968 974 1009 ere·
1025 963 1106 1005 meos
1124 966 1182 1007 oon
1206 951 1352 1008 intellexit
1368 951 1445 1020 (lsai.
1462 966 1484 1020 ι,
1498 950 1538 1020 3).
1553 948 1640 1006 Vides
1656 964 1714 1018 me,
1732 952 1827 1021 ludus,

174 1044 459 1112 beaeitistlllom.n1,
475 1042 532 1112 21),
1026 1036 1160 1093 mitiorem
1183 1038 1231 1094 tibi
1253 1041 1385 1112 propheta
1400 1046 1457 1094 tuo.
1480 1038 1539 1110 Ego
1562 1044 1590 1094 te
1612 1042 1828 1112 comparaniju·

209 1136 236 1188 ³.
252 1134 309 1204 ligo
325 1142 412 1187 tamen
428 1131 550 1187 hocloco
566 1146 623 1187 non
644 1130 766 1202 quemvis
782 1129 913 1203 populum
929 1128 971 1184 in·
1027 1125 1139 1194 mentis,
1165 1125 1209 1182 ille
1235 1126 1354 1195 subjicit.
1383 1124 1544 1197 Quanquam
1570 1125 1598 1180 in
1632 1141 1685 1183 sua
1716 1145 1828 1202 persons

177 1220 317 1292 terpretari
332 1221 444 1276 liberum
459 1228 523 1290 puto
540 1241 545 1276 :
565 1237 633 1275 nnus
648 1219 785 1292 signanter
799 1218 970 1290 exprimitur.
1027 1214 1156 1285 propheta
1177 1231 1233 1270 non
1254 1215 1321 1271 dixit
1335 1215 1395 1281 hoc,
1410 1215 1457 1270 sed
1472 1215 1501 1269 in
1516 1215 1575 1282 Dei,
1590 1214 1639 1286 qui
1655 1216 1750 1274 Deum
1765 1235 1795 1276 se
1806 1232 1828 1276 et

175 1310 271 1381 Neque
289 1309 373 1377 enim,
388 1309 568 1373 Protulerunt,
585 1308 662 1375 dixit,
683 1309 760 1378 quasi
783 1306 816 1362 de
828 1307 971 1378 pluribus3
1025 1301 1092 1373 ipsis
1106 1303 1234 1374 operibns
1248 1305 1365 1359 clamat:
1383 1305 1445 1360 litai
1458 1303 1539 1371 mibi,
1557 1303 1726 1375 inquientem
1741 1308 1827 1365 credi·

172 1398 222 1454 sed
236 1398 314 1469 quasi
323 1398 357 1453 de
367 1412 430 1466 una,
440 1399 573 1469 protulit,
586 1397 682 1467 inquit,
694 1399 767 1467 fieus
776 1412 882 1469 pressos
891 1411 970 1462 suom
1027 1391 1074 1455 tis,
1085 1391 1213 1462 operibus
1219 1392 1401 1449 credite-‘elsi
1408 1408 1467 1449 ann
1474 1392 1551 1463 socio
1557 1407 1643 1465 0on
1654 1393 1760 1451 Patris
1769 1397 1826 1462 mo,

170 1498 207 1554 et,
227 1494 256 1542 ut
274 1486 361 1542 sentio
374 1501 436 1557 ego,
450 1501 510 1557 quac
525 1495 569 1541 est
592 1485 668 1556 plebs
683 1485 848 1540 ludaeorum.
865 1483 971 1553 Quanta
1025 1481 1114 1537 nolite
1126 1481 1239 1536 credere
1253 1483 1341 1550 (loon.
1356 1495 1386 1547 x,
1399 1484 1442 1548 38,
1458 1482 1519 1551 st);
1537 1495 1586 1536 uec
1599 1479 1642 1536 sic
1656 1489 1752 1539 umen
1768 1484 1826 1558 ripi-

171 1577 198 1629 in
213 1575 282 1630 hanc
295 1573 421 1630 Salvator
437 1573 590 1643 parabolice
604 1573 632 1627 in
645 1573 791 1647 Evangelio
806 1573 878 1644 loqui
892 1572 970 1628 ride·
1025 1566 1081 1622 lant
1093 1570 1127 1621 ad
1142 1568 1360 1642 intelligendum.
1376 1570 1437 1625 Non
1451 1567 1516 1640 fuga
1526 1568 1695 1638 daemonum,
1708 1572 1826 1629 nouom

171 1663 275 1718 turiut
286 1670 327 1717 est
337 1660 402 1715 illud
416 1679 423 1715 :
437 1662 626 1730 rlrboremfici
634 1661 748 1718 trahebat
759 1661 873 1732 paidom
881 1660 969 1732 plnre-
988 1614 1126 1712 ndicutia
1149 1657 1355 1725 elomentorum,
1379 1672 1432 1715 non
1455 1657 1510 1714 rita
1528 1664 1711 1729 mortuorum,
1727 1660 1822 1718 besur-

171 1756 263 1807 totom
278 1752 310 1806 in
320 1752 401 1806 niaco
411 1766 463 1804 suo
478 1748 555 1818 (loe.
568 1763 631 1814 χιιι,
642 1753 671 1818 6)
686 1756 755 1817 etc,
769 1748 832 1804 item
848 1767 855 1803 ε
878 1749 971 1805 Videte
1025 1746 1076 1801 lem
1099 1747 1178 1813 hanc,
1203 1754 1229 1802 ct
1252 1746 1315 1819 plus
1333 1763 1413 1818 quam
1425 1746 1568 1804 bestialem
1582 1747 1784 1807 hebetudinem
1796 1751 1824 1806 ab

169 1837 322 1901 declarem
337 1840 365 1892 ct
379 1852 474 1892 omnes
486 1838 597 1892 arbores
612 1837 688 1907 (Luc.
705 1851 768 1904 xxa,
782 1839 827 1906 29)
846 1853 852 1892 :
872 1842 899 1891 et
912 1837 968 1890 Na·
1022 1835 1062 1889 eis
1085 1835 1222 1908 depellere
1244 1836 1328 1908 quirit
1343 1837 1358 1909 ε]
1371 1836 1406 1892 dc
1430 1852 1483 1908 qua
1510 1851 1566 1893 non
1593 1837 1690 1893 minus
1714 1835 1825 1896 mirabili

169 1924 287 1980 thanach
297 1926 466 1980 dictumest:
482 1926 686 1982 Cernoasessnb
696 1924 864 1994 fico‚oiditc
874 1924 967 1994 (loon.
1021 1940 1104 1996 quam
1116 1923 1262 1979 miserabili
1277 1924 1404 1981 caecitate
1425 1924 1525 1981 lactum
1543 1931 1595 1993 est,
1605 1931 1636 1983 ut
1647 1925 1678 1982 in
1693 1926 1762 1984 illud
1775 1931 1823 1983 tan

167 2030 187 2081 r,
204 2016 261 2084 iil.
276 2013 308 2068 lit
336 2029 445 2069 rursum
467 2013 602 2069 maledicit
626 2013 759 2080 liculueae,
777 2028 825 2083 pro
845 2027 879 2069 eo
894 2012 967 2084 quod
1021 2012 1196 2078 horrendum,
1212 2021 1319 2084 uroque
1337 2012 1484 2069 enormiter
1496 2028 1620 2087 grossum
1638 2012 1747 2073 lacinus
1766 2031 1823 2088 pro-

167 2115 222 2156 non
235 2100 337 2157 invenit
351 2101 378 2155 in
400 2116 434 2156 ee
457 2101 577 2158 fructum
593 2102 689 2173 (llere.
706 2117 746 2166 xi,
765 2105 809 2169 13,
827 2103 882 2172 rt).
897 2102 968 2157 Bene
1022 2098 1133 2165 rucrint,
1150 2099 1265 2155 Domino
1288 2099 1438 2175 maiestatis
1458 2102 1611 2172 injicientes
1630 2117 1728 2160 manus
1740 2105 1824 2162 seori·

166 2189 242 2254 licus,
258 2206 318 2259 qrrae
343 2190 414 2245 bona
436 2190 498 2245 hcet
521 2190 733 2260 patriarcharum
753 2190 840 2244 radice
854 2189 966 2260 prodie-
1021 2187 1105 2258 legas.
1128 2187 1232 2245 Extnnc
1255 2188 1345 2262 itaque
1360 2189 1414 2245 dici
1432 2190 1529 2260 potuit,
1543 2190 1608 2262 quia
1619 2191 1689 2262 fieus
1700 2194 1822 2265 protulit

167 2288 211 2344 nt,
229 2293 368 2348 nunquam
393 2285 481 2332 tannen
504 2281 530 2334 in
553 2280 636 2333 altum
665 2278 807 2351 proficere,
828 2293 965 2349 nunquam
1021 2292 1129 2348 pressos
1143 2293 1215 2344 soor,
1232 2293 1293 2332 curn
1305 2281 1361 2347 jam
1376 2278 1500 2337 videlicet
1514 2279 1718 2351 legitimaillius
1728 2281 1821 2354 populi

166 2381 195 2421 se
211 2368 291 2422 humo
303 2367 425 2422 attollere
440 2367 536 2434 voluit,
553 2384 691 2439 nunquam
706 2369 869 2437 respondere
884 2364 967 2423 radici
1021 2379 1082 2419 esse
1104 2374 1245 2434 coeperunt
1269 2367 1347 2438 quasi
1369 2366 1397 2420 iu
1419 2366 1494 2423 exitu
1517 2383 1601 2440 super
1619 2384 1759 2425 summoto
1774 2389 1783 2426 ι
1796 2379 1821 2425 ut

167 2453 328 2523 proceritate
353 2471 499 2524 ramorum,
516 2455 699 2528 generositate
721 2456 830 2526 llorum,
846 2456 967 2511 fecundi·
1023 2453 1101 2510 novis
1120 2455 1200 2524 iuxta
1219 2465 1339 2512 veterem
1359 2456 1538 2528 prophetiam,
1555 2457 1818 2528 supervenientibus,

166 2548 219 2595 tate
242 2541 388 2597 fructuum.
411 2544 478 2597 llale
508 2559 618 2612 prorsus
643 2544 692 2599 tibi
717 2559 777 2599 cum
806 2553 850 2598 tua
874 2544 966 2600 radico
1022 2552 1111 2598 uetera
1129 2540 1243 2600 1473
1268 2543 1463 2615 projicerentur
1476 2547 1572 2615 (levit.
1588 2559 1673 2612 xxva.
1688 2549 1746 2619 ιθ).
1765 2549 1819 2604 Non

89 2638 95 2650 ·
166 2630 304 2693 convenit,
337 2630 419 2685 orbor
451 2631 557 2699 pusilla,
587 2639 716 2699 tortuosa,
742 2634 853 2687 nodosa.
880 2632 965 2687 Radix
1019 2630 1101 2687 aliter
1114 2647 1188 2697 sane,
1204 2648 1285 2704 qnam
1300 2632 1437 2704 quomodo
1450 2633 1538 2706 grossi
1552 2634 1661 2705 cadunt,
1678 2644 1706 2692 et
1724 2635 1818 2693 cadum

164 2716 236 2772 enim
251 2728 354 2773 sancta.
369 2718 439 2787 Quid
454 2734 486 2773 ea
499 2719 611 2790 dignum
629 2720 681 2774 tnis
694 2728 806 2791 apparet
819 2720 844 2773 in
861 2720 961 2776 remisi
1020 2720 1223 2776 suborientibus
1247 2719 1352 2778 ficubus
1373 2721 1464 2777 bonis.
1489 2720 1628 2793 Quondiu,
1650 2720 1755 2796 inquit,
1770 2739 1816 2782 non

164 2806 257 2875 l'ieor,
273 2806 369 2879 inquit,
385 2807 506 2880 protulit
519 2824 627 2878 pressos
642 2825 716 2865 anos.
731 2809 792 2864 Non
812 2809 861 2864 hos
880 2809 964 2864 nobili
1020 2807 1137 2862 cessarit
1151 2807 1219 2863 licus
1234 2809 1382 2878 producere
1395 2823 1506 2880 grossos
1517 2823 1591 2877 suos,
1603 2823 1659 2865 non
1674 2820 1701 2866 te
1717 2813 1816 2880 ιοοιιι,

163 2894 281 2950 eradico
296 2898 409 2965 traxisti,
425 2912 517 2952 semen
534 2912 661 2967 nequam.
681 2896 761 2964 Quod
777 2896 804 2950 in
818 2914 849 2952 ea
865 2909 915 2962 est,
930 2899 963 2953 de
979 2882 1001 2961 Β
1017 2909 1033 2949 o
1056 2909 1167 2964 sponsa,
1183 2894 1272 2952 sciens
1287 2909 1340 2951 non
1359 2910 1510 2966 possenna
1525 2897 1636 2967 prodire
1654 2900 1777 2972 optimas
1789 2899 1816 2955 li·

164 2981 598 3055 Spiritnsanctoest;acperhoc
612 2985 711 3040 subtile
725 2993 809 3041 totum
824 3002 855 3041 ac
871 3003 962 3042 suane.
1018 3000 1075 3039 cus.
1099 2985 1177 3041 Nunc
1203 2990 1294 3039 autem
1319 2982 1456 3052 productis
1480 2984 1527 3056 qui
1551 2985 1626 3054 prius
1648 2987 1817 3057 producendi

161 3070 222 3128 libi
237 3072 308 3128 unde
332 3072 360 3127 hi
375 3072 485 3145 grossi?
504 3074 538 3128 Et
551 3089 613 3129 rere
635 3073 699 3145 qnid
720 3089 774 3131 non
793 3090 918 3148 grossum
935 3077 964 3130 in
1018 3079 1105 3140 erant,
1122 3086 1175 3127 non
1197 3069 1253 3144 jem
1274 3069 1462 3141 intempestive
1482 3069 1693 3133 miclitanum
1712 3076 1817 3133 borrlsr

163 3169 243 3237 gente
258 3161 320 3218 illa?
334 3163 389 3219 Nec
404 3174 479 3218 actus
499 3163 631 3234 prolecto,
648 3179 697 3219 nec
713 3162 836 3235 allectus,
852 3180 902 3220 nec
920 3166 962 3218 in·
1017 3161 1147 3215 salutares
1165 3158 1268 3215 fructus
1291 3157 1318 3213 in
1340 3155 1462 3227 proximo
1477 3170 1538 3212 esse
1557 3166 1722 3243 noscentur,
1741 3165 1817 3222 inub-

131 3291 135 3299 .
162 3249 301 3319 tellectus,
315 3251 363 3306 sed
378 3267 428 3307 nec
449 3252 527 3318 ritus,
542 3269 624 3324 quem
639 3253 665 3307 in
689 3253 804 3309 colendo
819 3255 902 3309 llenrn
919 3255 966 3308 ha·
1018 3246 1059 3302 les
1073 3245 1244 3317 expunctuti·

162 3339 230 3394 buit.
246 3338 315 3393 Nem
339 3347 415 3395 actus
440 3341 467 3394 in
491 3340 581 3407 bellis,
598 3340 714 3396 allectus
742 3342 768 3396 in
796 3343 877 3397 lucris
892 3349 964 3398 totns
1053 3338 1079 3393 6·
1093 3335 1266 3399 Nemvt'neoe,
1279 3332 1377 3405 inquil,
1390 3335 1524 3404 fiorentes
1535 3335 1646 3393 odorem
1660 3336 1819 3398 marnas:

160 3434 228 3490 erat,
255 3425 407 3482 intellectus
436 3426 462 3480 iu
490 3426 670 3484 crassitudine
698 3428 802 3496 litterae,
822 3430 909 3485 cultus
935 3430 963 3484 in
1015 3423 1087 3496 quod
1110 3422 1287 3479 nihilominus
1309 3423 1551 3494 appropinquantis
1566 3425 1670 3482 fructus
1688 3426 1817 3486 indictam

166 3512 298 3587 sanguine
315 3515 448 3585 pecudum
462 3521 489 3570 et
503 3525 697 3571 amaentorum.
1015 3522 1066 3567 est.
1081 3511 1131 3568 illc
1155 3512 1223 3568 odor
1248 3522 1390 3584 serpentes
1413 3511 1499 3586 lugat.
1515 3512 1598 3569 Aiunt
1611 3512 1817 3574 florescentibus

200 3604 226 3661 ι.
243 3604 278 3658 at
300 3602 367 3658 dicit
389 3601 486 3675 aliquis
502 3621 508 3657 :
525 3617 588 3659 cum
613 3602 763 3659 istiusmodi
782 3619 894 3676 grossos
907 3618 962 3660 non
1015 3601 1100 3657 vineis
1114 3615 1194 3657 omne
1209 3600 1303 3672 reptile
1317 3611 1478 3657 venenatum
1494 3602 1593 3658 cedere
1608 3603 1683 3669 loco,
1699 3620 1755 3664 neo
1775 3609 1815 3663 nl·

161 3692 305 3763 aliqnando
335 3691 458 3764 prolerre
479 3709 548 3766 gens
576 3691 621 3748 illa
645 3694 800 3764 cessaverit,
815 3708 882 3767 crgo
908 3708 963 3750 non
1016 3690 1121 3748 latenas
1142 3703 1274 3746 nouorum
1304 3687 1375 3746 lerre
1398 3689 1511 3746 odorem
1533 3691 1640 3747 llorurn.
1660 3689 1814 3762 Quodrolo

161 3781 305 3851 aliquando
322 3789 427 3852 tempus
445 3781 594 3852 putationis
608 3797 662 3838 non
678 3782 788 3850 exstitit,
803 3784 864 3853 qnia
880 3798 963 3838 unum
1015 3779 1151 3834 attendant
1175 3776 1268 3832 novitii
1291 3776 1389 3844 nostri,
1407 3785 1434 3833 et
1458 3776 1621 3834 fidedeliter
1638 3788 1737 3855 agant,
1751 3782 1814 3859 eopi-

162 3869 270 3939 utrique
290 3869 328 3922 rei
344 3877 451 3939 tempus
465 3869 580 3926 existere
600 3872 763 3942 perhibetur.
780 3870 839 3929 Non
853 3871 890 3926 ita
908 3878 961 3927 est.
1018 3876 1105 3922 tontes
1126 3866 1234 3938 qualem
1258 3864 1382 3936 spiritum
1398 3874 1571 3938 acceperunt,
1587 3867 1668 3938 cujus
1685 3870 1813 3941 primitias

47 3988 51 3996 ·
105 3971 107 3975 ⁴
163 3955 285 4013 Dicimus
306 3955 433 4013 mulieres
457 3956 528 4012 salios
551 3974 719 4030 procreasse,
740 3974 794 4014 non
816 3973 879 4014 cum
894 3974 960 4031 par·
1015 3954 1221 4011 daemonesnon
1240 3953 1386 4009 sustinent.
1402 3952 1430 4009 Si
1445 3953 1616 4011 sicnovitins
1636 3957 1812 4034 ferror,quld

163 4045 274 4111 luriunt,
289 4032 342 4100 sed*
360 4061 420 4102 cum
442 4046 500 4114 jam
515 4055 688 4117 pepererunt.
706 4046 827 4104 Dicimus
841 4056 868 4103 ct
881 4047 961 4103 arbo·
1014 4041 1066 4097 erit
1074 4042 1201 4100 absolute
1216 4041 1364 4114 perfectio?
1380 4041 1563 4114 Perpendatur
1576 4059 1608 4099 ex
1623 4044 1693 4102 ssore
1705 4048 1804 4106 tructos

165 4149 206 4191 res
220 4133 336 4190 edidisse
355 4133 437 4190 flores
452 4149 526 4204 suos,
543 4151 597 4191 non
620 4152 680 4191 cum
698 4137 832 4209 conperiat
851 4136 959 4204 llorere,
1014 4137 1040 4185 el
1054 4130 1160 4201 soporis
1175 4129 1262 4186 virtus
1282 4146 1314 4185 ex
1336 4129 1361 4187 ri
1375 4129 1522 4188 aestimetur
1536 4132 1639 4188 odoris.
1661 4135 1759 4196 Vim
1770 4137 1812 4208 fio

163 4222 211 4279 sed
226 4221 313 4292 potius
332 4237 392 4277 curn
408 4221 545 4279 desierint.
564 4224 602 4278 lte
617 4224 659 4279 hic
673 4239 781 4296 quoque
791 4225 892 4281 dictum
906 4237 958 4292 est,
1015 4222 1112 4277 rentes
1127 4219 1239 4275 odorem
1253 4217 1399 4275 eademne
1416 4218 1449 4274 Et
1462 4219 1489 4274 in
1503 4219 1637 4293 principio
1651 4223 1766 4295 quidem
1779 4225 1812 4281 sic

162 4306 226 4381 quia
246 4311 318 4380 liena
337 4311 462 4382 protulit
486 4328 592 4382 prossos
605 4329 678 4378 artos,
696 4328 749 4368 non
772 4328 834 4368 cunr
856 4312 963 4384 aliquos
1015 4308 1074 4364 init.
1099 4308 1140 4363 nd
1166 4306 1384 4379 praedicationem
1404 4325 1481 4365 novae
1495 4309 1589 4381 gratiae
1604 4322 1703 4370 secuta
1716 4323 1759 4371 est
1770 4331 1811 4372 no

162 4397 256 4468 edidit,
272 4398 320 4453 sed
335 4414 397 4455 cum
421 4406 502 4466 totos,
517 4400 545 4454 id
559 4410 610 4470 est,
623 4418 683 4457 cum
698 4401 732 4455 ad
748 4400 826 4456 tinem
842 4404 963 4472 pervenit
1016 4396 1084 4451 ritas
1104 4393 1166 4450 vite
1190 4393 1217 4447 in
1241 4394 1283 4449 his
1306 4395 1351 4466 qui
1374 4396 1553 4464 crediderant,
1568 4400 1614 4472 qui
1629 4406 1811 4461 concamio·

162 4486 255 4544 editio.
266 4486 373 4554 Quaeris
386 4503 442 4559 quo
465 4496 584 4559 ternpore
609 4489 761 4547 istiusmodi
779 4492 961 4561 complemen·
1015 4498 1077 4539 netu
1102 4498 1178 4538 suam
1201 4483 1271 4537 iuter
1298 4494 1394 4556 gentes
1416 4487 1548 4543 habentes
1575 4488 1690 4549 bonum.
1718 4492 1810 4550 Christi
1848 4500 1852 4557 l

161 4582 219 4632 tum
234 4576 271 4630 illi
287 4577 388 4649 populo
402 4577 518 4635 accidit?
532 4578 599 4634 Cum
621 4580 759 4636 Christum
773 4579 882 4646 occidit,
898 4589 961 4636 tunc
1014 4571 1403 4628 erlnlb0ffl¹⁸0d⁰fiss0mssi
1425 4573 1485 4631 ¹⁰0⁰
1505 4575 1546 4646 (Π
1566 4576 1809 4651 007·11.st.lil·
1849 4568 1852 4573 ’

161 4666 347 4737 completaest
360 4664 462 4720 malitia
477 4668 634 4736 ejus,jnxta
648 4669 720 4741 quod
735 4669 794 4740 ipse
807 4670 846 4724 eis
862 4669 960 4740 praedi-
1013 4661 1088 4719 Odor
1112 4660 1210 4733 bonus,
1240 4660 1422 4718 testimonium
1451 4664 1563 4723 bonnm.
1593 4666 1650 4723 lloc
1680 4669 1717 4725 de
1746 4670 1809 4726 bono
1848 4656 1853 4767 ἱ

161 4763 236 4810 xerat
246 4773 252 4811 :
262 4755 834 4827 lrnplclemensurompolromvestrorum
845 4757 957 4828 (hotto.
1013 4765 1095 4822 opere
1116 4759 1241 4820 unquam
1265 4751 1299 4804 (le
1324 4750 1390 4807 ilorc
1404 4751 1474 4807 odor
1488 4754 1620 4824 procedit.
1635 4755 1672 4810 Et
1686 4761 1809 4831 quernas

159 4855 222 4913 xxa,
239 4845 294 4913 32).
312 4843 388 4897 Unde
403 4843 430 4899 in
448 4841 565 4915 patibulo
582 4843 727 4899 traditurus
738 4845 793 4913 jam
810 4845 956 4914 spiritum:
1014 4839 1058 4893 lali
1082 4837 1151 4893 flore
1172 4844 1199 4892 el
1224 4837 1272 4893 lali
1297 4838 1380 4894 odore
1400 4840 1469 4896 inter
1502 4841 1652 4911 primordia
1681 4847 1811 4904 nascentis

162 4931 396 4988 consummet-nm
411 4935 464 4998 eat,
476 4930 664 5001 inquitllooo.
676 4946 733 5000 xxx,
745 4932 836 5001 30).0
852 4934 958 5002 qualem
1014 4928 1073 4982 lidci
1084 4925 1179 4981 fideles
1193 4925 1298 4993 animm,
1317 4925 1398 4982 veluti
1413 4927 1536 4999 quaedum
1551 4929 1708 5002 spirituales
1720 4935 1810 4999 vinem

158 5019 418 5077 consummationem
433 5018 506 5075 dedit
525 5020 631 5091 grossis
645 5019 702 5074 suis
716 5018 783 5075 licus
797 5021 855 5076 haec
870 5021 957 5076 male·
1013 5016 1119 5072 relcrtae
1140 5024 1333 5087 apparuerunt,
1348 5015 1479 5071 babentes
1505 5018 1693 5079 testimonium
1714 5023 1811 5080 bonum

156 5107 238 5176 dicta,
254 5116 281 5163 et
296 5108 412 5164 subinde
427 5121 525 5164 aeterna
543 5107 668 5163 ariditate
681 5108 822 5165 damnarat
839 5108 862 5166 0
877 5125 955 5182 quam
1010 5114 1037 5162 et
1051 5106 1085 5160 ab
1102 5104 1145 5158 his
1159 5103 1204 5174 qni
1219 5102 1284 5160 loris
1298 5111 1392 5173 erant3
1407 5120 1462 5161 non
1481 5105 1642 5180 incongrue,
1661 5119 1692 5165 ut
1707 5112 1809 5185 opinor,

156 5203 220 5252 sunt
235 5195 374 5254 novissimi
397 5199 507 5268 pelorcs
527 5196 675 5268 11·iorlbnsl
692 5198 826 5268 incipiens
841 5199 876 5253 ab
890 5197 955 5254 inu·
1010 5193 1124 5263 deipsis
1139 5191 1238 5250 dictum
1253 5192 1471 5265 sentimus‚,quia
1486 5195 1577 5252 uineae
1592 5197 1735 5267 fiorentes
1755 5202 1810 5261 ode

155 5283 258 5352 lilibus,
284 5285 317 5341 ad
346 5286 516 5358 perniciosos
542 5287 665 5359 pervenit
692 5298 718 5343 et
744 5296 899 5345 venenatos.
931 5289 954 5344 0
1012 5283 1809 5358 reordederontadqnidiuteoscneprovocstietian

154 5387 280 5444 grossum
296 5375 488 5446 vipereumque
502 5374 640 5444 allectum,
655 5380 733 5434 odire
747 5380 893 5444 hominem,
909 5379 956 5448 qui
1011 5374 1058 5444 uui
1082 5373 1196 5428 necdum
1221 5373 1450 5441 crediderant,ca
1479 5374 1558 5432 bonis
1585 5379 1724 5449 operibns
1756 5382 1810 5438 illos

158 5462 297 5517 hominurn
315 5472 340 5517 rt
356 5480 470 5535 corpora
486 5472 572 5534 sanat,
584 5474 610 5521 et
624 5466 873 5524 animassalvath
889 5466 959 5522 nibil
1011 5463 1224 5529 considerantes,
1239 5461 1422 5536 glorificarent
1445 5476 1471 5521 et
1492 5465 1544 5538 ipsi
1560 5465 1661 5539 Deum,
1672 5477 1760 5543 etque
1777 5472 1810 5528 itt
