3734 5948
102 176 155 232 279
561 185 590 242 S.
611 182 788 242 BERNARDI
806 177 950 238 xooxms
970 178 1302 239 CLARAE-VALLENSIS
1702 184 1756 238 28⁰

104 303 198 373 erneis
206 310 331 379 potatas
339 308 369 362 ia
378 307 444 363 carta
452 313 479 366 et
490 308 521 365 ia
532 314 609 368 terra
618 309 729 387 (aaran.
736 304 901 374 xxvru,t8),
917 318 942 400 Α
959 320 1021 380 qne
1035 308 1167 362 accurunt
1179 302 1298 373 interim,
1315 302 1406 359 Matris
1420 300 1607 374 desponsatio,
1622 319 1677 376 qua
1691 319 1759 377 par.-

105 392 160 451 Sed
176 403 203 450 et
218 395 338 452 Peterin
357 394 474 467 psalmo:
491 397 756 466 rosaemannus,
787 400 815 452 et
833 394 903 453 dabo
958 402 1001 451 tas
1014 393 1126 467 virginis
1145 402 1172 451 et
1185 392 1373 466 conceptionis
1391 391 1493 464 puritas
1505 392 1655 461 velabatur,
1676 392 1715 454 ita
1729 401 1761 471 nt

106 484 259 558 tidigeates
269 485 466 544 nereditatem
477 489 814 562 cormariacensem
823 490 903 541 tarra
957 483 1073 540 hominis
1098 482 1167 538 labri
1189 481 1269 550 silius,
1296 481 1441 540 lubricatur
1463 481 1580 538 hominis
1602 488 1758 554 putaretur.

104 574 904 650 terminosterrra-liegeseasiacir·paserrea,ettanqaam
957 572 1101 644 infirmitas
1117 573 1198 629 etiam
1221 571 1353 644 cotporis,
1369 587 1423 645 qua
1447 570 1573 627 nimirum
1596 572 1708 643 plorans
1732 582 1760 627 ot

106 677 154 717 aas
167 662 249 735 figuli
262 665 422 738 confringes
437 684 482 725 eos
492 667 579 736 (Psat.
594 681 623 732 ιι,
635 670 661 734 8,
674 666 711 737 9).
727 661 905 735 Fortissiqui-
957 663 1080 735 vagiens,
1097 662 1200 718 lactens
1215 671 1242 718 ot
1257 661 1408 729 dormiens,
1433 668 1461 717 et
1481 661 1589 718 ceteris
1611 659 1761 732 subiacens

105 748 168 805 dem
183 750 227 806 leo
242 760 293 819 est,
315 767 369 809 non
384 753 518 809 crudelis:
539 754 630 825 gravis
644 762 736 810 tamen
754 751 904 824 indignatio
958 750 1167 807 necessitatibus
1185 749 1285 817 carnis,
1303 749 1405 805 latebat
1424 748 1496 805 inter
1516 749 1575 806 haec
1588 747 1674 807 virtus
1688 748 1759 807 diri·

106 839 185 911 ejus3
203 847 230 897 et
243 841 420 898 intolerabilis
438 842 477 896 ira
491 843 631 920 columbae.
652 843 707 900 Sed
724 859 775 915 pro
790 841 846 897 suis
863 841 905 895 leo
959 839 1060 895 nitatis.
1091 839 1136 895 Sic
1166 845 1194 895 et
1222 837 1433 895 circumcisionis
1458 839 1567 913 signnm
1592 837 1762 911 suscipiens,

107 929 207 1003 rugiet,
233 946 287 987 uon
307 931 335 986 in
360 946 434 986 suos.
459 931 577 988 Paveaut
599 932 699 988 alieni:
725 930 811 987 tribus
837 928 906 985 Jnda
960 928 1066 1002 peccati
1081 928 1241 997 remedium,
1257 927 1427 1002 egritudinis
1437 927 1613 995 medicinam,
1629 927 1675 1002 qni
1690 943 1764 991 mor,-

106 1018 193 1090 mngis
208 1018 332 1077 exsultet.
961 1015 1026 1073 bum
1040 1032 1149 1073 omnem
1169 1017 1265 1075 tollere
1284 1023 1398 1075 venerat
1422 1023 1449 1074 et
1471 1028 1627 1089 peccatum:
1649 1017 1762 1078 etitem

146 1112 188 1164 ιι).
203 1107 348 1164 Gaudeant
361 1108 407 1182 qui
417 1108 504 1165 induti
519 1117 582 1165 snut
597 1109 779 1177 confessione,
792 1125 907 1181 quorum
961 1105 990 1162 iu
1004 1107 1155 1183 AEgyptum
1172 1106 1280 1181 fugiens
1294 1121 1310 1161 a
1324 1106 1392 1163 facio
1406 1106 1522 1164 Herodis
1533 1104 1629 1180 reguli,
1646 1122 1698 1163 nec
1712 1106 1764 1164 Dei

101 1196 194 1256 omnia
208 1197 387 1254 ossadicunt:
401 1201 602 1272 dominareris
616 1200 729 1258 rimatis
741 1199 811 1256 rili?
821 1199 907 1269 (Psal.
962 1195 1044 1251 Filius
1058 1195 1170 1269 agnosci
1182 1203 1301 1269 poterat,
1317 1211 1369 1252 nec
1381 1195 1440 1253 Rex
1454 1194 1526 1252 coeli.
1543 1194 1613 1264 Quid
1634 1193 1707 1251 trina
1719 1194 1765 1260 illa

107 1302 209 1354 xxxiv,
228 1288 284 1359 lo.)
299 1290 351 1346 Leo
366 1288 399 1345 de
410 1288 486 1347 triba
497 1290 581 1359 teda,
597 1292 683 1349 radia
696 1290 793 1347 llaaid.
806 1287 909 1346 Dicitur
963 1285 1076 1341 tentatio
1103 1284 1206 1343 inimici
1234 1284 1262 1341 iu
1294 1284 1413 1354 deserto,
1443 1283 1475 1341 in
1497 1282 1654 1356 pinnaculo,
1679 1300 1764 1357 supra

109 1377 180 1435 enim
200 1376 287 1433 David
303 1377 362 1434 visu
381 1378 577 1447 desiderabilis,
595 1380 639 1438 vel
653 1394 735 1436 menn
759 1379 855 1450 fortis,
881 1386 909 1434 et
963 1376 1102 1430 montem?
1118 1376 1148 1432 Si
1160 1375 1238 1446 filias
1251 1374 1310 1441 Dei,
1321 1372 1418 1446 inquit,
1433 1389 1473 1443 er,
1487 1372 1531 1429 dic
1544 1376 1578 1430 at
1592 1372 1699 1446 arrides
1714 1372 1764 1430 isti

107 1466 179 1524 idem
195 1465 250 1524 ait:
271 1469 341 1525 Ante
356 1472 384 1526 te
398 1484 480 1528 ornae
504 1467 594 1527 896
618 1471 791 1529 desideriam
812 1485 909 1527 meam
962 1481 1051 1537 paces
1064 1466 1153 1536 fioat;
1169 1473 1196 1522 et
1219 1465 1302 1522 item:
1325 1463 1403 1520 aira
1420 1469 1447 1522 te
1468 1464 1607 1522 deorsam.
1631 1463 1765 1519 Neutrum

108 1556 197 1628 (Psal.
213 1571 327 1626 xxxvii,
347 1556 410 1630 lo);
433 1565 474 1617 et:
499 1560 707 1618 Fortitudinem
720 1576 812 1618 meam
826 1557 862 1614 ad
883 1562 909 1616 ιε
962 1554 1085 1612 Christus
1100 1555 1173 1625 fecit,
1193 1561 1222 1610 ιιι
1245 1553 1400 1625 signaretur
1417 1551 1496 1620 liber,
1517 1560 1547 1610 ut
1562 1552 1703 1610 falleretur
1716 1566 1765 1608 es·

108 1646 369 1716 castodiamffsal.
396 1662 471 1716 evin,
498 1648 553 1721 ιθ).
579 1648 673 1706 lladr'a
687 1648 783 1722 inquit,
807 1646 906 1706 David.
924 1641 947 1719 Β
964 1652 1046 1702 ιιιιιιε.
1072 1642 1197 1716 Denique
1219 1659 1341 1716 eousque
1364 1641 1494 1699 seductus
1518 1651 1571 1714 est,
1595 1645 1626 1699 ut
1649 1642 1767 1700 haberet

108 1735 169 1790 Non
183 1735 269 1791 David
288 1736 364 1793 radix
386 1737 456 1808 ejus,
476 1736 525 1794 sed
549 1738 607 1810 ipse
632 1737 707 1793 radix
729 1737 825 1805 David,
846 1737 909 1808 quia
962 1736 1018 1807 jam
1033 1749 1083 1808 pro
1097 1733 1232 1790 constanti
1252 1733 1389 1789 hominem
1404 1748 1465 1790 esse
1479 1750 1588 1807 purum,
1612 1741 1640 1790 ει
1657 1731 1686 1788 in
1703 1739 1766 1793 tan·.

109 1833 209 1899 portat,
226 1834 317 1882 etnon
333 1835 465 1897 portatur.
481 1827 588 1895 Merito,
602 1827 688 1885 David
702 1832 805 1897 sancto,
825 1825 909 1881 filium
966 1835 1020 1882 tam
1035 1825 1173 1883 vesaniam
1187 1823 1315 1897 snperbia
1334 1839 1406 1880 ceca
1428 1829 1629 1897 prorumperet,
1654 1833 1684 1880 ut
1704 1839 1762 1882 non

110 1921 186 1972 tuum
208 1931 291 1970 vocas
309 1915 448 1971 dominum
468 1925 554 1983 tunm,
573 1916 637 1989 qnia
660 1932 714 1973 nou
735 1924 764 1973 tn
790 1908 908 1972 radicem
964 1914 1068 1972 diceret
1082 1915 1166 1972 ultra:
1188 1915 1218 1973 Si
1231 1915 1309 1986 filias
1327 1915 1378 1970 Dei
1391 1930 1428 1981 cs,
1445 1913 1511 1977 sed:
1527 1916 1589 1970 llaec
1600 1915 1695 1971 omnia
1711 1913 1764 1972 rati

108 2010 212 2076 portas,
233 2004 282 2060 sed
303 2003 378 2061 radix
394 2012 430 2059 te.
447 2004 533 2061 Radix
553 2003 715 2062 fortitudinis
732 2015 783 2061 ture
797 2013 824 2061 et
838 2004 910 2060 desi⁴
964 2005 1041 2071 dada,
1057 2005 1083 2062 si
1097 2004 1246 2078 procidens
1261 2004 1420 2062 adoraveris
1439 2020 1484 2062 me
1502 2003 1614 2074 (uarro.
1637 2017 1677 2070 xv,
1693 2001 1762 2073 es).

110 2092 189 2162 derii,
206 2093 283 2149 radix
297 2092 497 2161 desiderabilis,
520 2094 596 2150 radix
619 2093 706 2150 sortis.
737 2096 806 2152 l’r'cr't
823 2096 864 2150 leo
877 2094 909 2149 de
965 2093 1076 2150 Sextum
1091 2091 1320 2166 estsignaculum
1344 2092 1441 2162 crucis,
1466 2091 1513 2150 ubi
1537 2090 1668 2163 pependit
1689 2089 1764 2146 inter

111 2184 187 2244 triba
201 2184 286 2255 dada,
302 2185 387 2243 radia
396 2185 495 2251 David,
510 2187 622 2258 aperire
633 2185 745 2253 libram,
761 2188 789 2241 et
802 2184 911 2241 soluere
964 2183 1096 2250 latrones,
1111 2188 1138 2240 et
1157 2199 1218 2239 cum
1231 2181 1332 2257 iniquis
1346 2182 1491 2255 deputatus
1506 2191 1548 2238 est
1561 2181 1692 2238 Dominus
1707 2197 1765 2236 ma-

109 2278 217 2346 septem
230 2273 379 2345 signacula
393 2275 464 2345 ejas.
479 2272 660 2346 Apocalypsis
671 2273 755 2329 verba
769 2280 831 2328 sunt
841 2272 909 2328 hacc.
963 2273 1080 2343 jestatis.
1097 2271 1198 2328 Clausit
1212 2278 1239 2328 et
1254 2268 1392 2344 sepultura
1405 2269 1503 2326 librum
1516 2270 1602 2326 hunc:
1620 2284 1671 2326 nec
1680 2268 1764 2329 ullum

112 2361 223 2417 Discunt
245 2359 292 2431 qui
314 2375 370 2416 non
389 2359 527 2435 legerunt,
553 2361 673 2417 recolant
698 2359 744 2432 qui
763 2365 910 2416 noverunt.
965 2360 1134 2434 signaculum
1168 2360 1278 2417 omuino
1308 2360 1348 2417 sic
1378 2359 1513 2431 astrinxit,
1549 2359 1588 2417 sic
1620 2356 1766 2416 occultavit

117 2449 186 2518 Vidi,
207 2447 913 2523 inquitloannes,r'rrdeartcrasedentissaperthre
966 2466 1094 2523 magnum
1122 2450 1230 2522 pietatis
1257 2457 1465 2507 sacramentum.
1493 2449 1606 2522 Sepulto
1636 2447 1764 2503 nimirum

111 2537 913 2611 eam,libramsiprralemsigr'tlisseptem,etaaaeratpat'
966 2539 1091 2609 Domino,
1111 2540 1170 2595 sola
1185 2549 1289 2599 restare
1303 2539 1458 2612 desperatio
1472 2538 1625 2605 videbatur,
1647 2535 1717 2594 adeo
1735 2541 1765 2591 ut

113 2631 225 2702 legeret,
247 2628 291 2684 vel
314 2627 447 2702 aperiret.
473 2629 507 2682 Et
523 2643 580 2698 ego,
597 2626 643 2693 ait,
660 2625 761 2697 (lebam
775 2628 910 2696 maltam,
967 2630 1089 2704 discipuli
1102 2631 1154 2704 ipsi
1167 2631 1309 2688 dicerunt:
1338 2632 1409 2700 Qaia
1423 2648 1474 2689 aas
1488 2630 1669 2704 sperrrlramas
1683 2629 1764 2699 (Lae.

113 2719 185 2792 qaod
199 2733 282 2774 nemo
297 2716 409 2789 aperire
430 2713 533 2770 liorem
548 2714 651 2785 dignas
665 2715 854 2771 laoeairetar.
875 2715 914 2770 Et
968 2736 1048 2788 xxxv,
1065 2722 1122 2791 al).
1141 2719 1207 2790 Quis
1219 2734 1273 2776 non
1292 2719 1428 2776 illuderet
1450 2719 1479 2775 in
1499 2728 1621 2791 tempore
1643 2717 1765 2774 clausum

113 2825 188 2866 anas
198 2807 231 2863 de
241 2804 397 2864 senioribus
407 2803 483 2860 dieii
494 2803 765 2874 milri:llelleeerr's;
776 2806 915 2862 ecceoicr't
968 2809 1069 2866 arctius
1083 2808 1192 2875 librum,
1208 2817 1235 2865 et
1250 2824 1304 2865 nou
1321 2824 1382 2865 esse
1396 2809 1442 2884 qui
1456 2807 1595 2882 aperiret?

114 2901 157 2958 leo
172 2897 205 2955 de
221 2895 297 2954 triba
311 2893 393 2965 dada,
409 2893 494 2950 radia
509 2891 607 2950 Dauid.
625 2897 660 2950 Et
678 2894 747 2962 aidi,
767 2899 795 2949 et
809 2911 870 2952 ecce
884 2897 915 2951 ia
1007 2903 1049 2954 lu.
1071 2898 1126 2956 Sed
1144 2915 1178 2954 ne
1198 2899 1305 2956 llevoris
1319 2900 1398 2968 ultra,
1415 2901 1532 2956 loannes
1546 2903 1655 2963 sancte;
1682 2894 1766 2950 etiam

15 2989 19 2997 “
113 2988 204 3046 medio
215 2987 309 3045 aaroni
318 2985 431 3057 Apaam
441 2986 576 3055 stantem,
590 2971 724 3053 tanquam
737 2985 859 3042 accisam
870 3005 878 3042 .·
889 2990 916 3043 et
970 2995 999 3045 tu
1013 2988 1068 3047 noli
1082 2989 1159 3055 llere,
1176 2989 1267 3044 llarin.
1279 2989 1375 3045 Procul
1388 2991 1422 3044 sit
1431 2989 1527 3056 luctus,
1539 2984 1653 3043 tristitiae
1666 2985 1768 3041 nebula

112 3075 345 3147 venansaccepra
356 3069 501 3129 tibramde
511 3071 914 3139 dexterasedcrrtisiathrono,
971 3075 1126 3148 dissipetur.
1147 3075 1285 3132 laetamini
1299 3076 1328 3132 in
1343 3075 1468 3144 Dourino,
1484 3081 1512 3130 et
1526 3072 1669 3144 exsultate,
1684 3072 1766 3144 justi3

113 3161 917 3238 etaaerattlibram:lactaqoeesaletitiamapnaerpra-
970 3171 998 3223 ει
1011 3165 1174 3238 gloriamini,
1189 3181 1286 3225 omnes
1300 3165 1367 3222 recti
1385 3164 1467 3222 corde
1493 3163 1577 3237 (Psal.
1601 3176 1685 3228 xxxx,
1711 3161 1766 3233 lt).

116 3256 223 3315 tiaram
240 3254 323 3310 aetia.
339 3252 459 3307 Leonem
474 3250 593 3305 loannes
612 3249 745 3318 audierat,
759 3258 787 3306 et
806 3252 915 3326 Agnnm
969 3256 1073 3330 Dignus
1086 3264 1128 3313 cst
1139 3256 1232 3326 Agnus
1247 3253 1405 3328 quioccisus
1415 3261 1468 3321 est,
1484 3254 1538 3311 Leo
1548 3251 1595 3326 qui
1604 3249 1767 3318 resurrexit,

116 3343 191 3410 vidit,
200 3344 293 3414 dgnus
302 3338 409 3396 occisus
421 3337 576 3412 est,dgnns
586 3338 691 3411 accepit
701 3338 808 3408 librum,
822 3343 915 3415 dgnus
969 3353 1109 3418 postremo
1130 3343 1199 3400 liber
1223 3344 1280 3417 ipse
1310 3343 1408 3415 dignus
1434 3351 1476 3399 est
1504 3341 1611 3414 aperire
1634 3337 1766 3412 seipsum.

115 3431 232 3505 aperuit,
253 3437 281 3486 et
295 3428 420 3501 apparuit
433 3428 501 3484 Leo.
517 3427 641 3500 Denique
656 3429 759 3502 dignas
773 3434 825 3496 est,
841 3431 916 3487 aiunt
969 3434 1127 3505 Resurgens
1153 3431 1280 3488 nimirum
1307 3447 1323 3487 e
1351 3429 1436 3489 897
1465 3429 1587 3497 mortuis,
1618 3442 1767 3500 resurgens

116 3519 249 3586 seniores,
265 3520 361 3589 Agnus
381 3517 430 3588 grai
444 3517 610 3584 occisasest,
630 3519 756 3589 accipere
769 3520 917 3589 sortr'tadi⁴
969 3531 1059 3580 autem
1078 3523 1176 3581 virtute
1199 3522 1320 3594 propria,
1335 3528 1363 3578 et
1385 3528 1447 3594 post
1462 3528 1518 3576 tres
1532 3519 1600 3588 dies,
1620 3517 1689 3574 sicm
1708 3517 1767 3589 ipse

117 3629 182 3669 dem
207 3610 299 3682 (111100-
320 3622 348 3674 1,
363 3605 417 3677 ¹2).
442 3605 503 3661 Non
525 3605 761 3662 mansuetudinem
780 3608 914 3678 amittere,
970 3611 1143 3686 praedixerat,
1160 3610 1342 3668 testimonium
1356 3608 1564 3683 perhibentibus
1587 3605 1721 3672 iuimieis;
1739 3614 1768 3662 et

116 3701 166 3758 scd
175 3698 300 3771 accipere
315 3695 510 3764 tortitudinem,
523 3700 553 3750 ut
563 3703 590 3751 et
605 3711 692 3771 agnus
705 3705 823 3765 maneat,
836 3707 862 3754 et
872 3699 916 3757 leo
970 3717 1117 3775 resurgens
1129 3701 1158 3757 in
1173 3707 1247 3757 tanta
1261 3702 1403 3772 majestate
1419 3708 1446 3757 ει
1460 3698 1553 3774 gloria,
1565 3697 1666 3755 indicat
1679 3696 1767 3751 mani-

117 3789 160 3846 sit.
176 3789 239 3844 Plus
252 3786 324 3853 dico,
339 3793 369 3842 ιιι
382 3784 448 3841 mihi
466 3784 582 3853 videtur,
598 3784 672 3842 idem
689 3785 771 3842 ctiam
789 3785 859 3843 liber
873 3796 917 3845 est
971 3790 1039 3849 feste
1060 3806 1228 3864 quecunque
1247 3788 1423 3863 praediximus
1442 3787 1590 3861 signacula,
1612 3785 1655 3846 vel
1670 3784 1766 3857 operi·

117 3878 164 3954 qui
179 3891 233 3935 nou
247 3881 355 3948 poterat
368 3874 478 3946 aperiri.
494 3875 561 3945 Quis
575 3874 648 3932 enim
662 3874 763 3948 dignus
777 3875 917 3935 invenire-
966 3891 1060 3956 ,menta
1074 3881 1234 3949 voluntaria,
1265 3894 1320 3935 non
1343 3880 1511 3951 necessaria,
1536 3893 1587 3935 nec
1605 3873 1768 3933 conditionis

118 3975 162 4024 tur
175 3964 282 4036 aperire
296 3964 368 4019 hunc
382 3960 505 4019 librum?
524 3963 667 4036 indignum
687 3982 717 4022 se
731 3965 874 4038 profitetur
889 3975 917 4025 et
971 3969 1064 4038 luisse,
1088 3970 1138 4027 sed
1152 3969 1327 4044 dignationis.
1344 3969 1413 4038 Quid
1437 3975 1466 4025 tu
1486 3984 1584 4040 nuper,
1603 3965 1706 4031 Judece,
1732 3964 1768 4020 si-

117 4057 176 4129 ipse
199 4052 318 4125 Baptista
341 4052 471 4119 loannes,
497 4066 551 4124 quo
572 4051 645 4109 inter
672 4062 751 4111 natos
774 4056 916 4114 mulierum
970 4062 1075 4139 gerbas
1084 4059 1202 4133 lapidem
1213 4059 1400 4117 monumenti?
1414 4060 1484 4129 Quia
1493 4059 1620 4118 seductor
1629 4058 1679 4115 ille
1688 4055 1769 4116 dire-

118 4147 205 4218 major
219 4158 300 4200 nemo
313 4141 448 4198 surrexit:
465 4142 526 4200 Noa
543 4159 616 4216 sam,
631 4143 729 4215 inquit,
744 4146 916 4219 dignoscet·
972 4156 1019 4206 rat
1032 4151 1124 4208 adlrae
1139 4150 1254 4210 cineas:
1269 4153 1335 4208 Post
1351 4153 1407 4207 tres
1421 4147 1478 4207 dies
1493 4163 1638 4219 resurgam
1655 4144 1767 4216 (llattlr.

117 4235 337 4306 aereeorrigiam
343 4232 529 4291 calceamenti
535 4235 594 4304 ejas
607 4232 703 4305 (liare.
714 4235 785 4306 aa).
799 4236 918 4295 Venerat
932 4266 955 4346 n
972 4253 1062 4306 xxviv,
1076 4241 1132 4311 63).
1149 4238 1218 4295 Vere
1237 4240 1373 4308 seductor,
1389 4238 1438 4294 sed
1452 4237 1523 4310 pius,
1539 4251 1593 4291 nou
1607 4234 1767 4305 malitiosus,

118 4325 191 4382 enim
206 4324 240 4379 ad
256 4337 305 4379 nos
320 4320 439 4379 calceata
453 4321 591 4392 majestas,
615 4320 741 4378 diviuitas
760 4322 915 4384 incarnata:
972 4327 1094 4400 Denique
1113 4327 1317 4394 smacmte'mc,
1331 4328 1457 4396 Domina,
1467 4330 1495 4382 el
1506 4325 1638 4383 seductas
1648 4342 1722 4391 sam,
1732 4324 1769 4379 ait

117 4422 231 4475 venerat
243 4412 293 4471 Dei
308 4411 456 4484 Sapientia,
471 4411 519 4468 sed
543 4411 572 4468 in
588 4409 658 4471 libro
671 4412 762 4471 clauso
781 4415 874 4492 utique
890 4427 918 4476 ει
970 4419 1105 4491 propheta
1115 4423 1208 4475 vester
1218 4416 1245 4472 in
1258 4415 1604 4489 personavestra3sortior
1614 4431 1658 4474 me
1671 4416 1767 4486 scisti,

118 4507 235 4580 signato.
265 4502 343 4574 Quod
370 4502 473 4577 ligabat
500 4501 619 4578 corrigia
647 4503 835 4576 calceamenti,
865 4509 917 4566 lroc
971 4513 999 4564 et
1009 4509 1159 4566 invaluisti
1172 4509 1286 4580 (terem.
1298 4523 1349 4577 xx,
1359 4508 1399 4579 Ἰ).
1410 4503 1522 4562 Seduxit
1532 4502 1727 4574 vos,oludaei,
1737 4503 1766 4559 in
1796 4533 1800 4540 ·

117 4596 281 4654 claudebam
299 4592 439 4666 1181130111
453 4590 525 4648 fibli-
971 4597 1116 4670 passione:
1144 4613 1207 4653 uam
1225 4596 1254 4653 in
1274 4596 1475 4654 resurrectione
1495 4593 1607 4652 invaluit
1622 4598 1650 4650 et
1664 4608 1769 4664 pracva-

155 4688 198 4741 ll.
215 4682 270 4740 Sed
290 4683 355 4758 quid
369 4681 484 4739 dicimus
498 4697 581 4753 snper
592 4680 633 4737 his
647 4683 777 4755 septem?
791 4683 833 4740 dn
846 4684 916 4744 lorte
970 4685 1019 4745 luit
1033 4687 1145 4745 vincens
1158 4687 1214 4743 Leo
1238 4685 1273 4743 de
1294 4686 1365 4743 tribu
1386 4685 1465 4743 luda.
1488 4683 1608 4752 Etenim,
1631 4682 1654 4739 si
1669 4698 1770 4754 coguo-

118 4774 216 4848 triplex
231 4773 328 4829 animae
345 4771 441 4839 virtus,
470 4769 547 4841 ratio,
572 4771 712 4841 memoria,
737 4781 764 4830 et
777 4774 914 4849 voluntas3
972 4777 1083 4841 visseut,
1112 4792 1249 4849 nunquam
1279 4775 1425 4833 Dominum
1453 4773 1549 4848 gloriae
1570 4769 1768 4830 crucifixissent

117 4871 146 4919 et
174 4860 338 4935 quadrifaria
366 4858 489 4934 corporis
515 4860 685 4933 compositio,
715 4878 749 4919 ex
772 4861 917 4924 elementis
971 4865 997 4937 (l
1012 4869 1073 4924 Car.
1089 4881 1120 4932 ιι,
1136 4866 1174 4936 8).
1197 4864 1269 4934 Quid
1282 4882 1349 4939 ergo
1369 4864 1489 4923 lecturus
1504 4864 1558 4920 es?
1581 4863 1616 4918 Et
1631 4861 1765 4935 predixit,

117 4951 244 5010 videlicet
257 4958 383 5024 quatuor,
399 4950 426 5005 in
441 4947 484 5005 his
496 4957 602 5022 septem
617 4957 660 5007 est
678 4950 864 5029 intelligenda,
887 4964 917 5013 ut
971 4962 999 5012 et
1011 4957 1068 5028 jam
1082 4955 1187 5013 revixit.
1204 4954 1477 5028 Diligenterexplora
1490 4951 1660 5026 signaculum
1674 4951 1769 5023 sepul-

120 5038 186 5097 uihil
209 5039 244 5095 de
266 5039 381 5097 veritate
409 5038 584 5096 humanitatis
612 5039 732 5099 deluisse
761 5045 916 5103 noverimus
973 5054 1050 5113 ture,
1067 5054 1191 5120 apertum
1212 5051 1254 5101 est
1273 5045 1356 5102 enim.
1391 5043 1475 5098 Datur
1494 5041 1542 5097 tibi
1566 5042 1673 5115 siguum
1694 5041 1772 5098 lonae

118 5125 277 5188 Salvatori?
298 5128 340 5184 An
359 5127 445 5203 magis
458 5129 611 5186 humanitas
630 5131 690 5202 ejus
703 5131 763 5205 ipse
779 5142 822 5191 est
834 5133 913 5206 liber,
970 5136 1121 5208 prophetae,
1136 5136 1198 5209 qnia
1213 5141 1241 5191 ει
1252 5133 1377 5207 predixit
1391 5131 1461 5204 ipse.
1477 5131 1624 5208 Egreditur
1642 5130 1772 5189 Jonasde

118 5228 146 5277 ει
168 5215 316 5294 quaerenda
329 5223 393 5275 sunt
413 5217 551 5293 signacula
572 5221 694 5292 septem?
716 5218 828 5293 Septem
842 5223 915 5280 euim
969 5237 1065 5283 ventre
1081 5224 1153 5284 ceti:
1169 5224 1292 5283 Christus
1306 5223 1340 5280 de
1354 5222 1436 5279 corde
1452 5230 1532 5280 ιειιιε
1549 5221 1628 5279 tertia
1642 5221 1686 5278 dic
1701 5236 1772 5292 pro·

118 5309 242 5382 (1111111111
256 5298 510 5374 11111111011111111111,
527 5306 625 5379 quibus
640 5307 755 5368 maxime
776 5310 915 5370 celabatur
970 5315 1052 5373 redit.
1078 5314 1134 5371 Nisi
1164 5314 1237 5386 qnod
1259 5313 1402 5371 manifeste
1426 5313 1488 5385 plus
1520 5329 1601 5385 quam
1621 5312 1704 5369 Jonas
1727 5310 1772 5368 liic

128 5411 241 5455 ”cam
254 5392 403 5470 [1113911111
415 5394 576 5466 malefidus,
590 5404 621 5453 ul
639 5412 694 5455 11011
707 5401 914 5474 9018111319ιίιί
969 5406 1079 5478 (daret.
1096 5420 1145 5471 xri,
1163 5402 1266 5475 itt-tl),
1288 5401 1335 5475 qui
1349 5401 1526 5474 semeptisum
1550 5400 1664 5460 viriliter
1685 5410 1713 5457 et
1735 5399 1770 5456 ab

117 5486 195 5554 liber·
210 5495 238 5543 et
252 5483 384 5558 1111111111
399 5500 460 5557 <11¹ae
478 5482 580 5542 ¹⁸l⁴³b³l
598 5486 719 5560 aeneai.
740 5489 914 5549 sustentem
970 5495 1030 5568 ipso
1052 5501 1131 5554 utero
1150 5492 1245 5551 mortis
1268 5491 1373 5554 eduxit.
1396 5491 1548 5563 Propterea
1560 5489 1613 5549 viri
1641 5488 1770 5548 Ninivitas
