3734 5948
109 150 189 313 lus
676 190 711 254 nt
728 193 925 257 narrarem
950 194 1065 259 noum
1083 194 1193 258 suavo
1210 195 1266 259 ra·
1653 238 1659 247 -
1743 204 1794 269 leo

107 322 112 425 Ι
136 310 277 370 etaudie.
302 311 376 383 Quid
399 312 519 371 ιιειιιιιιε
540 318 622 372 sum?
635 317 761 378 adhucne
786 320 888 394 ludam,
913 330 942 380 ει
959 336 984 418 Α
1002 322 1056 380 tius
1068 321 1253 395 indignabitur
1261 323 1393 382 boninus
1402 326 1562 400 majestatis,
1578 329 1602 386 si
1617 337 1718 389 ιειιιειιι
1732 333 1794 402 eius

107 434 110 471 ,
135 401 263 458 deludam
277 403 413 476 lacrymas
436 405 518 474 ejns‘l
541 404 623 462 Plane
647 407 670 463 si
694 408 806 467 insanus
829 428 890 468 sum
913 420 942 470 ει
998 427 1113 484 operam
1126 421 1218 468 nostra
1232 420 1279 468 aut
1292 413 1392 470 duritia
1404 423 1451 471 aut
1470 417 1638 492 negligentia
1652 419 1796 493 continget

107 480 109 535 Ι
135 491 238 547 mentis
253 491 348 565 inops,
371 507 427 550 ron
451 507 552 566 sequar
566 510 641 568 eum,
658 512 710 554 nec
723 499 803 554 simul
817 516 878 557 cum
902 501 945 558 lu-
998 501 1141 558 evacuari?
1156 503 1270 558 Avertat
1279 503 1332 560 hoe
1345 505 1487 562 acervulis
1496 507 1565 572 suis,
1576 507 1623 580 qui
1638 523 1687 580 pro
1697 524 1793 567 eornm

133 587 217 653 gente
241 581 356 653 lugebo.
382 582 456 639 Ecce
479 584 553 639 unde
577 585 689 656 pudori
709 588 795 645 Dolor
810 598 837 646 et
859 591 944 648 timor
996 591 1082 646 salute
1110 590 1225 647 iuduere
1248 590 1480 663 dignatusest
1502 604 1544 652 est
1572 595 1686 653 sormam
1709 598 1792 667 servi,

133 669 230 725 unde?
246 670 347 744 Utique
364 670 428 743 quia
442 688 475 727 ex
490 672 711 732 consideratione
723 678 849 746 remedii,
865 681 941 752 peri·
995 679 1155 753 Unigenitus
1176 678 1225 734 Dei
1239 680 1335 746 Patris,
1355 681 1402 753 qui
1425 690 1466 739 est
1494 700 1578 756 super
1603 684 1696 742 omnia
1719 686 1793 743 Deus

133 757 184 814 cali
210 759 271 815 mei
299 759 407 815 estimo
434 760 625 833 quantitatem.
655 765 830 839 Nesciebam,
859 785 942 827 sanus
994 768 1156 824 benedictus
1169 766 1196 823 in
1213 767 1325 826 saeeulal
1342 771 1442 826 Amen.

102 868 105 923 p
133 845 198 903 mibi
213 845 333 905 videbar
347 863 356 905 :
372 856 401 906 et
416 864 481 906 ecoe
492 849 609 906 mittitur
625 852 742 926 Virginis
752 855 844 926 Filius,
860 858 942 916 Filius
1295 857 1415 915 SERle
1435 859 1484 918 lV.

135 935 184 992 Dei
208 935 351 1010 altissimi,
367 944 395 994 et
408 937 522 1009 jubetur
536 939 642 1009 oceidi;
657 950 687 999 ut
701 943 860 1003 vulneribus
875 947 943 1004 meis
994 950 1032 1004 Dc
1045 962 1075 1005 eo
1089 947 1163 1019 qaod
1174 950 1300 1019 pastores
1310 949 1483 1005 inuenerant
1497 949 1626 1020 dariam,
1642 958 1671 1010 ct
1681 952 1790 1026 loseph,

100 1034 104 1157 1
137 1024 262 1098 pretioso
271 1026 412 1099 morinis
425 1026 497 1083 illius
507 1027 629 1086 balsamo
637 1032 792 1090 medeatur.
803 1036 940 1108 Agnosce,
1126 1023 1154 1074 05
1170 1021 1311 1090 insanum
1326 1022 1451 1091 imnum
1461 1021 1492 1075 5⁷⁸
1506 1038 1542 1093 pr
1543 1024 1656 1095 Ψῖθρῑθ·

137 1115 263 1183 obomo,
288 1133 372 1188 quam
395 1116 488 1191 gmom
502 1127 566 1173 mm
580 1120 693 1177 vulpem
705 1122 762 1195 :pm
777 1123 876 1196 quipus
890 1141 942 1182 ng.
1031 1109 1055 1162 l.
1074 1105 1231 1178 agnoscite,
1246 1104 1344 1162 iratres
1363 1105 1543 1179 dilectissimi,
1560 1118 1661 1181 quanta
1680 1110 1715 1167 sit
1739 1112 1791 1167 ho·

133 1219 207 1260 emm
237 1211 284 1261 est
314 1204 463 1261 Dominum
496 1207 634 1263 christum
656 1210 803 1268 vulnerari,
828 1212 857 1268 gp
885 1230 941 1270 non
993 1195 1087 1252 dierna
1110 1194 1279 1265 solemnitas,
1304 1196 1348 1253 cui
1367 1196 1582 1264 etdicsbrevis,
1598 1208 1625 1255 et
1640 1207 1787 1256 terraeau·

133 1296 224 1346 essem
240 1292 300 1346 baec
320 1291 356 1346 ad
378 1302 506 1361 mmmm,
530 1302 560 1350 er
577 1303 706 1361 mmmm,
730 1299 938 1370 sempiternam,
993 1294 1072 1356 gusta
1082 1292 1124 1340 est
1137 1284 1260 1341 latitudo.
1272 1286 1344 1347 Loco
1360 1285 1461 1358 pariter
1473 1294 1501 1343 et
1516 1294 1638 1359 ternpore
1649 1288 1787 1346 dilatatur.

96 1380 100 1427 l
133 1395 276 1452 uunquam
290 1395 342 1452 pru
355 1396 451 1438 eorum
466 1383 589 1440 remedie
603 1384 654 1440 Dei
678 1385 761 1444 Filius
774 1397 938 1447 moreretur.
992 1375 1107 1431 N⁰0²⁰1¹¹
1119 1383 1301 1447 Plae0⁰⁰l¹ll³b
1313 1375 1413 1432 coelllm
1423 1375 1510 1448 replet
1519 1384 1665 1450 ”tequam
1675 1385 1785 1435 tellam·

93 1464 98 1595 Ι
136 1464 223 1522 Pudet
254 1466 359 1540 itaque,
387 1467 566 1540 dilectisdmi,
594 1472 735 1545 propriam
766 1477 940 1550 negligenter
992 1465 1052 1520 Nox
1068 1463 1142 1521 cuim
1160 1471 1190 1520 ut
1204 1463 1263 1521 dies
1282 1463 1434 1521 illuminata
1453 1474 1504 1532 est,
1531 1481 1595 1523 cum
1617 1466 1789 1540 intempestae

92 1600 95 1607 .
133 1553 309 1612 dsdmnlam
337 1557 513 1628 passionem
543 1559 587 1616 mi
616 1568 719 1619 mmmm
751 1579 767 1619 a
794 1567 940 1636 majestate
993 1552 1081 1609 noctis
1094 1552 1161 1610 hora
1176 1560 1300 1625 pastores
1315 1552 1495 1611 circumfulsit
1512 1553 1558 1611 lux
1572 1571 1644 1612 nova
1657 1556 1692 1612 de
1706 1556 1787 1613 coelo.

136 1651 210 1698 nuta
240 1643 368 1701 exbiberi
396 1645 478 1703 video
511 1649 739 1721 compassionem,
769 1653 940 1727 compagem
992 1641 1029 1698 Et
1043 1649 1072 1698 ut
1085 1641 1215 1700 noveritis
1228 1658 1282 1716 quo
1296 1641 1324 1698 in
1337 1643 1398 1701 loeo
1409 1644 1588 1702 solemnitatis
1598 1645 1681 1717 huJ'us
1695 1661 1790 1719 coepa-

134 1729 216 1787 adue
232 1731 295 1801 Dei,
310 1739 339 1789 et
357 1732 447 1805 plorat
464 1753 470 1793 :
487 1735 569 1793 bomo
583 1737 694 1809 patitur,
710 1745 739 1796 ει
757 1740 880 1799 ridebit?
894 1743 940 1801 Sic
994 1731 1048 1788 lifll
1061 1730 1162 1804 &ludia
1176 1729 1329 1805 00¹²bl⁸fii
1346 1733 1492 1805 quodiam
1505 1733 1611 1807 ⁸⁰80]ss
1629 1743 1699 1806 “ab
1715 1734 1790 1792 futu·

137 1822 332 1880 emenone
355 1824 510 1898 εειωειιο,
532 1834 561 1884 e
575 1827 677 1886 aeroas
700 1830 768 1888 mira
789 1841 817 1889 a
835 1833 941 1891 amoos
994 1837 1054 1877 rum
1077 1817 1152 1876 omni
1173 1820 1274 1893 populo
1292 1821 1423 1893 randum
1446 1822 1674 1896 evangelizetur:
1699 1823 1749 1882 sod
1763 1831 1793 1881 et

139 1912 319 1986 exaggeratio
332 1921 385 1982 est,
994 1908 1138 1967 confestim
1157 1908 1234 1966 adest
1252 1908 1351 1966 divinis
1365 1927 1518 1983 personans
1533 1911 1658 1968 lendibus
1671 1911 1792 1969 coelestis

168 2003 198 2059 b.
216 2001 325 2058 Verum
337 2000 360 2058 si
373 2001 520 2077 diligenter
533 2005 680 2062 observem
697 2016 834 2081 praempm
849 2011 940 2067 medi.
995 1997 1130 2056 exercitus
1144 1997 1297 2055 multitudo.
1314 1999 1382 2055 llinc
1396 2007 1438 2056 εει
1452 2000 1525 2073 quod
1539 1999 1671 2057 solemnis
1684 1999 1792 2056 ducitur

137 2087 167 2156 a,
200 2087 260 2144 erar
291 2089 373 2145 enam
396 2091 589 2149 comestionis
621 2094 738 2154 occaso.
764 2096 839 2154 snut
867 2099 940 2156 enin
994 2102 1048 2143 ιιι
1062 2085 1113 2142 ista
1126 2103 1184 2158 pm
1198 2086 1314 2155 esteris.
1331 2087 1359 2142 in
1372 2087 1493 2158 calmis,
1509 2087 1619 2158 hymnis
1633 2095 1662 2144 a
1678 2086 1792 2144 canticis

136 2191 250 2246 gravem
265 2192 387 2248 agnosco
402 2179 538 2248 morbum,
558 2181 603 2237 eui
623 2188 696 2238 mota
710 2186 856 2257 apponitur
875 2204 938 2245 mg.
993 2173 1178 2247 spiritualibus
1195 2190 1201 2230 τ
1219 2173 1302 2230 ethis
1316 2175 1486 2246 potissimum
1503 2175 1531 2230 in
1550 2173 1649 2248 vigiliis
1662 2174 1721 2232 sine
1736 2173 1790 2230 ulla

136 2261 243 2328 dicina;
259 2261 302 2318 sic
320 2270 348 2318 ει
371 2278 405 2318 ex
425 2264 477 2320 boc
499 2264 560 2337 ipso
588 2281 642 2322 non
671 2268 850 2326 incurabilem
877 2288 938 2330 mse
993 2263 1162 2319 baesitatione
1177 2262 1345 2320 credendum
1360 2271 1411 2334 est,
1428 2263 1555 2320 coelestcs
1573 2264 1634 2321 illos
1649 2263 1790 2335 principes

134 2351 286 2421 conjector.
302 2351 398 2423 Neque
406 2351 481 2407 enim
493 2352 708 2426 pretiosissimas
722 2359 829 2430 speeies
839 2359 939 2418 frustra
992 2351 1144 2426 praevenire
1159 2352 1321 2422 conjunctos
1336 2352 1524 2425 psallentibus,
1540 2352 1568 2408 iu
1583 2352 1674 2410 medio
1688 2354 1788 2424 juven·

133 2438 290 2496 insumeret
315 2440 439 2498 medicus
467 2441 526 2514 sapi
535 2459 587 2513 ms,
620 2444 676 2501 imo
708 2446 841 2518 supientia
869 2449 936 2523 ipsa.
992 2441 1115 2498 cularum
1143 2440 1400 2514 tympanistriarum.
1426 2442 1483 2498 Sed
1503 2458 1586 2515 quam
1604 2442 1689 2498 multa
1707 2440 1789 2498 bodie

134 2529 218 2586 Porro
242 2529 343 2586 umora
366 2530 467 2586 insumi
486 2538 604 2603 conset,
626 2549 681 2589 nou
696 2533 785 2591 solum
798 2536 822 2592 si
836 2537 939 2612 absque
992 2531 1108 2607 gemmis
1123 2538 1150 2587 ct
1168 2546 1235 2587 auro
1249 2529 1354 2603 fulgent
1373 2530 1485 2588 altaria!
1502 2531 1597 2604 quanti
1611 2531 1712 2604 ubique
1730 2531 1788 2604 pal-

134 2618 170 2674 eis
182 2618 277 2674 facilis
291 2625 366 2677 esset
380 2621 495 2691 curatio,
516 2620 565 2678 scd
584 2622 772 2700 multomagis
796 2633 823 2684 et
838 2626 938 2685 sicum
991 2620 1034 2678 liis
1054 2620 1173 2692 parieles
1201 2612 1387 2678 adornantur!
1415 2623 1496 2677 Putas
1508 2622 1542 2676 ad
1567 2623 1626 2679 lraec
1653 2621 1789 2679 divertent

134 2707 171 2764 εἰς
183 2707 225 2765 tit
236 2708 426 2780 impossibilis·
449 2711 562 2768 Animal
582 2711 674 2786 itaque
687 2714 723 2769 ad
737 2715 936 2788 poeniteutiam,
992 2709 1091 2781 angeli,
1103 2717 1130 2767 et
1139 2724 1278 2783 pannosos
1291 2709 1417 2766 homines
1430 2709 1629 2767 declinabunt?
1644 2709 1672 2766 Si
1683 2710 1720 2766 ila
1734 2719 1788 2779 est,

134 2803 160 2853 rt
175 2797 310 2854 accendit
324 2798 513 2856 vehementius
532 2799 698 2857 desiderium
716 2819 781 2875 spes
794 2813 935 2878 concepta.
992 2814 1041 2856 cur
1053 2799 1209 2870 pastoribus
1222 2798 1314 2855 ovium
1327 2799 1416 2872 magis
1430 2814 1592 2871 apparuere,
1608 2816 1692 2872 quarn
1707 2806 1788 2857 terras

133 2885 207 2943 Sane
232 2885 340 2945 accedit
357 2887 393 2943 ad
420 2888 638 2947 consolationem
657 2891 717 2964 ipsa
734 2908 855 2968 quoquo,
875 2912 938 2968 qum
992 2887 1111 2961 regibus,
1140 2905 1223 2960 quum
1247 2887 1434 2945 sacerdotibus
1453 2886 1570 2960 templi?
1597 2887 1653 2944 Cur
1673 2896 1700 2944 el
1727 2886 1788 2961 ipsc

133 2973 293 3046 pastoribus
319 2974 495 3052 vigilantibus
527 2978 648 3036 exhibita
677 2988 729 3053 est,
763 2982 881 3040 visitem
909 2993 937 3042 m
990 2974 1123 3047 Salvator,
1138 2978 1218 3047 cujus
1236 2984 1277 3033 εει
1291 2992 1388 3032 aurum
1404 2975 1505 3046 pariter
1519 2984 1546 3031 et
1569 2984 1723 3049 argentum,
1740 2993 1787 3033 sa·

133 3064 263 3121 allocutio
286 3064 457 3138 angelornm.
472 3067 520 3124 Vae
539 3066 627 3135 vobis,
646 3067 753 3140 divisos,
769 3070 817 3143 qui
830 3023 974 3129 bohemo
991 3065 1103 3120 cramin
1113 3079 1228 3136 corpore
1241 3063 1409 3120 suodedicat
1418 3065 1627 3135 paupertatem?
1637 3065 1785 3132 euroeae,

132 3153 351 3210 maculationem
359 3164 494 3226 =vestram,
520 3163 549 3212 ut
568 3158 625 3227 jam
640 3173 696 3214 non
711 3159 871 3216 mereamini
882 3162 938 3216 'lta-
991 3171 1039 3212 cur
1048 3162 1195 3227 paupertas
1208 3152 1267 3225 ipsa
1278 3161 1333 3209 tam
1342 3151 1454 3210 sollicite
1467 3161 1609 3210 enarratur
1622 3153 1656 3208 ab
1667 3153 1787 3223 angelo?

133 3242 201 3300 berc
214 3240 372 3299 caelestem!
387 3243 475 3315 Quam
484 3244 565 3301 multi
583 3245 657 3303 enim
669 3247 776 3305 nobiles
785 3249 937 3307 seeundum
989 3245 1084 3317 Neque
1095 3241 1169 3299 enirn
1182 3241 1241 3298 siue
1256 3241 1323 3298 certi
1339 3240 1444 3297 ratione
1455 3240 1577 3314 mysterii
1590 3241 1688 3315 pannis
1698 3241 1788 3301 Salvaa

132 3345 257 3399 amem,
273 3332 443 3403 quammulti
453 3339 693 3407 potentes;qnam
705 3335 783 3392 multi
797 3339 937 3411 sapientes
991 3340 1032 3390 tor
1053 3332 1216 3404 obvolvitur,
1239 3341 1266 3389 ει
1289 3330 1444 3403 punitorio
1465 3331 1612 3404 praesepio,
1631 3331 1786 3404 quandoid

132 3419 216 3490 bajus
229 3418 333 3489 sarculi,
353 3421 422 3476 hora
435 3420 482 3476 illa
501 3421 529 3477 in
547 3424 640 3479 stratis
660 3424 788 3482 mollibus
809 3427 936 3501 quiesce·
990 3420 1132 3479 manifeste
1143 3419 1170 3476 iu
1186 3419 1294 3497 signnm
1309 3419 1387 3477 nobis
1402 3420 1613 3476 commendatur
1627 3419 1662 3475 ab
1676 3420 1785 3492 angelo.

131 3509 214 3575 bant;
225 3515 254 3566 et
274 3523 355 3565 nemo
374 3524 470 3566 eorum
482 3510 582 3584 dignus
601 3512 709 3570 habitus
719 3521 761 3570 est
779 3530 878 3574 novam
894 3518 936 3575 vi-
989 3515 1052 3577 Hoc,
1064 3509 1162 3584 inquil,
1173 3510 1385 3582 occissionem:
1399 3509 1554 3567 inuenietis
1565 3512 1787 3582 inscrrtcmpoa·

132 3598 199 3654 dere
220 3597 322 3668 lucem,
337 3597 408 3656 scire
433 3615 564 3672 magnum
586 3601 653 3656 illud
668 3602 808 3676 gaudium,
823 3606 936 3681 angelos
989 3603 1035 3657 uis
1058 3602 1222 3659 involutam
1245 3600 1322 3672 (loc.
1338 3613 1369 3666 ιι,
1386 3599 1441 3672 12).
1458 3600 1488 3654 ln
1504 3597 1614 3671 signum
1629 3597 1709 3670 positi
1723 3607 1787 3655 sunt

131 3687 230 3744 anone
245 3693 385 3745 mutam
402 3707 409 3747 :
427 3689 523 3747 Gloria
538 3691 570 3748 ln
593 3693 711 3749 excelsis
729 3695 785 3751 Deo
799 3695 877 3767 (Luc.
893 3711 934 3766 m,
989 3689 1073 3762 pauni
1085 3688 1262 3756 minamine
1275 3688 1339 3744 lesu
1353 3706 1359 3754 ;
1375 3686 1463 3743 sedin
1479 3685 1598 3761 signum,
1610 3685 1680 3742 cuia
1695 3685 1787 3743 multis

133 3777 194 3847 tel!
210 3775 373 3849 Agnoscent
393 3776 477 3851 igitur
500 3778 636 3849 homines,
658 3781 721 3853 quia
735 3781 823 3855 quiin
842 3783 935 3842 labore
989 3795 1075 3853 usque
1089 3779 1169 3835 bodie
1184 3776 1391 3836 contradicitur.
1408 3775 1482 3831 llulti
1502 3775 1604 3847 quippe
1623 3774 1721 3843 vocati,
1737 3777 1787 3832 sed

132 3865 277 3923 bominum
286 3881 342 3922 non
353 3874 426 3936 sunt,
438 3866 542 3925 visitari
552 3868 585 3923 ab
596 3868 703 3942 angelis
712 3885 768 3927 non
782 3882 933 3931 merentur.
988 3884 1043 3926 non
1058 3868 1136 3924 multi
1149 3867 1239 3940 electi,
1256 3874 1283 3923 et
1293 3865 1358 3922 ideo
1373 3880 1425 3921 nec
1439 3863 1548 3939 signati.
1560 3867 1687 3937 Agnosco
1700 3873 1785 3935 certe,

131 3957 293 4028 ignorant
304 3971 386 4028 mam
395 3956 502 4030 placeat
516 3959 641 4030 supernis
655 3959 758 4016 civibus
768 3959 845 4019 labor
855 3964 934 4034 cujus
988 3971 1108 4032 agnosco
1123 3957 1216 4013 lesum
1230 3970 1361 4026 magnum
1380 3952 1552 4010 sacerdotem
1570 3952 1689 4010 sordidis
1702 3969 1787 4025 oper-

130 4042 283 4116 spiritualis
292 4043 407 4102 interam
422 4054 474 4118 est,
490 4036 713 4122 qnandoquidem
728 4059 756 4106 et
766 4066 814 4106 eos
825 4052 870 4124 qui
882 4069 934 4125 pro
989 4055 1045 4102 tum
1055 4045 1186 4112 vestibus,
1202 4044 1268 4101 dum
1279 4045 1458 4101 altercaretur
1471 4057 1535 4099 cnm
1553 4041 1672 4098 diabole.
1689 4041 1786 4099 Scien-

130 4133 205 4190 rictu
218 4133 353 4207 corporis,
380 4135 516 4209 corporali
528 4145 645 4210 urgente
661 4139 839 4211 necessitate,
856 4142 933 4200 labo.
988 4134 1059 4191 tibus
1082 4134 1236 4207 Scripturas
1250 4133 1358 4207 loquor,
1389 4139 1416 4188 et
1440 4130 1539 4203 quibus
1553 4145 1609 4187 non
1628 4130 1722 4204 ignota
1745 4139 1788 4187 εει

130 4227 204 4291 rent,
221 4236 274 4280 suo
288 4221 436 4296 dignantur
449 4225 579 4298 alloquio,
599 4234 627 4284 et
645 4227 764 4302 alloquio
779 4235 835 4285 tom
851 4231 931 4288 sotici,
986 4223 1145 4296 prophetica
1159 4221 1226 4280 visio
1241 4221 1378 4278 Zacbadae
1391 4219 1488 4292 (dccli.
1499 4235 1530 4275 ιιι
1533 4237 1552 4289 p.
1565 4219 1618 4277 Ubi
1631 4234 1698 4277 vero
1712 4219 1788 4277 exal·

129 4310 269 4369 Nimirum
281 4313 432 4370 humanum
449 4314 477 4371 in
493 4316 533 4373 eis
547 4325 699 4389 agnoscunt
712 4317 836 4376 ordinem
848 4319 931 4395 [avem
988 4319 1073 4369 tatum
1086 4320 1129 4369 est
1143 4319 1224 4384 caput
1238 4318 1362 4367 nostrum
1381 4325 1465 4383 super
1479 4307 1605 4366 inimicos
1618 4316 1787 4378 destrueter

130 4400 354 4475 ordinationeml,
371 4419 425 4476 qao
438 4405 577 4462 coustituit
586 4408 660 4463 Deus
674 4415 705 4462 ut
722 4407 750 4463 in
760 4407 860 4467 sudore
874 4411 933 4467 vul-
987 4401 1039 4458 hoc
1053 4399 1134 4474 plane
1153 4398 1265 4457 mutavit
1279 4406 1396 4470 vestem,
1412 4399 1542 4456 decorem
1557 4397 1654 4470 induit,
1670 4398 1785 4455 amictus

129 4496 175 4546 tus
188 4489 232 4546 sui
245 4497 371 4548 vescatur
383 4493 472 4548 Adam
486 4509 558 4567 pano
571 4510 621 4551 suo
637 4496 716 4567 (Gen.
732 4511 774 4568 m,
786 4501 841 4570 19),
985 4490 1088 4547 lumine
1101 4489 1170 4545 sicut
1190 4487 1361 4559 vestimento,
1377 4486 1536 4559 exemplum
1553 4486 1629 4543 dedit
1651 4487 1739 4558 nubis,
1755 4495 1786 4542 ut

165 4581 195 4634 6.
209 4578 335 4637 Obsecro
349 4596 408 4651 vos,
423 4581 603 4653 dilectissimi,
623 4586 796 4644 considerare
811 4586 930 4660 diligen.
985 4588 1013 4637 et
1026 4595 1076 4636 nos
1090 4578 1188 4635 eadem
1202 4575 1342 4642 iaciamus,
1358 4573 1454 4631 Utilior
1464 4574 1601 4647 siquidem
1617 4575 1643 4629 in
1654 4574 1782 4631 cunllictu

130 4668 196 4740 tius,
211 4677 349 4742 qnantum
361 4670 459 4749 lecerit
479 4673 554 4730 Deus
567 4689 618 4746 pm
632 4683 723 4731 vestm
743 4676 931 4735 mbmmmme
984 4667 1067 4726 lorica
1078 4667 1168 4724 ferrea
1178 4681 1260 4740 quam
1270 4665 1340 4721 stola
1352 4664 1436 4735 fines,
1446 4663 1509 4720 licet
1523 4662 1600 4719 oneri
1610 4663 1645 4717 sit
1659 4662 1713 4733 illa,
1722 4664 1781 4719 lraec

129 4766 156 4815 et
170 4758 328 4816 salutezne
342 4759 530 4819 infructuosus
544 4763 699 4821 inveniatur
709 4765 736 4821 in
746 4766 826 4823 vobis
840 4783 932 4826 sermo
984 4757 1090 4814 homil·
1113 4756 1173 4812 Eril
1194 4770 1257 4812 ⁰1¹¹ss
1275 4762 1304 4812 θῑ
1325 4754 1450 4810 memblss
1469 4757 1617 4824 sequemur
1636 4758 1727 4824 ffll’uts
1751 4759 1781 4807 ut

127 4856 185 4903 tam
209 4847 289 4905 vivus
307 4857 335 4906 et
348 4849 458 4918 efficax,
474 4867 565 4909 sermo
581 4853 668 4911 fideus
683 4863 710 4912 ev
730 4856 806 4913 omni
829 4872 930 4929 accep.
984 4863 1083 4921 corpus
1098 4848 1155 4918 iarn
1175 4845 1332 4903 universum
1345 4858 1400 4900 nno
1415 4841 1513 4914 psallat
1526 4839 1634 4912 spiritu,
1645 4848 1672 4898 et
1683 4841 1755 4897 dicat
1772 4860 1779 4899 :

126 4935 203 4994 5⁰⁰0
216 4936 334 5013 dignum
363 4955 533 4999 sermonen
562 4950 617 4998 lam
640 4944 697 5001 oris
720 4961 803 5017 quam
826 4946 928 5019 operis.
986 4936 1154 4995 Ceracct'dieti
1180 4951 1295 4992 soccum
1318 4948 1425 4999 meam,
1456 4936 1483 4988 cl
1503 4930 1713 4988 circumdedisti
1735 4949 1780 4989 mc

125 5026 243 5096 Putatis,
258 5028 476 5105 iratres,parum
498 5031 565 5088 mibi
578 5033 724 5090 molestum
747 5051 819 5103 esse,
836 5036 859 5092 si
878 5038 930 5094 hoc
985 5027 1090 5085 loell‘ll'll
1102 5028 1188 5099 (Pscl.
1207 5039 1288 5094 Ulli
1305 5024 1362 5093 12)·

122 5115 217 5189 iatum
236 5117 361 5187 verbam,
376 5120 451 5193 quod
470 5136 543 5179 nunc
566 5122 664 5196 loquor
686 5128 719 5180 ad
734 5140 793 5191 vos,
814 5140 929 5182 vacuum
1020 5121 1046 5173 ι.
1058 5112 1483 5187 invenietisinquit,insontem
1496 5112 1779 5185 pacoiaiuuolulam,

121 5215 150 5262 et
162 5205 227 5265 aine
242 5207 334 5282 aliqua
358 5209 474 5269 utilitate
486 5211 614 5285 deperire
629 5212 656 5269 in
680 5214 809 5271 cordibus
832 5214 930 5272 vestris
984 5210 1144 5284 ctposilcm
1158 5201 1381 5279 inproescpiodlt
1389 5208 1449 5272 post
1463 5216 1567 5274 pauca:
1583 5203 1732 5270 teneant,
1745 5201 1782 5255 ait

122 5297 263 5354 uossern‘.l
277 5297 312 5353 Et
329 5297 392 5372 quis
417 5315 479 5356 suro
493 5315 557 5375 ego,
573 5309 620 5358 aut
636 5301 697 5374 qnis
718 5309 760 5358 est
780 5302 824 5359 bic
839 5318 930 5361 sermo
984 5296 1161 5371 evangelista,
1175 5295 1361 5367 scatiscentes,
1377 5295 1405 5349 et
1420 5293 1591 5352 inuenerunt
1607 5290 1736 5358 Noricos,
1752 5295 1782 5347 ct

122 5387 229 5447 meust
247 5386 277 5445 si
300 5387 374 5445 hunc
396 5387 530 5445 tantillum
549 5390 624 5447 vocis
654 5391 777 5448 laborem
804 5391 929 5451 inutilem
984 5380 1780 5461 loscpb,ct,lnscotempositumicproescpiclltcc.miti).

124 5490 189 5534 csse
202 5475 312 5534 doleret
326 5476 543 5551 bomopusillus,
559 5477 614 5536 buo
629 5477 758 5548 atribili,
774 5497 857 5554 quam
870 5482 930 5552 ius·
983 5477 1053 5550 Quid
1067 5474 1197 5548 estquod
1211 5472 1269 5532 sola
1291 5473 1326 5530 ab
1346 5471 1445 5548 angelo
1466 5467 1653 5529 commendari
1673 5467 1781 5526 videtur
