3734 5948
100 259 155 326 Μ
732 261 901 324 standum
916 261 953 323 lll
966 260 1118 324 uadatus.
1180 209 1189 224 ι
1703 260 1759 329 990

102 388 204 464 gnaris,
220 389 268 460 qni
281 400 377 442 sanum
391 393 418 443 te
431 386 489 442 fieri
503 387 895 461 cupiollrusctmiai,inquit‚
913 400 938 481 Α
955 385 1011 445 fllio
1038 388 1194 445 adhibuisse
1218 405 1247 444 se
1269 389 1346 454 sciat,
1371 389 1520 445 aldamum
1548 390 1704 450 lmstratam
1728 410 1758 451 se

104 481 133 534 et
147 479 237 535 nolite
249 491 363 547 peccora
378 475 464 542 (arat.
482 491 521 541 xv,
538 478 575 545 5).
593 477 621 531 Si
638 484 745 546 peccato
760 477 895 543 irasceris,
957 475 1060 544 viderit,
1077 486 1104 533 et
1114 492 1209 534 ournes
1223 477 1332 534 labores
1345 491 1411 533 suos
1436 491 1497 534 esse
1510 480 1618 552 penitus
1635 481 1759 542 ioelllca-

106 582 159 620 non
175 564 262 619 solum
284 563 396 618 minime
411 578 516 632 peccas,
539 565 590 620 sed
614 575 641 620 et
664 565 737 636 quod
760 580 900 636 peccaras,
955 580 1010 632 ces,
1025 565 1070 621 illo
1089 565 1264 623 nihilominus
1285 565 1425 631 moriente,
1441 576 1587 640 propterea
1602 586 1721 641 unquam
1742 589 1758 629 a

105 653 280 711 exterminas.
296 655 373 708 Nunc
388 669 454 709 uero
469 661 496 709 et
512 661 651 724 peccatum
668 655 768 711 retines
783 654 902 711 medica·
956 654 1063 710 lletihus
1077 656 1256 726 temperavit?
1288 654 1320 711 llt
1334 654 1382 710 illa
1392 655 1501 726 quidem
1528 658 1579 713 hoc
1602 673 1654 731 pro
1671 669 1758 718 morte

108 750 225 799 mentum
242 741 407 813 respuendo,
424 751 451 798 et
468 758 583 813 peccare
596 742 710 813 apponis
728 741 902 800 irratiouahi·
956 743 1112 815 temporali;
1136 751 1237 814 quanto
1261 745 1349 817 magis
1364 759 1405 798 mc
1427 760 1477 814 pro
1492 755 1578 803 morte
1592 753 1691 802 aeterua
1709 748 1761 804 mei

106 832 167 887 liter
181 830 322 886 irascendo
336 851 344 898 ;
362 837 390 885 et
403 838 444 886 est
467 844 550 901 supra
570 831 677 886 modum
701 847 815 902 precans
835 845 901 901 pec·
956 830 1004 886 illii
1014 839 1106 888 manet
1121 833 1213 904 utique
1230 832 1350 902 ploratus
1363 845 1390 888 et
1400 833 1516 890 ululatus
1530 835 1640 907 multos,
1656 835 1759 893 ahumai

106 928 205 975 catum.
957 920 1023 976 nibil
1046 920 1113 977 mibi
1142 921 1271 976 conscius
1286 938 1356 988 sum,
1377 923 1523 992 quominus
1545 923 1759 981 annuntiaverim

143 1011 170 1068 l.
186 1007 336 1079 aliquoties
350 1007 457 1064 additur
472 1015 499 1062 et
518 1006 695 1079 impudentia,
710 1015 809 1065 utnon
822 1011 904 1067 modo
957 1009 1019 1064 illi?
1034 1007 1115 1066 Vides
1129 1010 1209 1067 etiam
1225 1025 1240 1064 a
1254 1010 1363 1082 quantia
1385 1027 1400 1067 e
1416 1011 1526 1081 regione
1542 1011 1619 1067 malis
1633 1019 1660 1069 et
1675 1028 1718 1084 se,
1734 1021 1762 1068 et

111 1095 222 1153 Mili
236 1095 407 1166 impatienter
420 1096 488 1152 ierat
502 1096 575 1168 quod
590 1096 746 1167 corripitur,
760 1098 807 1153 sed
823 1098 903 1154 etiam
957 1113 1007 1154 nos
1017 1097 1123 1165 liberat,
1144 1098 1192 1171 qui
1217 1110 1360 1168 correptus
1382 1110 1520 1156 mansuete
1548 1101 1704 1172 respondet,
1713 1116 1762 1157 ae-

108 1187 135 1243 id
159 1186 232 1242 unde
255 1184 474 1255 reprehenditur,
499 1185 668 1256 impudenter
691 1185 826 1244 delendat.
848 1187 905 1244 llos
958 1187 1077 1243 racundo
1098 1187 1258 1259 acquiescit,
1284 1190 1407 1244 modeste
1421 1188 1598 1259 obtemperat,
1623 1189 1762 1247 humiliter

109 1277 188 1347 plane
206 1273 367 1345 desperatio.
391 1277 491 1342 Frons,
510 1273 607 1346 iuquit,
624 1275 754 1333 mulieris
767 1278 903 1335 meretri·
957 1274 1112 1333 confitetur.
1128 1275 1195 1331 Huic
1209 1290 1261 1348 eqo
1275 1275 1372 1331 auimae
1390 1275 1417 1331 iu
1433 1278 1561 1332 omnihus
1576 1293 1621 1333 me
1634 1278 1763 1350 profitear

96 1366 290 1435 'cissoctuest
301 1361 793 1435 tits‚·notaista·eruteseere(terem.
804 1380 845 1431 ur,
857 1366 902 1437 3);
957 1363 1115 1429 debitorem,
1133 1364 1250 1421 huicme
1265 1365 1418 1422 ministrnm
1441 1373 1469 1421 et
1498 1380 1616 1433 serrum,
1633 1377 1761 1437 tanquam

109 1461 136 1508 et
150 1453 208 1508 ait:
229 1455 348 1509 Recessit
361 1452 440 1508 aclas
454 1468 561 1509 mareau
577 1457 614 1521 tc,
630 1453 711 1509 altra
724 1454 906 1511 aoairuscar
957 1452 1126 1526 dignissimae
1142 1453 1248 1509 Domini
1272 1454 1321 1508 mei
1336 1469 1454 1526 sponsa,
1485 1463 1512 1511 et
1529 1470 1589 1526 quea
1604 1471 1695 1512 revera
1716 1456 1762 1512 di-

114 1543 164 1598 titi
176 1542 286 1611 (haesi.
303 1558 356 1607 arr,
370 1540 425 1611 ta).
444 1540 510 1596 Solo
523 1540 618 1597 auditu
635 1544 825 1600 contremisco.
840 1543 906 1599 Seu·
958 1557 1022 1598 cere
1035 1541 1119 1612 possit
1135 1556 1142 1610 ;
1160 1543 1229 1599 Cam
1239 1547 1309 1600 esset
1323 1559 1376 1599 reu
1389 1545 1422 1598 ies
1431 1545 1564 1600 accubita
1579 1560 1641 1612 suo,
1654 1543 1762 1602 aurdrm

112 1630 181 1685 tisne
195 1629 289 1701 quanti
305 1628 427 1698 periculi,
443 1628 590 1700 quantique
603 1628 726 1686 horroris
740 1640 766 1686 et
779 1631 905 1687 tremoris
958 1647 1021 1688 anca
1035 1631 1112 1687 dedit
1126 1630 1239 1689 odorem
1256 1614 1350 1688 auaui.

114 1734 155 1774 res
174 1718 209 1772 sit
233 1717 334 1787 peccati
360 1716 507 1773 defensio?
530 1717 602 1774 Dicit
624 1717 745 1774 iterum:
762 1722 817 1793 Epo
840 1689 944 1793 quoru
994 1723 1022 1775 6.
1038 1721 1129 1775 Bonam
1139 1719 1294 1776 hamilitatis
1318 1721 1395 1784 odor,
1412 1719 1460 1792 qui
1480 1720 1515 1777 de
1543 1721 1594 1778 hac
1612 1721 1681 1776 valle
1700 1720 1763 1792 plo-

112 1811 314 1877 umo,urpaoet
325 1807 430 1877 custipo
444 1806 536 1881 (quu.
553 1808 591 1877 ιιι,
608 1805 663 1876 to).
678 1806 723 1863 Sic
738 1823 804 1880 ergo
823 1817 848 1865 te
861 1824 906 1864 ze·
962 1808 1073 1864 rationis
1106 1807 1265 1872 ascendens,
1283 1807 1404 1879 perfusis
1431 1810 1643 1880 circumquaque
1667 1808 1764 1865 simois

112 1890 304 1960 losdescruit;
323 1898 351 1947 et
373 1907 449 1947 amor
469 1909 475 1945 :
499 1891 615 1948 necetis
634 1892 844 1966 amoredignus,
860 1893 907 1966 qui
962 1896 1130 1969 regionibus,
1147 1897 1235 1967 ipsum
1250 1911 1359 1967 quoque
1376 1896 1479 1968 regium
1508 1897 1664 1955 accubitum
1684 1905 1763 1969 prata

113 1980 243 2053 indignus
278 1979 454 2051 castigatione
487 1979 615 2036 censeris.
648 1980 728 2037 Vides
755 1981 818 2054 quia
846 1988 910 2038 tunc
962 1986 1094 2042 suavitate
1109 1995 1262 2057 respergat.
1279 1983 1326 2039 list
1340 1984 1443 2040 nardus
1457 1985 1670 2055 humilisherha,
1684 2001 1766 2057 quam

115 2072 198 2141 magis
209 2068 332 2124 irascitur
342 2068 421 2137 Deus,
433 2069 498 2124 dum
510 2084 564 2125 uon
575 2068 710 2126 irascitur.
728 2071 911 2128 llisereomar
964 2082 992 2132 et
1006 2075 1098 2132 calidae
1116 2073 1206 2129 ierunt
1219 2086 1282 2130 esse
1296 2082 1399 2128 nature
1421 2074 1449 2128 hi
1471 2075 1516 2145 qui
1532 2074 1673 2130 herbarum
1695 2074 1767 2131 uires

114 2160 210 2229 impio,
226 2158 324 2231 iuquit,
340 2161 369 2215 et
387 2175 447 2217 aaa
465 2158 553 2216 discut
567 2160 663 2228 fucere
682 2160 827 2230 justitium
845 2159 911 2231 (lau.
964 2163 1097 2220 curiosius
1112 2163 1297 2232 explorarunt.
1313 2161 1347 2216 llr
1365 2160 1427 2218 ideo
1450 2178 1498 2233 per
1514 2162 1583 2218 hanc
1596 2162 1689 2219 uileor
1702 2163 1767 2217 mihi

115 2263 188 2312 xxrr,
205 2249 261 2316 to).
275 2245 489 2302 Misericordiam
509 2248 579 2302 hauc
592 2262 643 2319 ego
658 2246 730 2302 nolu.
748 2248 834 2319 Super
849 2263 910 2302 om·
965 2268 1020 2308 non
1054 2250 1273 2308 inconvenienter
1300 2251 1353 2306 hoc
1376 2251 1435 2306 loco
1455 2251 1582 2305 uirtutem
1609 2249 1768 2307 humilitatis

112 2335 178 2391 'nem
192 2336 259 2391 iram
273 2335 412 2391 miseratio
433 2337 494 2399 ista,
511 2334 617 2406 sepiens
640 2335 706 2390 mihi
720 2335 777 2391 vias
789 2336 908 2406 iustitiae.
965 2341 1097 2412 accipere,
1124 2339 1172 2394 sed
1183 2355 1242 2410 quae
1257 2338 1341 2394 macti
1362 2338 1463 2394 amoris
1491 2337 1636 2410 vaporibus
1655 2339 1763 2412 flagro.

116 2424 208 2480 Satius
234 2423 355 2493 proiecto
383 2423 461 2490 mihi,
484 2424 560 2493 juxta
590 2423 732 2494 Prophetae
759 2423 911 2490 consilium,
966 2428 1056 2498 Quod,
1072 2437 1293 2498 proptereasanc
1313 2427 1383 2492 dico,
1400 2429 1527 2500 quonium
1556 2436 1599 2484 eat
1627 2427 1766 2484 humilitas

117 2510 322 2583 apprehendere
336 2510 514 2583 disciplinam,
540 2511 685 2584 nequando
710 2513 837 2568 irascatur
859 2514 909 2568 Do·
967 2533 1048 2588 quam
1065 2518 1143 2573 uobis
1156 2515 1255 2572 uerius
1269 2515 1348 2586 parit,
1363 2524 1391 2571 et
1407 2530 1460 2570 nou
1491 2516 1572 2573 hahet
1591 2515 1708 2572 calorem
1724 2522 1769 2572 :et

117 2602 216 2667 minus,
232 2609 259 2656 et
274 2616 380 2671 peream
405 2602 439 2655 de
453 2599 497 2656 via
516 2600 591 2670 justa
614 2601 701 2671 (Psoi.
726 2618 756 2671 u,
773 2600 827 2672 li).
843 2601 914 2657 Volo
967 2615 1008 2661 est
1035 2604 1170 2663 humilitas
1196 2620 1276 2675 quam
1300 2603 1415 2660 charitas
1437 2603 1535 2659 lomnut
1561 2614 1588 2659 ιι
1607 2603 1765 2661 iollammat.

117 2689 242 2746 irascaris
256 2688 335 2757 mihi,
358 2689 439 2745 Pater
453 2689 700 2745 misericordiarum
714 2709 722 2757 ;
739 2691 786 2745 sed
803 2691 847 2746 illa
862 2689 912 2756 ira,
967 2695 1057 2766 Atque
1069 2693 1128 2749 haec
1142 2688 1251 2749 ¹4¹8
1262 2692 1372 2763 quidum
1386 2692 1412 2747 in
1426 2691 1540 2757 allecto,
1558 2691 1605 2748 illa
1620 2693 1648 2747 in
1672 2693 1768 2764 cogni·

117 2797 170 2854 qua
184 2779 296 2850 corrigis
311 2779 430 2845 devium,
445 2793 499 2834 non
514 2795 566 2851 qua
583 2779 705 2835 extrudis
719 2781 753 2834 de
770 2779 823 2838 via.
843 2779 912 2834 lllod
968 2782 1042 2838 tione
1055 2780 1190 2839 consistit.
1206 2780 1314 2836 Etenim
1329 2789 1368 2846 tu,
1388 2780 1412 2835 si
1449 2780 1621 2852 temetipsum
1648 2781 1722 2836 intus
1735 2781 1769 2837 ad

117 2878 164 2924 tua
177 2868 256 2923 nohis
270 2867 383 2938 benigna
397 2866 595 2923 animaduersio
616 2867 694 2937 parit,
711 2868 764 2922 hnc
778 2865 913 2925 formido-
969 2872 1060 2927 lumen
1073 2868 1195 2926 veritatis
1207 2877 1234 2925 et
1261 2871 1320 2925 siue
1343 2868 1556 2925 dissimulatione
1582 2868 1720 2941 inspicias,
1744 2878 1770 2926 et

117 2959 174 3014 losa
188 2956 269 3012 nutrit
284 2957 474 3012 dissimulatio.
492 2956 554 3012 Non
574 2955 645 3011 enim
664 2970 726 3011 curu
747 2955 852 3025 nescio,
867 2958 915 3012 sed
930 2962 952 3043 c
967 2957 1186 3033 sinepalpatioue
1199 2957 1347 3026 dijudicem
1362 2972 1416 3013 nou
1430 2955 1525 3014 duhito
1543 2957 1609 3028 quin
1636 2956 1765 3012 humilie-

116 3062 178 3102 oum
193 3045 280 3102 sentio
304 3054 329 3100 te
350 3046 458 3110 iratum,
484 3056 545 3099 tunc
566 3043 683 3100 maxime
697 3043 806 3100 confido
821 3045 914 3117 propi·
968 3049 1006 3105 ris
1019 3056 1046 3104 et
1060 3054 1088 3103 tu
1104 3046 1134 3102 in
1145 3043 1234 3103 oculis
1258 3045 1312 3100 tuis
1325 3042 1411 3102 laetus
1431 3043 1513 3102 vilior
1525 3044 1574 3100 tihi
1587 3059 1622 3100 ex
1644 3045 1694 3100 hac
1706 3058 1770 3102 vern

118 3135 208 3191 tium:
232 3133 333 3191 etenim
348 3148 409 3190 oum
432 3133 519 3189 iratus
541 3132 639 3202 lucris,
660 3132 855 3189 misericordiae
870 3150 915 3188 re-
971 3137 1127 3209 cognitione
1153 3135 1203 3201 tui,
1231 3132 1356 3206 quamvis
1378 3133 1495 3190 necdum
1522 3132 1637 3189 fortasse
1662 3133 1690 3189 id
1710 3148 1770 3191 asse

117 3223 281 3280 cordaheris.
293 3223 477 3295 bessinqnit,
489 3223 671 3295 taprops'tias
682 3223 824 3293 solsticia,
835 3223 919 3278 etal—
973 3222 1082 3297 patiaris
1095 3224 1123 3278 in
1146 3222 1233 3280 oculis
1254 3221 1380 3278 aliorum.
1396 3221 1459 3278 Eris
1480 3220 1565 3296 igitur
1586 3220 1706 3292 humulis,
1721 3222 1770 3279 sed

120 3314 225 3371 mareas
240 3314 272 3369 la
284 3328 378 3369 omues
389 3312 604 3369 adinventiones
616 3309 808 3380 ecromffsul.
816 3325 918 3377 xcvuu,
973 3313 1006 3369 de
1033 3327 1116 3383 opera
1136 3309 1245 3368 interim
1270 3309 1401 3380 veritatis,
1430 3317 1457 3365 et
1483 3310 1596 3367 minime
1623 3310 1711 3367 adhue
1726 3311 1772 3367 de

120 3406 157 3470 ιι).
174 3404 284 3474 lloysen
299 3402 417 3472 loquitur
430 3411 458 3455 at
471 3401 573 3467 Aaron,
584 3399 919 3472 atqueSamuelem,quos
972 3400 1075 3458 anroms
1101 3399 1248 3458 inlusione.
1274 3400 1354 3467 llam,
1369 3397 1393 3454 si
1410 3398 1530 3456 camuris
1545 3398 1640 3470 ipsius,
1656 3413 1717 3473 quae
1744 3406 1770 3456 te

122 3491 202 3547 modo
217 3490 402 3562 praemiserat;
418 3497 445 3543 et
459 3488 918 3560 hocvosatpropitiatiouem,quod
971 3491 1019 3547 tibi
1037 3491 1168 3547 armatur
1191 3498 1272 3563 atqua
1297 3487 1441 3546 salubriter
1467 3488 1671 3553 demonsaravit,
1700 3488 1770 3545 mont

118 3595 214 3636 eorum
234 3579 308 3634 Deus
329 3591 385 3632 non
406 3578 529 3648 pepercit
556 3577 720 3632 excessibus.
748 3578 760 3632 l
788 3592 862 3634 nuuc
889 3585 918 3633 tu
972 3580 1113 3653 splendore
1134 3577 1311 3649 illuminatus,
1346 3579 1383 3632 ita
1409 3575 1524 3633 amsans
1539 3590 1633 3632 amore
1653 3575 1769 3643 inissem

118 3684 197 3741 ergo,
214 3675 295 3738 atque
309 3668 379 3721 hauc
396 3663 443 3718 tihi
462 3663 596 3719 excludito
615 3665 642 3718 io
663 3674 805 3736 aetemom,
821 3665 917 3722 deleu-
971 3667 1102 3724 uoluisses
1117 3664 1319 3737 proculdubio,
1338 3664 1413 3736 quod
1433 3664 1460 3718 in
1481 3671 1510 3720 ta
1545 3671 1596 3732 est,
1621 3662 1715 3719 cadem
1737 3664 1770 3718 de

118 3757 207 3812 dendo
222 3770 351 3823 errorem,
363 3752 553 3808 etaccusaudo
565 3751 777 3822 correptionem.
797 3754 840 3807 Au
864 3769 917 3808 uon
973 3766 998 3811 te
1012 3770 1108 3812 omnes
1120 3762 1216 3811 tenere
1235 3755 1408 3820 antemium,
1436 3766 1518 3823 quern
1544 3752 1631 3822 ipsam
1658 3753 1731 3824 apud
1745 3760 1771 3807 te

118 3845 190 3901 istud
205 3851 246 3900 est
260 3843 359 3897 malum
375 3841 465 3895 dicere
483 3841 595 3906 honum,
612 3849 640 3894 st
659 3842 770 3905 honum,
796 3840 917 3897 malum?
972 3844 1112 3900 veritatem
1132 3843 1233 3899 habers
1255 3840 1412 3914 cognoscis.
1429 3839 1510 3908 Sane,
1529 3839 1607 3909 Quod
1627 3839 1655 3896 in
1673 3849 1702 3896 te
1730 3848 1772 3898 ast

119 3937 161 3990 An
185 3949 237 3990 nou
252 3947 284 3988 ex
308 3932 360 3988 hac
384 3929 478 3987 odiosa
499 3927 667 3998 impudentia
691 3927 832 3998 pullulabit
856 3945 917 3985 mox
971 3931 1100 4000 direxim3
1117 3931 1245 4003 qnoniam
1269 3931 1431 4003 plerumque
1457 3943 1510 3985 riou
1535 3929 1641 4000 expedit
1667 3928 1771 3986 ianote

119 4022 328 4094 impoenitentis,
343 4028 429 4075 mater
441 4016 660 4089 desperationis?
676 4018 761 4087 Quem
772 4016 845 4073 euim
858 4034 917 4088 poe-
972 4036 1046 4078 srere
1058 4021 1186 4077 omuibus
1200 4019 1292 4076 omnia
1304 4033 1365 4090 quaa
1379 4018 1582 4075 nossamnsds
1597 4018 1685 4086 nolam,
1694 4027 1771 4091 atque

92 4132 98 4142 ¹
120 4111 201 4166 niteat
215 4126 298 4181 super
311 4111 383 4166 bono
396 4107 468 4180 quod
482 4106 585 4179 putati
605 4106 647 4162 Vua
660 4105 720 4162 illis
735 4105 822 4179 iuquit
849 4107 915 4176 (liu.
971 4111 1031 4181 ipsa
1045 4108 1164 4167 ueritatis
1182 4109 1320 4177 charitate,
1339 4119 1365 4164 st
1393 4106 1532 4164 charitatis
1559 4107 1673 4164 raritate
1695 4116 1771 4163 reta·

119 4213 146 4262 v,
164 4197 218 4268 to).
240 4199 282 4254 Voe
297 4198 366 4252 istud
390 4206 521 4272 arternum
550 4201 602 4250 est.
617 4194 696 4251 Aliud
723 4202 765 4250 est
783 4209 916 4268 quemque
972 4198 1131 4272 murpalam
1145 4196 1288 4256 herivalle
1302 4197 1375 4269 quod
1399 4202 1494 4252 noceat
1506 4194 1675 4267 agnoscenti.
1699 4194 1773 4251 llio·

119 4285 217 4342 tentari
231 4301 247 4340 a
260 4286 370 4357 propria
382 4283 600 4357 concupiscentia
617 4284 783 4340 abstractam
811 4293 839 4339 et
851 4283 915 4339 ille·
969 4289 1046 4362 quin,
1061 4287 1085 4343 si
1096 4287 1201 4359 privato
1213 4283 1305 4363 amore
1320 4285 1359 4341 tui
1374 4291 1464 4341 tentus
1479 4284 1585 4339 detines
1606 4281 1705 4351 pariter
1727 4283 1771 4338 in-

119 4381 245 4441 ctum;et
258 4374 329 4431 aliud
341 4381 437 4444 sponte
449 4385 579 4444 appetere
593 4372 694 4429 malum
711 4379 840 4445 tanquam
866 4346 954 4427 bon
973 4385 1016 4434 trs
1030 4385 1057 4434 te
1069 4375 1200 4448 indicium
1216 4362 1335 4448 talitatis
1351 4371 1496 4438 inclusum,
1520 4370 1564 4427 oui
1591 4370 1704 4428 dubium
1731 4378 1775 4428 est

120 4480 195 4531 num,
210 4463 244 4517 ad
259 4470 372 4518 mortem
382 4460 460 4533 quasi
473 4461 507 4515 ad
520 4459 602 4517 uitam
618 4459 687 4516 mala
704 4475 832 4517 securum
853 4477 916 4532 pro·
974 4467 1065 4523 miuus
1088 4473 1114 4520 tc
1127 4465 1265 4522 veritmem
1290 4462 1402 4535 diligere
1428 4460 1472 4516 cui
1496 4460 1638 4531 proprium
1663 4459 1774 4532 praalers

121 4568 227 4626 perure.
243 4551 294 4607 Pro
308 4548 474 4621 hujusmodi,
485 4548 559 4616 dico,
572 4549 680 4604 mallem
702 4550 847 4621 aliquando
872 4558 915 4606 ta·
970 4553 1203 4621 velecmmodum,
1221 4551 1262 4607 rel
1273 4550 1425 4606 honorem?

120 4641 209 4699 coisse
219 4638 523 4710 etdissimulassequod
533 4637 724 4710 agiperparam
735 4637 912 4709 deprehendi,
1002 4646 1030 4699 7.
1044 4642 1125 4698 l'idcs
1135 4639 1219 4711 igitur
1234 4654 1287 4695 oon
1303 4638 1402 4696 eaaeid
1417 4638 1516 4710 ipsum,
1534 4636 1672 4694 homiaem
1684 4637 1720 4694 de
1744 4651 1774 4694 se

119 4747 199 4803 quam
214 4734 246 4786 ad
257 4738 356 4788 tantam
371 4725 575 4799 reprehendisse
590 4725 744 4798 perniciem.
967 4736 1027 4806 ipso
1037 4746 1090 4787 non
1105 4730 1187 4785 altum
1214 4730 1273 4800 jam
1283 4742 1389 4799 sapere,
1403 4726 1517 4784 veriats
1545 4725 1656 4783 luminis
1679 4727 1773 4783 redar-

156 4824 183 4875 5.
196 4820 276 4876 Dicas
292 4817 383 4874 forsan
398 4814 473 4883 mihi,
488 4816 563 4886 quod
579 4816 679 4872 bonnm
705 4830 807 4885 mcum,
822 4816 856 4873 ad
871 4831 914 4869 mo
967 4831 1076 4896 gutum3
1104 4826 1132 4876 et
1158 4817 1306 4874 humilibus
1333 4823 1430 4889 sponte
1456 4815 1625 4881 consentire,
1662 4830 1774 4872 mouere

121 4919 283 4980 revertatur,
297 4917 324 4964 et
336 4903 524 4978 quisliberavi
538 4903 659 4960 animam
668 4920 763 4970 meam,
784 4912 811 4959 ct
832 4920 914 4960 mnu·
969 4908 1108 4970 charitatis
1122 4909 1258 4977 adjutum.
1274 4905 1428 4963 llludenim
1452 4903 1625 4961 necessitatis
1651 4910 1705 4970 ast,
1722 4903 1775 4960 hoo

119 4999 170 5054 dus
190 5014 250 5054 sum
265 5013 281 5052 a
299 4994 430 5070 sauguine
445 4993 577 5058 hominis,
592 4992 637 5048 cni
653 4992 809 5048 aununtiavi
834 5003 862 5049 et
874 4992 915 5049 lo·
968 4998 1119 5058 voluntatis.
1148 4997 1336 5070 semetipsam
1350 4994 1525 5060 estanatvit,
1547 4990 1638 5063 inquil
1651 4993 1776 5064 [mom

120 5096 198 5142 cutura
212 5103 281 5151 sum,
299 5093 327 5140 ut
338 5092 506 5140 averteretur
520 5083 589 5138 avia
603 5098 651 5138 sua
669 5082 747 5149 mala,
761 5092 789 5138 et
802 5082 912 5140 viveret.
969 5104 1044 5147 seros
1058 5087 1199 5160 accipiens
1218 5086 1354 5157 (Pbilspp.
1374 5099 1404 5152 rr,
1417 5084 1460 5152 i),
1477 5081 1593 5137 iormsm
1615 5079 1775 5138 hamilitatis

119 5177 172 5232 Sed
192 5177 241 5230 etsi
267 5174 405 5229 innumera
425 5172 487 5228 talia
509 5171 603 5240 addas,
631 5186 674 5225 me
697 5178 786 5226 mmen
805 5168 916 5228 minime
971 5175 1089 5232 undana.
1105 5172 1386 5245 lpsaseexinanirit,
1407 5171 1467 5242 ipae
1485 5185 1516 5226 se
1535 5168 1694 5238 humiliarit,
1720 5184 1776 5225 oon
1805 5160 1811 5188 ⁷
1857 5186 1862 5193 ·

118 5267 168 5321 ista
197 5263 416 5327 consolabuntur,
440 5269 552 5317 mortam
581 5257 630 5314 fllii
659 5259 816 5316 intuentem.
833 5259 916 5330 Quasi
970 5262 1145 5322 neccessitate
1157 5261 1261 5333 iudicii,
1276 5261 1325 5318 sed
1348 5260 1433 5318 nostri
1459 5259 1599 5316 charitate.
1617 5260 1722 5315 Poterat
1737 5257 1776 5314 ni·

119 5370 184 5412 vero
199 5369 286 5409 meam
300 5352 347 5406 illa
371 5350 580 5422 reprehensione
593 5347 780 5407 liberationem
794 5346 914 5421 quaesie-
971 5361 1068 5410 mirum
1087 5351 1166 5407 silem
1178 5367 1207 5406 se
1222 5359 1249 5405 et
1273 5348 1503 5419 contemptibilem
1519 5348 1713 5414 demonstrare,
1726 5347 1775 5404 sed

119 5442 181 5515 mm,
197 5450 224 5499 et
240 5458 293 5499 nou
311 5439 397 5513 magis
412 5437 500 5496 illius!
521 5437 587 5508 Quae
602 5437 676 5495 enim
696 5444 793 5502 mater,
809 5437 915 5495 etiamsi
972 5443 1052 5515 plane
1063 5455 1117 5497 nnn
1132 5449 1264 5509 reputare,
1276 5438 1402 5510 quoniam
1429 5437 1532 5495 sciehat
1546 5453 1576 5492 se
1601 5437 1701 5509 ipsum.
1718 5437 1774 5493 Vo-

120 5548 230 5589 omnem
247 5547 329 5605 quam
346 5529 431 5601 potuit
443 5544 534 5585 curam
549 5534 577 5583 et
590 5525 758 5598 dssipsuham
772 5526 913 5599 egrotanti
970 5531 1072 5588 luntate
1100 5527 1213 5603 proinde
1228 5527 1340 5586 humilis
1351 5525 1409 5599 luit,
1425 5534 1452 5584 et
1467 5541 1520 5587 aon
1533 5525 1647 5599 judicio,
1668 5525 1713 5600 qui
1730 5534 1771 5585 tr·
