3728 5934
61 203 118 265 865
688 208 858 271 steuchus
875 208 910 269 th
928 200 1081 270 cuntai.
1653 218 1711 283 m

54 328 156 384 minem
184 328 336 385 seientiam.
367 330 432 385 lutle
460 330 563 402 augelis
590 334 742 390 divinorum
764 335 859 392 notitia
873 355 896 435 Α
912 341 940 390 et
953 334 1071 408 eupiunt,
1088 351 1141 392 nee
1155 334 1266 394 omuino
1287 335 1426 395 suibeiunt
1440 337 1475 392 ad
1494 345 1550 395 tatu
1563 338 1707 402 subimus

10 386 230 523 Ιῥυυίυἰοιύυι,
247 416 309 471 iude
322 417 498 475 consiliorum
515 422 705 497 archangelis;
720 424 757 479 ibi
775 425 857 480 virtu·
911 426 1033 496 parvulae
1047 427 1148 497 quippe
1168 425 1195 481 in
1211 425 1320 483 Christo
1335 434 1408 493 sunt,
1421 426 1491 484 laete
1504 429 1605 491 stolen
1620 430 1709 493 nutri·

10 482 97 559 'tos
125 506 248 572 audiunt,
274 507 391 576 quando,
410 516 437 564 et
463 510 519 576 ubi
546 524 572 568 et
604 513 692 582 qualia
720 512 858 585 prolersnt
910 512 997 567 ende.
1011 513 1048 568 Ει
1050 529 1086 586 go
1096 530 1129 570 es
1142 514 1271 571 uberibus
1283 530 1392 586 sponsa
1405 528 1477 586 epm
1486 531 1596 574 sumere
1608 519 1709 581 habam

51 593 145 667 signa.
179 594 218 649 lbi
247 593 366 667 denique
395 595 526 663 universi,
554 598 611 656 sive
628 600 682 656 mut
698 607 856 672 potestates,
911 598 1120 671 uudediligent.
1136 599 1709 678 Habetoleumellusumsponamdeuius

51 682 115 738 sive
127 681 304 754 principatus,
321 699 377 741 srva
386 684 599 756 dominationes,
618 688 724 746 diseunt
739 689 858 764 protecto
912 688 963 743 lllae
987 688 1136 744 excitantur
1155 690 1281 762 odorum,
1306 699 1417 764 guture
1445 695 1472 747 0⁸
1498 692 1601 749 senilis
1623 708 1708 767 tiwtl

50 769 120 842 quid
140 786 174 826 ex
187 769 276 827 ollioiu
299 771 423 842 debeant,
448 775 513 848 quid
534 792 583 846 pro
595 776 726 850 dignitate
752 794 857 851 praesu·
912 776 1001 834 suavis
1015 784 1057 832 est
1072 777 1216 834 Dominus.
1233 778 1354 852 Cumque
1375 794 1468 835 amore
1483 778 1630 852 llagrantas
1648 798 1710 854 per·

50 866 144 931 mant,
174 868 200 914 et
215 860 286 932 quod
302 861 438 933 praecipue
461 875 570 920 cautum
585 877 627 922 ast
653 867 789 937 omnibus,
810 882 859 923 ao-
911 866 1036 931 senserit,
1055 876 1217 923 convertens
1238 883 1269 924 ae
1293 868 1326 924 sd
1347 883 1504 938 sponsum:
1531 869 1642 937 Oleum,
1658 870 1708 939 ait,

50 957 137 1020 copta
152 955 281 1019 potestate
294 951 328 1005 ad
349 951 482 1023 propriam
497 956 663 1012 voluntatem
679 971 730 1013 seu
745 955 858 1030 gloriam
912 954 1038 1024 effusum
1052 970 1155 1011 nomm
1170 959 1265 1021 taum,
1281 959 1430 1027 propterea
1440 954 1658 1016 odotaemtutoe
1671 959 1711 1016 dt'·

50 1050 111 1093 non
124 1036 210 1093 abuti.
914 1039 1710 1113 tenemuttenimia?Quidestnimisiialde,vebemeutar

93 1128 122 1180 b.
143 1125 192 1180 lita
206 1137 294 1182 tamen
322 1127 382 1184 etati
396 1127 513 1199 agmina,
544 1146 605 1204 qua
627 1133 757 1189 cherubin
785 1149 859 1189 nun·
913 1129 1047 1186 ardenter.
1060 1130 1106 1187 vu
1121 1141 1196 1188 certe
1209 1130 1297 1204 magia
1311 1149 1344 1189 ex
1358 1131 1469 1204 obliquo
1482 1147 1542 1203 vna,
1558 1132 1607 1207 qai
1626 1149 1710 1209 nsper

50 1222 203 1284 nupantur,
216 1214 239 1270 si
266 1213 306 1271 ois
324 1214 367 1271 sui
381 1216 501 1272 vocabuli
519 1226 638 1277 ”matur
666 1221 859 1294 interpretatio,
913 1216 1035 1286 venistis,
1061 1219 1147 1290 tangit
1170 1218 1321 1292 spiritualis
1343 1234 1453 1291 sermo;
1480 1228 1599 1279 remum
1622 1222 1709 1296 illam

51 1301 177 1359 arbitror
203 1300 381 1361 nihilbabere
404 1306 477 1376 quod
492 1305 526 1361 ab
554 1306 631 1379 ipsis,
652 1319 699 1367 aut
723 1325 771 1382 per
784 1309 860 1380 ipsos
912 1321 993 1379 quam
1016 1315 1043 1363 et
1060 1322 1110 1364 nos
1138 1309 1296 1380 t'requenter
1318 1309 1467 1380 reprimere
1484 1309 1573 1368 eonati
1602 1326 1710 1380 suanus,

52 1389 189 1462 accipiam
207 1407 213 1444 :
230 1405 292 1446 rum
310 1392 343 1448 de
371 1393 431 1464 ipso
457 1392 531 1450 fonto
554 1395 589 1450 ad
617 1395 724 1467 pianum
751 1396 861 1454 haurire
914 1392 1157 1451 minusdiscretam
1178 1395 1387 1465 vehementiam,
1409 1397 1464 1454 imo
1477 1396 1711 1469 intemperentiam

51 1476 147 1546 liceat,
169 1479 229 1550 ipso
246 1496 278 1536 ea
297 1494 348 1551 per
375 1496 405 1537 se
418 1481 536 1540 Dontino
558 1485 621 1540 teau
648 1486 791 1560 dignanter
823 1487 862 1543 iu·
915 1497 1030 1552 prorsus
1046 1482 1161 1540 nimium
1174 1483 1337 1542 obstinatam
1352 1483 1530 1558 redarguens.
1552 1486 1617 1544 Non
1630 1487 1712 1547 vultis

53 1571 218 1626 hadamuta
245 1568 274 1624 iu
287 1584 396 1626 omnem
423 1571 620 1643 plenitudinem
646 1576 775 1644 veritatis,
802 1576 860 1633 the-
914 1584 976 1628 esse
990 1572 1128 1628 communi
1137 1572 1256 1629 mutanti
1269 1572 1334 1630 vita.
1348 1573 1410 1629 Nun
1425 1570 1526 1631 sufficit
1540 1574 1618 1639 vobis
1627 1590 1712 1648 regn·

50 1673 154 1714 sauros
180 1658 318 1729 sapientiae
343 1659 530 1733 anianumque,
566 1662 614 1733 qul
643 1663 671 1719 in
698 1679 732 1721 eo
761 1679 860 1721 omnes
877 1633 1130 1732 blateiejuntum
1154 1675 1208 1717 non
1227 1659 1364 1718 solemnes
1384 1659 1496 1732 vigilam
1517 1676 1572 1717 non
1585 1660 1714 1734 imponite

54 1747 210 1804 anamodo
234 1755 306 1813 aunt,
332 1747 485 1821 largissima
508 1752 654 1808 uastante.
681 1751 736 1809 sm
763 1769 814 1810 neo
828 1769 862 1811 aa
913 1745 1139 1821 theotimum
1161 1764 1405 1821 nonsummum
1430 1749 1507 1809 vobis
1528 1750 1661 1823 paramur
1683 1753 1712 1809 tu

54 1852 121 1907 quau
149 1836 284 1906 appellata
313 1843 376 1893 suut
416 1838 553 1910 seraphin,
581 1839 683 1912 quippe
709 1856 772 1913 quea
802 1841 861 1914 ipsa
915 1835 1081 1895 renumeratis
1094 1848 1121 1894 et
1139 1837 1290 1911 alimentis3
1313 1836 1420 1910 privata
1436 1838 1571 1911 praefertis
1585 1853 1714 1899 sumtuu-

56 1922 179 1980 charitas
203 1925 277 1981 Deus
303 1925 331 1982 ln
345 1940 375 1982 se
393 1925 462 1983 atleo
476 1926 556 1984 traxit
570 1936 598 1984 et
611 1929 760 2003 absorbuit,
780 1937 861 2004 atque
915 1925 1004 1983 uibus.
1024 1925 1078 1995 Qui
1106 1925 1190 1984 vestri
1211 1943 1305 1985 euram
1332 1929 1417 1985 semel
1441 1929 1521 1987 nobis
1548 1929 1711 1999 efflatu,

55 2013 88 2069 in
113 2012 239 2069 eumdem
258 2013 347 2085 rapuit
367 2023 468 2071 sanetae
500 2016 653 2075 allectionis
678 2018 814 2089 ardorem,
831 2028 863 2077 ut
915 2016 979 2088 quid
995 2031 1102 2075 masam
1121 2017 1157 2075 de
1170 2016 1247 2074 vobis
1260 2032 1310 2074 vos
1324 2015 1524 2079 intromittitis?
1538 2019 1608 2076 Nam
1626 2018 1712 2090 illam,

56 2116 132 2160 unus
144 2116 206 2159 mm
218 2103 278 2159 Deo
304 2118 363 2160 esse
385 2103 496 2175 spiritus
509 2103 668 2177 videantur;
682 2107 779 2179 ,instar
794 2124 861 2182 pro·
916 2119 976 2177 que
989 2105 1071 2163 toties
1085 2104 1368 2175 Deum,oonscientiis
1383 2105 1481 2164 vasula
1494 2106 1714 2176 ustibusmiisa-

58 2190 133 2248 lecto
146 2191 230 2263 ignis,
243 2191 293 2263 qui
306 2206 407 2258 aerem,
420 2208 501 2264 quem
524 2193 687 2264 inflammat,
703 2197 768 2253 dum
781 2213 862 2254 suunt
913 2191 1003 2263 distiti,
1025 2201 1161 2267 til⁰ilr¹⁸m
1186 2194 1291 2251 *lilim
1312 2196 1479 2253 ”tillium
1500 2205 1627 2264 wifam·
1647 2211 1714 2255 Μ

57 2278 86 2335 ei
102 2288 187 2339 tutum
202 2279 318 2337 calorem
334 2279 479 2352 imprimit,
502 2280 643 2357 induitque
657 2284 786 2351 colorem,
807 2300 861 2344 nou
915 2296 987 2337 nuno
1005 2280 1102 2339 iterum
1120 2281 1281 2355 magistram
1295 2281 1414 2350 habetis,
1437 2298 1492 2340 uon
1516 2298 1569 2344 me.
1590 2282 1640 2342 llls
1662 2299 1714 2342 vos

58 2367 190 2439 ignitum,
204 2368 250 2425 sad
277 2368 370 2441 ignom
390 2367 485 2428 leonae
512 2374 642 2432 cernitur.
658 2375 757 2430 amant
772 2375 862 2446 itaqua
917 2378 1019 2426 naturae
1040 2368 1120 2427 docet
1135 2385 1188 2427 non
1204 2385 1327 2444 parcere,
1341 2369 1440 2427 rationi
1454 2386 1509 2429 non
1531 2372 1714 2446 scquiuesra,

60 2455 200 2529 precipue
225 2457 401 2528 contemplari
432 2459 461 2514 in
490 2461 549 2517 Deo
563 2460 601 2516 illi
628 2461 739 2533 quitiam
753 2461 862 2535 spiritus
916 2472 970 2515 nou
993 2459 1182 2530 obtemperare
1210 2457 1350 2515 seniorum
1376 2459 1488 2516 consiliu
1510 2460 1553 2517 rel
1576 2461 1712 2533 exemplo,

59 2544 204 2601 seientiam
221 2545 300 2616 cujus
314 2560 368 2601 non
393 2556 434 2603 est
457 2563 602 2620 numerus,
618 2549 645 2604 bt
658 2565 725 2608 vero
744 2550 861 2608 eharita—
916 2563 971 2604 nou
981 2546 1094 2605 obedire
1107 2548 1196 2605 nobis.
1212 2549 1256 2606 An
1269 2548 1401 2622 ignoratis
1412 2547 1580 2621 quiamelior
1592 2549 1715 2611 estoba·

61 2642 126 2701 tem,
160 2649 221 2708 qum
249 2650 417 2708 naquaquam
445 2637 556 2696 excidit.
588 2638 663 2696 Unde
691 2648 720 2696 et
752 2640 862 2696 numina
916 2636 1016 2694 dieatia
1032 2653 1113 2711 quam
1132 2635 1269 2695 victimet
1282 2636 1307 2710 (l
1319 2638 1384 2710 ileu.
1400 2652 1444 2706 xv,
1459 2639 1518 2707 ss.)
1533 2637 1595 2695 Nun
1609 2635 1715 2713 legistis

61 2722 112 2779 ista
130 2722 218 2779 sortiti
231 2730 294 2779 sunt
320 2739 354 2781 ex
369 2737 401 2781 eo
420 2726 531 2799 quique,
555 2726 583 2783 itt
598 2743 653 2798 quo
685 2728 861 2801 praeeminere
917 2725 945 2781 in
960 2725 1063 2799 Regula
1079 2733 1179 2793 vestra,
1195 2728 1271 2798 quud
1288 2725 1420 2799 quidquid
1441 2726 1501 2783 sine
1521 2725 1715 2785 voluntatsvsl

61 2811 188 2869 videntur
204 2830 211 2868 :
227 2828 287 2868 uam
315 2812 445 2870 cherubin
471 2816 582 2888 quidem
601 2817 740 2889 plenitudo
771 2819 861 2876 scien·
916 2829 1052 2871 consensu
1075 2815 1161 2888 patris
1182 2813 1384 2886 spiritualium,
1400 2814 1715 2888 vaneglormdapnta·

61 2900 121 2972 tiae3
151 2901 278 2976 seraphin
309 2916 375 2958 vero
414 2902 586 2962 incendentia
611 2907 654 2965 vel
683 2907 792 2967 incensa
819 2906 864 2964 di·
880 2912 902 2991 α
919 2903 1002 2974 bitur,
1017 2890 1073 2962 uulf
1089 2902 1230 2971 mortedi?
1248 2903 1357 2978 (must.
1368 2905 1397 2962 S·
1411 2903 1569 2972 Benedici}
1580 2918 1642 2976 ⁰‘lb
1654 2904 1714 2974 ιθο)

60 2997 170 3047 cuntur.
920 2994 978 3050 Nou
999 2993 1104 3066 legistis
1121 2993 1149 3050 in
1168 2992 1329 3066 Brangolto,
1350 3007 1430 3066 quam
1447 2991 1552 3051 tunm
1569 2990 1715 3050 obediendi

100 3074 217 3136 ¹825
233 3081 261 3137 6.
277 3078 404 3154 Diligitur
418 3097 485 3155 ergo
506 3083 541 3138 ab
559 3084 666 3158 augelis
678 3084 752 3143 Dens
769 3088 806 3144 ob
818 3086 865 3157 jn·
919 3098 986 3156 puer
1004 3083 1084 3140 iesus
1098 3083 1189 3154 pueris
1205 3080 1304 3139 sanctis
1317 3078 1478 3138 tradiderit?
1497 3081 1577 3148 Nam,
1591 3096 1654 3139 eum
1666 3096 1716 3138 re·

60 3166 195 3226 diciorum
216 3182 326 3227 suorum
346 3186 478 3227 summam
505 3170 678 3246 aequitatem
707 3175 741 3232 ab
754 3175 867 3234 areban-
920 3171 1067 3228 mansisset
1080 3170 1107 3227 iu
1120 3170 1283 3234 Jerusalem,
1294 3176 1322 3225 et
1331 3167 1445 3225 dixisset
1458 3168 1487 3225 iu
1500 3167 1716 3243 hisqutnl'stris

60 3255 144 3331 galis,
186 3257 223 3314 ob
263 3258 435 3317 consiliorum
475 3277 609 3318 summam
640 3263 865 3331 moderationem
920 3260 963 3318 sui
976 3269 1053 3316 erant
1069 3268 1194 3360 oportere
1212 3275 1244 3317 se
1257 3274 1328 3328 esse,
1344 3272 1400 3316 nou
1413 3257 1649 3332 acquiescentibus
1663 3273 1715 3330 ps·

60 3360 181 3418 porros
208 3345 362 3416 virtutibus,
384 3348 420 3405 ob
435 3349 657 3423 benignissimam
672 3352 867 3410 exhibitionem
920 3347 1078 3409 rentibus
1055 3363 1125 3420 erus,
1144 3348 1222 3421 sequi
1241 3344 1324 3405 illos
1317 3361 1346 3403 m
1359 3345 1493 3403 Nazareth
1512 3346 1716 3420 mndespexit,

61 3433 266 3503 miraculorum,
302 3452 353 3508 per
388 3453 450 3511 que
483 3439 638 3499 incredulos
664 3440 890 3525 dignantissime
920 3436 1048 3512 ltugisur
1063 3437 1219 3510 discipulos
1238 3439 1313 3495 Deus
1335 3435 1468 3515 hominess,
1490 3435 1608 3493 Verbum
1621 3436 1717 3493 stb'a·

60 3522 146 3581 trahit
164 3522 199 3579 sd
220 3521 321 3593 lidem;
340 3525 551 3598 apotastatibus
577 3543 651 3597 vero,
675 3528 712 3585 ob
729 3528 836 3586 illam
825 3546 869 3602 ῥυ·
922 3525 1024 3598 pientia
1037 3525 1146 3582 labrum
1159 3535 1186 3583 et
1199 3522 1339 3582 laminam
1350 3508 1442 3596 Quid?
1456 3522 1543 3579 Etiam
1556 3521 1718 3603 additsasrs¹

61 3611 398 3685 suasimaapoteutioerim‚
414 3616 551 3687 quasolet
564 3633 580 3673 a
593 3616 646 3689 piis
661 3618 868 3693 malignantium
922 3614 1059 3673 historia:
1075 3616 1109 3672 at
1123 3617 1198 3681 erut,
1212 3613 1309 3686 iuquit,
1324 3611 1523 3671 immerentis
1536 3611 1717 3683 (Lacutu-

61 3701 224 3775 propulsare
239 3710 266 3759 et
280 3719 372 3762 arcere
397 3703 599 3774 emdelitatem;
625 3722 719 3765 vuum
733 3725 749 3765 a
761 3709 867 3781 prinoi-
922 3705 982 3777 tit).
996 3700 1145 3776 Quousque
1157 3717 1208 3760 vos
1221 3701 1357 3774 sapientes
1371 3701 1437 3757 estis
1451 3699 1479 3755 in
1493 3699 1578 3757 oeulis
1594 3699 1717 3761 ruunt

62 3791 183 3864 petibus,
196 3792 233 3849 ub
255 3800 383 3850 aeternam
404 3803 432 3850 et
447 3793 605 3867 originalem
637 3794 719 3851 illiam
732 3795 868 3865 virtutem,
923 3792 997 3850 beas
1010 3807 1041 3848 se
1066 3789 1225 3849 mortalibus
1245 3787 1333 3847 credit
1351 3787 1599 3855 atsubditorum
1617 3787 1646 3845 in
1666 3787 1718 3848 viis

61 3896 118 3953 qua
133 3880 181 3936 dat
199 3895 259 3938 esse
277 3889 305 3939 et
331 3883 441 3939 essendi
465 3883 627 3957 principium
640 3883 715 3942 omni
740 3894 870 3942 ereatura
924 3884 1022 3940 vestris
1042 3882 1130 3939 adhue
1146 3876 1311 3937 mbutudst
1332 3878 1436 3935 Bonum
1450 3875 1617 3951 receperatis
1637 3877 1719 3951 spiri-

61 3968 201 4039 superiori
231 3976 260 4025 et
283 3969 413 4038 interiori,
426 3971 558 4043 spirituali
583 3982 612 4031 et
629 3972 773 4045 corporali,
786 3973 870 4031 attin·
924 3981 999 4040 tum;
1014 3971 1063 4028 sed
1075 3984 1129 4029 noo
1144 3970 1214 4028 bene
1227 3966 1334 4027 utimini
1344 3982 1390 4027 eo.
1405 3966 1509 4027 tueor
1520 3981 1557 4025 nn
1569 3966 1653 4025 atium
1666 3980 1718 4040 pro

60 4073 166 4133 geuss
192 4058 247 4118 bue
274 4076 361 4133 usque
384 4060 418 4116 ad
433 4059 515 4118 fidem
539 4062 662 4134 sortitam
678 4062 868 4122 adominatio-
923 4062 977 4119 isto
994 4057 1148 4134 recipiatis,
1163 4057 1210 4131 qui
1222 4056 1274 4115 sub
1295 4056 1389 4130 specie
1404 4055 1469 4114 boni
1480 4056 1635 4128 mpptsutet
1646 4070 1717 4113 vos:

61 4149 148 4205 uilius
171 4163 293 4222 quoque,
327 4150 363 4206 ub
391 4149 600 4221 placidissimam
618 4152 794 4224 voluntatem,
814 4167 870 4225 qus
924 4159 951 4210 et
972 4152 1019 4223 qui
1038 4150 1136 4222 spiritu
1157 4147 1291 4220 coepistis,
1309 4161 1393 4204 sarna
1412 4144 1649 4205 consummemini.
1671 4145 1718 4201 An

60 4238 130 4296 ttost
159 4237 262 4312 ubique
291 4239 445 4297 dominetur
466 4240 673 4300 infortitudine
700 4242 803 4302 brachii
816 4242 869 4316 sui,
884 4195 909 4275 n
923 4239 1035 4297 nescitis
1048 4238 1109 4312 quia
1131 4237 1244 4311 augelus
1265 4235 1371 4293 Satanoe
1391 4233 1528 4291 multoties
1546 4231 1719 4309 υιυεῆςυω

60 4326 168 4385 virtute
184 4335 276 4386 tamen
290 4329 438 4400 potentiori
459 4345 509 4402 pru
524 4346 574 4388 sue
588 4332 708 4404 ingenita
722 4331 831 4389 lenitate
842 4338 870 4389 st
924 4347 956 4388 se
970 4330 999 4387 in
1016 4329 1144 4405 angelum
1159 4327 1227 4386 lucis
1244 4327 1258 4381 i
1277 4327 1314 4397 (tt
1327 4327 1390 4386 Cor.
1404 4340 1444 4393 xt,
1460 4325 1517 4394 tt.)
1528 4323 1665 4394 Sapientia
1677 4329 1720 4381 est

66 4416 291 4489 imperturbabili
304 4418 498 4490 tranquillitate
521 4419 641 4492 disponit
660 4421 750 4478 omnis
774 4420 869 4482 suan·
924 4422 1011 4489 Deus,
1026 4430 1053 4477 et
1067 4420 1126 4477 vult
1144 4433 1176 4475 se
1193 4417 1277 4475 amari
1291 4432 1346 4474 nott
1369 4416 1459 4471 sotum
1481 4413 1610 4485 dulciter,
1622 4412 1672 4473 sed
1691 4419 1720 4473 ss

62 4512 118 4560 ter.
137 4503 265 4576 Diligltur
282 4513 346 4561 eta
377 4506 482 4562 thronis
506 4507 542 4562 ob
570 4507 788 4565 benevolentiam
809 4524 869 4565 ma·
924 4513 1070 4582 sapienter.
1085 4508 1160 4566 Unde
1173 4506 1343 4578 Apostolus:
1362 4503 1547 4571 timiamate,
1562 4504 1660 4575 inquit,
1673 4503 1720 4562 ab·

61 4592 160 4665 gisum
186 4594 326 4668 sapientie
347 4598 408 4652 sine
442 4595 542 4654 invidia
560 4612 621 4653 sese
634 4597 868 4667 communicantis,
923 4602 1054 4672 sequium
1069 4601 1193 4655 nahum
1206 4596 1296 4666 (huut-
1316 4608 1364 4660 att,
1391 4594 1428 4663 t).
1451 4592 1578 4664 Alioquin
1594 4589 1719 4651 indutus

63 4690 96 4739 et
125 4685 293 4751 unctionem,
317 4686 474 4760 quaegratis
493 4685 573 4742 docet
597 4685 630 4740 do
656 4685 795 4744 omnibus.
811 4686 870 4743 Cae·
923 4690 983 4745 zelo
998 4694 1044 4743 tuo
1058 4684 1169 4756 spiritus
1192 4683 1287 4739 illudet
1299 4681 1410 4749 errans,
1435 4679 1463 4737 si
1475 4681 1616 4737 seientiam
1630 4681 1720 4755 negli-

63 4779 162 4829 terum
187 4788 203 4828 a
225 4773 353 4831 cherubin
384 4781 525 4846 propterea
545 4773 677 4847 diligitur,
708 4774 772 4847 quia
797 4774 871 4832 Deus
923 4792 990 4850 gas;
1024 4789 1074 4831 nee
1105 4773 1186 4829 babet
1214 4769 1329 4829 callidus
1358 4770 1444 4827 bosus
1471 4768 1718 4827 masbmsntentnnr

61 4860 242 4921 mundaum
273 4864 400 4921 dominus
426 4870 487 4931 est;
509 4872 536 4920 et
565 4864 653 4921 sciens
677 4863 744 4936 quid
772 4864 873 4938 cuique
929 4861 1192 4922 amathaeum
1200 4859 1235 4918 ad
1246 4860 1391 4918 tollendam
1402 4859 1437 4917 de
1445 4856 1719 4928 eomediteotionau,

61 4952 227 5023 opossitad
244 4952 367 5022 salutem,
384 4953 502 5010 discrete
518 4953 683 5026 protideque
712 4955 784 5010 dona
823 4968 871 5008 sua
924 4970 1006 5031 quam
1020 4955 1042 5011 si
1062 4951 1170 5009 eilioere
1184 4951 1281 5024 possit,
1293 4948 1538 5015 utiumiuesuta.
1549 4957 1719 5005 <timim

61 5039 150 5113 digne
163 5042 348 5113 poscentibus,
357 5052 439 5116 prout
457 5043 532 5100 novit
554 5043 692 5115 expedire,
714 5040 871 5113 distribuit;
925 5045 1029 5102 ratione
1055 5043 1215 5099 ambuletur.
1242 5039 1425 5110 Quamobrem
1439 5052 1493 5111 ego
1510 5038 1601 5112 eogitu
1623 5038 1721 5097 modus

61 5145 82 5185 a
97 5129 228 5200 seraphin
254 5146 374 5203 quoque,
389 5131 452 5205 quia
478 5131 591 5188 charitas
606 5138 658 5200 est,
682 5139 711 5188 et
723 5128 799 5188 mihil
813 5131 873 5189 odit
925 5133 1058 5207 quosdam
1080 5133 1187 5189 tradere
1214 5131 1301 5197 vobis,
1331 5143 1402 5202 quus
1423 5142 1515 5200 operae
1532 5129 1651 5201 prauam
1674 5134 1719 5185 sst

61 5233 235 5293 eorumque
247 5219 321 5291 iceb,
333 5230 362 5278 et
374 5221 535 5279 vultomues
548 5219 671 5278 honines
698 5222 788 5280 salam
802 5220 874 5290 lieri,
926 5222 1014 5278 Deum
1027 5219 1202 5295 diligentibus
1229 5220 1385 5276 observare.
1408 5215 1462 5274 Sed
1481 5217 1548 5290 quia
1563 5217 1608 5275 hie
1629 5230 1719 5275 utun

61 5316 93 5367 et
106 5306 321 5382 adamandam
335 5309 456 5370 veritatis
469 5309 569 5369 venire.
928 5310 1008 5369 finem
1035 5308 1254 5378 desideratores
1281 5321 1338 5375 eus,
1363 5304 1482 5364 uuam
1502 5305 1586 5363 vitam
1603 5303 1720 5373 nu‘lsisl

104 5399 136 5453 7.
157 5396 192 5454 lli
208 5412 276 5473 ergo
303 5413 409 5468 omues,
436 5406 516 5470 prout
528 5398 649 5472 capiunt,
679 5397 805 5472 diligunt.
817 5398 872 5456 Sed
924 5401 1018 5471 otium,
1032 5399 1104 5472 qood
1118 5413 1190 5457 nune
1205 5395 1337 5454 habemus
1350 5394 1386 5453 ad
1405 5395 1606 5467 disssmndum,
1623 5410 1720 5455 sten-

64 5485 377 5557 aduersariorum,
392 5487 520 5561 quoniam
534 5488 623 5546 minus
644 5487 765 5561 sapiam,
783 5488 873 5551 minus
924 5489 1006 5562 verit,
1027 5487 1165 5560 expthare
1180 5486 1311 5545 conabor.
1337 5485 1497 5546 tamenim
1519 5485 1651 5544 mmsis
1670 5497 1723 5544 as·
