3734 5948
101 222 154 282 143
580 217 606 278 S.
623 218 790 280 satutant
807 218 943 278 Albanis
961 213 1267 279 stansllctltllsls
1694 214 1744 274 ltt

101 347 152 404 sed
173 346 251 416 dato;
274 360 329 402 non
352 344 524 416 prophetata,
547 344 597 401 scd
620 351 795 417 presentata.
822 343 894 400 Ecce
911 361 935 441 Α
950 343 996 416 qui
1022 343 1074 399 hoc
1096 341 1162 397 nrihi
1186 339 1305 396 maxime
1325 341 1513 398 necessarium
1532 339 1592 398 luit.
1617 337 1746 412 Alioquin

102 436 179 508 quasi
193 449 302 491 saccum
316 433 426 504 plenum
444 431 633 490 misericordia
655 449 704 489 sua
722 432 796 487 Deua
816 432 896 486 Pater
950 431 1015 504 quid
1038 446 1160 504 agerem,
1175 429 1289 486 audiens
1309 430 1455 486 Dominum
1476 426 1652 486 venientem?
1665 427 1745 482 Nun-

102 524 175 579 misit
188 523 215 578 in
229 530 350 588 tarram3
370 536 490 590 moerim,
506 522 628 594 inquam,
643 521 671 576 in
687 520 815 592 passione
829 534 896 577 oon·
950 520 1015 594 quid
1025 535 1080 577 non
1089 519 1223 593 lugerem,
1240 519 1309 574 sicut
1323 520 1409 576 Adam
1424 520 1496 592 quia
1509 518 1579 575 lacie
1593 519 1655 588 ejus
1665 516 1744 592 tagit,

102 612 259 680 ridendum,
282 618 312 665 ut
327 609 481 665 effundatur
499 612 572 684 qnod
596 611 623 664 in
642 625 675 666 eo
690 610 758 666 latet
780 608 897 681 pretium
950 610 998 664 sed
1020 625 1074 666 non
1089 609 1209 683 elingit?
1223 609 1320 665 Nonne
1339 609 1525 680 desperarem,
1549 608 1664 663 audiens
1682 606 1745 679 quia

102 708 241 768 nostmm;
261 713 370 755 saccum
385 699 488 771 utique,
503 698 554 754 etsi
569 713 692 769 parvum,
708 699 757 753 sed
775 696 896 768 plenum.
950 701 1024 756 venit
1037 698 1082 753 ille
1106 701 1185 769 cujus
1207 697 1298 772 legem
1318 697 1357 754 sic
1371 697 1563 769 prevaricatus
1577 712 1648 765 sum,
1667 697 1746 766 cujus

103 789 234 846 Paruulus
257 787 390 861 siquidem
404 787 484 841 datus
497 793 538 841 est
563 786 651 856 nobis,
666 786 715 844 sed
735 786 763 841 in
778 800 832 859 quo
850 787 899 840 ba·
951 787 1082 858 patientia
1096 787 1245 844 sicabusus
1259 803 1330 856 sum,
1347 788 1426 856 cujus
1438 784 1573 842 beneficio
1585 793 1640 840 tam
1655 783 1748 856 ingra-

103 877 172 935 bitat
192 877 283 933 omnis
304 874 443 946 plenitudo
471 872 628 930 muniatis.
652 876 800 946 Postquam
824 873 897 930 enim
953 880 995 930 tus
1025 874 1153 931 inventus
1172 874 1250 930 sumi
1264 873 1332 943 Quae
1345 890 1411 930 vero
1425 875 1514 943 maj0r
1530 870 1679 929 consolatio
1702 886 1751 943 po-

104 965 179 1024 venit
192 964 332 1035 plenitudo
352 960 491 1032 temporis,
506 961 581 1018 venit
603 969 631 1017 ct
644 962 784 1033 plenitudo
799 961 898 1018 divini·
951 969 1021 1017 terat
1035 978 1107 1031 esse,
1124 977 1205 1033 quam
1219 961 1247 1015 in
1261 961 1333 1017 dulci
1355 961 1497 1029 vocabulo,
1514 959 1667 1016 innomine
1683 974 1749 1015 con·

104 1054 177 1110 tatis.
197 1053 278 1109 Venit
300 1052 436 1119 incarne,
452 1059 481 1105 ut
496 1049 592 1106 valsic
616 1051 769 1107 carnalibus
785 1050 898 1107 exhihe-
952 1050 1099 1106 solatoria?
1114 1051 1261 1120 Propterea
1285 1056 1314 1105 et
1336 1049 1396 1121 ipse
1419 1049 1485 1104 dicit
1508 1048 1572 1120 quia
1589 1064 1648 1105 noa
1670 1051 1749 1104 venit

105 1151 190 1210 retur,
214 1148 242 1196 et
270 1146 420 1210 apparente
442 1138 610 1194 humanitate
635 1139 792 1211 benignitas
815 1153 900 1213 agno·
953 1136 1197 1210 Fiticsetjadicet
1210 1138 1360 1203 mandam,
1376 1137 1424 1194 sed
1439 1137 1749 1193 atsatoetarmandas

103 1236 237 1285 sacretur.
252 1226 304 1285 Ubi
328 1226 403 1283 enim
425 1225 475 1281 Dei
499 1226 644 1282 innotescit
665 1226 827 1296 humanitas,
843 1227 899 1296 jam
951 1230 1109 1301 peripsam
1124 1228 1218 1296 (toan.
1233 1241 1273 1295 ιιι,
1290 1228 1344 1295 17).
1361 1227 1421 1281 tam
1446 1225 1616 1281 confidenter
1634 1223 1747 1293 accedo,

103 1316 259 1389 benignitas
283 1316 368 1370 latera
392 1330 448 1370 non
472 1322 571 1385 potest.
592 1316 620 1370 ln
643 1331 696 1388 quo
716 1315 789 1371 anim
812 1313 899 1386 magis
951 1316 1008 1385 jam
1022 1314 1144 1385 supplico
1155 1312 1325 1371 fiducialiter.
1337 1312 1407 1382 Quid
1418 1311 1491 1368 enirn
1501 1311 1623 1382 timeam,
1639 1311 1750 1384 quando

104 1404 298 1462 commendare
312 1409 420 1474 poterat
432 1401 632 1476 benignitatem
646 1419 732 1473 suam,
749 1418 900 1476 quarnsus·
952 1404 1074 1460 Salvator
1087 1403 1162 1459 venit
1185 1402 1213 1457 in
1227 1402 1339 1457 domum
1361 1400 1470 1457 nraami
1493 1400 1525 1457 Ei
1549 1399 1600 1456 soli
1619 1400 1747 1471 peecavi;

104 1493 230 1565 cipiaudo
245 1507 356 1548 carnem
370 1491 479 1545 meam?
499 1491 598 1559 lleam,
619 1491 741 1564 inquam,
757 1507 812 1547 non
835 1506 899 1548 car-
952 1493 1083 1549 donatum
1097 1491 1150 1547 erit
1172 1490 1303 1564 quidquid
1327 1489 1472 1546 indulserit
1490 1488 1551 1556 ille;
1567 1488 1661 1561 utiquc
1675 1489 1749 1544 enim

104 1599 168 1638 nom
183 1581 280 1651 Adam,
293 1580 321 1635 id
340 1589 382 1636 est
397 1594 451 1635 non
467 1579 575 1652 qualern
589 1579 634 1636 illa
650 1580 743 1635 hahuit
756 1588 819 1636 ante
838 1577 899 1635 cul·
952 1580 1017 1637 licet
1039 1581 1065 1635 ei
1087 1579 1161 1653 quod
1180 1580 1237 1636 vult
1259 1579 1360 1636 lacere.
1384 1579 1457 1635 Deus
1478 1585 1520 1634 est
1539 1577 1586 1650 qui
1607 1575 1748 1648 justificat,

103 1687 178 1742 pam.
197 1669 267 1738 Quid
286 1679 429 1741 tantopere
447 1669 569 1725 declaret
592 1670 652 1739 ejus
675 1669 898 1738 misericordiam,
952 1669 1014 1741 quis
1024 1676 1067 1724 est
1081 1669 1128 1741 qui
1141 1666 1385 1724 condemnetlaut
1394 1666 1456 1740 qnis
1466 1664 1606 1722 accusabit
1615 1664 1749 1722 adversus

104 1774 187 1831 quam
209 1759 282 1831 quod
310 1756 399 1829 ipsam
423 1756 544 1828 suscepit
570 1756 729 1813 miseriam‘l
757 1756 828 1826 Quid
861 1757 899 1812 ita
915 1718 937 1796 Β
952 1757 1055 1813 electos
1069 1755 1142 1812 Dei?
1152 1757 1242 1826 (llam.
1254 1770 1314 1825 vlit,
1330 1758 1375 1825 33,
1391 1755 1449 1826 at.)
1463 1755 1613 1827 Propterea
1626 1752 1749 1826 gaudere

102 1847 205 1920 pietate
215 1846 337 1918 plenum,
352 1860 434 1918 quam
444 1844 517 1917 quod
531 1844 582 1901 Dei
592 1846 714 1901 Verbum
724 1853 835 1916 propter
849 1860 899 1900 nos
952 1861 1001 1902 oos
1024 1854 1142 1918 oportet,
1168 1845 1242 1918 quod
1265 1845 1292 1900 in
1317 1851 1411 1901 nostra
1431 1843 1553 1912 venerit;
1578 1856 1651 1898 nunc
1674 1841 1748 1898 enim

103 1934 206 1991 iactum
220 1942 262 1990 est
275 1933 388 1990 lenum?
402 1935 532 2002 Domine,
548 1934 613 2007 quid
631 1939 674 1991 est
684 1932 763 1990 horto
774 1935 841 2006 qaia
854 1950 899 1990 re·
951 1935 1038 1992 facilis
1053 1934 1087 1990 ad
1101 1933 1302 2006 indulgentiam
1315 1933 1378 1989 erit.

101 2025 190 2094 potas
203 2020 288 2077 eum?
301 2023 353 2077 aat
369 2019 437 2091 qaid
452 2021 570 2091 apponis
580 2033 722 2092 argaeum
735 2035 784 2076 cor
796 2018 899 2075 taam?
986 2025 1013 2078 t.
1033 2021 1157 2092 Denique
1171 2021 1301 2092 parvulus
1321 2029 1363 2078 est
1386 2037 1392 2076 :
1408 2019 1507 2079 leviter
1528 2019 1632 2092 placari
1646 2024 1747 2090 potest.

102 2110 171 2182 (tob.
192 2126 240 2179 vu,
262 2111 317 2179 li.)
337 2108 407 2164 Hinc
425 2110 547 2162 attendat
561 2108 643 2164 bomo
658 2116 758 2180 quanta
777 2107 812 2163 sit
835 2121 899 2164 cura
952 2110 1020 2180 Quis
1038 2109 1110 2165 enim
1125 2109 1229 2166 nesciat
1242 2109 1306 2182 quia
1322 2125 1393 2181 puer
1411 2108 1492 2165 facile
1514 2108 1619 2165 donati
1639 2107 1710 2164 Ecce
1725 2107 1749 2161 si

104 2201 165 2269 ejus
179 2199 251 2266 Deo;
264 2198 327 2253 binc
341 2197 407 2253 sciat
422 2196 486 2268 quid
495 2197 529 2251 de
543 2211 577 2252 eo
588 2196 689 2270 cogitet
703 2205 750 2251 aut
764 2196 828 2268 qnid
837 2211 900 2251 sen·
953 2215 1007 2257 non
1021 2198 1104 2255 luerit
1118 2197 1198 2254 nohis
1212 2197 1396 2268 prominimo,
1411 2212 1558 2269 possumus
1575 2195 1749 2255 reconciliari

104 2287 163 2341 tiat.
187 2286 247 2341 Non
261 2285 426 2354 interroges,
446 2299 462 2338 o
482 2285 572 2353 borno,
588 2300 621 2338 ea
641 2300 703 2357 quae
722 2283 834 2356 pateris,
850 2283 899 2338 sed
951 2304 1002 2360 pro
1017 2287 1140 2344 minimo.
1157 2289 1209 2344 Pro
1223 2287 1345 2355 minimo,
1361 2287 1483 2358 inquam,
1509 2302 1564 2343 non
1583 2295 1674 2344 tamen
1690 2284 1748 2340 sine

104 2390 166 2448 quar
183 2389 280 2444 passus
293 2382 335 2428 est
353 2373 409 2427 ille.
420 2369 520 2439 Quanti
533 2379 561 2428 te
575 2372 648 2442 lecit,
665 2389 697 2428 cx
717 2372 760 2428 his
775 2388 836 2446 quac
850 2385 899 2443 pro
951 2374 1130 2447 paenitentia,
1145 2373 1195 2429 sed
1218 2373 1281 2447 quia
1299 2374 1441 2430 minimum
1456 2372 1585 2445 quiddam
1607 2372 1641 2429 sit
1655 2378 1749 2429 nostra

104 2468 132 2518 te
147 2462 235 2517 lactus
258 2469 309 2528 est,
333 2472 464 2530 agnosce,
479 2467 509 2514 ut
532 2467 662 2530 appareat
678 2459 726 2514 tihi
745 2459 900 2530 benignitas
952 2464 1012 2535 ipsa
1024 2461 1194 2535 poenitaotia.
1211 2463 1348 2532 Pauperes
1364 2478 1468 2530 sumus,
1484 2475 1581 2534 parum
1600 2460 1668 2518 dare
1682 2475 1749 2533 pos·

104 2551 165 2621 ejus
179 2565 213 2605 ex
231 2547 410 2603 humanitate.
425 2545 532 2615 Quanto
549 2546 621 2602 enim
636 2547 768 2602 minorem
791 2564 821 2604 se
836 2546 900 2604 iecit
954 2566 1066 2616 smnus;
1082 2557 1201 2605 attamen
1224 2547 1395 2606 reconciliari
1418 2564 1565 2622 possumus
1588 2564 1639 2621 pro
1664 2562 1749 2621 parvo

104 2635 322 2706 inhumanitate,
338 2642 413 2689 tanto
427 2635 562 2703 majorem
577 2634 700 2690 exhibuit
714 2635 742 2690 in
757 2635 878 2691 bonitate
891 2652 897 2701 ;
953 2639 1009 2707 illo,
1025 2640 1047 2695 si
1062 2639 1197 2697 volumus.
1211 2638 1309 2695 Totum
1332 2638 1405 2712 quod
1429 2639 1496 2695 dare
1517 2654 1640 2711 possum,
1661 2639 1749 2695 mise-

104 2734 133 2781 et
146 2733 248 2798 quanto
262 2738 312 2795 pro
326 2738 371 2778 me
386 2722 473 2790 vilior,
491 2729 566 2778 tanto
580 2720 647 2776 mihi
662 2721 769 2779 charior
783 2730 836 2778 est.
850 2724 900 2794 Ap·
953 2743 1015 2782 rum
1029 2742 1129 2798 corpus
1148 2725 1220 2782 istud
1234 2734 1298 2796 est3
1317 2725 1382 2783 illud
1398 2726 1421 2783 si
1435 2726 1550 2798 dedero,
1567 2727 1631 2784 satis
1650 2736 1703 2784 est.
1722 2727 1750 2784 Si

104 2816 216 2887 parcit,
232 2811 318 2885 inquit
333 2809 490 2883 Apostolus,
506 2810 666 2882 boniportus
688 2815 716 2867 et
734 2810 900 2867 hamanitas
953 2816 1112 2893 quominus,
1126 2814 1197 2871 addo
1211 2823 1239 2871 et
1251 2830 1352 2887 corpus
1366 2815 1451 2887 ipsius
1463 2835 1469 2873 :
1481 2832 1544 2872 nam
1558 2815 1623 2872 illud
1638 2816 1673 2873 de
1687 2831 1751 2873 meo

105 2902 262 2960 Satramrs
276 2901 371 2959 nostri
380 2901 440 2957 Dei.
456 2900 553 2969 hlagna
566 2897 646 2969 plane
657 2905 685 2954 at
698 2898 844 2954 manifesta
853 2899 901 2954 ba·
953 2912 1005 2972 est,
1021 2912 1049 2959 ct
1063 2919 1155 2959 meum
1171 2912 1223 2959 est.
1239 2904 1378 2960 Parvulas
1398 2903 1472 2960 enim
1497 2908 1585 2961 natas
1601 2909 1642 2962 est
1657 2905 1748 2975 nobis,

104 2989 223 3066 nignitas
238 2988 287 3044 Dei
303 2995 331 3044 at
349 2986 520 3045 humanitas!
540 2995 566 3042 et
580 3002 710 3061 magnum
725 2986 901 3059 benignitatis
953 2995 982 3048 ct
993 2992 1071 3062 filias
1081 2991 1165 3047 datas
1176 2995 1219 3048 est
1231 2991 1311 3047 nobis
1321 2992 1399 3063 (lsai.
1411 3008 1448 3060 rx,
1464 2991 1502 3063 6).
1520 2993 1561 3048 De
1571 3000 1607 3063 te,
1621 2990 1748 3062 Domine,

104 3077 236 3135 iudicium
259 3075 417 3147 declaravit,
442 3075 489 3148 qui
506 3074 665 3131 humanitati
684 3076 786 3133 addere
799 3090 901 3133 noman
915 3059 938 3138 Β
954 3080 1078 3152 suppleo,
1094 3078 1168 3152 quod
1191 3079 1282 3134 rnious
1303 3079 1394 3136 haheo
1417 3079 1445 3134 ln
1471 3096 1527 3136 me.
1554 3080 1750 3137 Odulcissima

103 3166 154 3222 Dei
168 3162 282 3221 curarit.

141 3258 169 3312 3.
189 3255 223 3310 Et
237 3252 348 3325 quidem
363 3251 397 3307 ad
410 3251 525 3307 Mariam
541 3251 639 3308 missus
661 3251 774 3308 Gabriel
788 3251 902 3325 angelus

103 3343 202 3398 Filium
215 3339 267 3396 Dei
282 3339 411 3412 loquitur,
432 3340 480 3395 sed
499 3354 554 3394 uon
566 3339 689 3396 nominat
705 3341 804 3397 Deum.
818 3341 902 3397 liene

105 3430 193 3486 dictus
206 3430 291 3497 Deus,
310 3427 356 3499 qui
367 3427 448 3483 talem
463 3428 542 3482 nohis
553 3427 587 3483 de
598 3428 676 3484 nohis
690 3428 756 3499 ipsis
767 3429 901 3501 Angelum

104 3515 191 3587 dedit,
207 3524 237 3572 ut
255 3524 348 3572 noster
375 3514 434 3585 ipse
452 3514 592 3586 suppleret
606 3515 681 3587 quod
695 3515 740 3571 ille
755 3531 810 3572 non
824 3516 900 3570 dixit.

104 3607 176 3662 Nam
199 3614 227 3662 et
248 3604 307 3677 ipse
332 3603 457 3676 spiritum
480 3603 529 3658 Dei
551 3602 654 3673 habuit,
682 3606 787 3675 atejus
806 3604 902 3675 spiritu

104 3694 210 3751 locutus
225 3703 276 3764 est,
288 3694 361 3765 quod
372 3693 451 3749 uobis
464 3691 543 3749 valde
558 3692 743 3749 necessarium
757 3692 816 3750 luit.
830 3692 902 3764 Quid

105 3783 178 3840 enim
206 3784 245 3838 sic
268 3783 375 3839 instruit
399 3780 492 3853 iidem,
508 3797 586 3854 spem
600 3782 721 3852 roborat,
741 3783 902 3838 charitatem

106 3871 241 3941 accendit,
271 3872 407 3944 quomodo
436 3872 591 3928 humanitas
618 3870 691 3930 Deli
719 3870 774 3928 Sed
797 3872 902 3943 Angelo

107 3969 200 4018 nostro
216 3961 242 4015 id
258 3967 426 4017 reservatum
437 3968 478 4016 est
492 3962 565 4032 quod
579 3961 624 4017 alii
643 3967 797 4018 tacuerunt.
808 3960 903 4033 Neque

109 4051 183 4110 enim
198 4065 293 4107 ornnes
305 4046 388 4105 797
401 4048 491 4105 omnia
510 4049 603 4106 dicere
621 4064 773 4122 congruum
792 4057 860 4120 erat,
875 4057 904 4105 ut

97 4132 128 4197 ¹'a
145 4139 260 4196 diversis
275 4139 383 4196 diversa
404 4137 533 4210 colligere
551 4137 729 4210 gratulemur,
755 4145 782 4194 et
799 4137 905 4194 debitas

109 4229 225 4306 singulis
251 4227 353 4301 gratias
380 4226 542 4283 reseramus.
565 4229 693 4282 Attamen
712 4243 796 4282 uuum
815 4235 858 4282 est
876 4226 904 4281 in

109 4337 164 4394 quo
178 4317 344 4375 conveniunt
355 4315 504 4387 Apostolus
529 4326 556 4372 et
571 4315 661 4388 angeli
681 4316 728 4388 qui
752 4316 787 4372 de
807 4315 905 4372 Christi

954 3166 1152 3225 reconciliatio!
1179 3183 1195 3224 o
1217 3167 1364 3224 satisfactio
1386 3167 1594 3225 suavissimalo
1615 3184 1682 3225 vere
1703 3186 1752 3227 re·

954 3255 1110 3313 conciliatio
1128 3254 1225 3325 facilis,
1249 3255 1299 3311 sed
1317 3255 1455 3326 perutilis!
1484 3255 1632 3313 satisfactio
1655 3272 1749 3329 parva,

955 3344 1005 3401 sed
1019 3360 1074 3400 non
1089 3342 1325 3415 parvipendenda!
1341 3343 1447 3399 Etenim
1462 3359 1544 3417 quam
1555 3344 1643 3401 facilis
1656 3346 1750 3416 modo,

955 3441 1009 3488 tam
1025 3431 1142 3488 difficilis
1153 3431 1205 3487 crit
1214 3440 1328 3503 postea;
1340 3440 1368 3488 et
1381 3431 1452 3488 sicut
1464 3431 1547 3488 modo
1556 3447 1637 3487 nemo
1648 3439 1691 3487 est
1704 3435 1751 3506 qui

955 3520 1127 3576 reconciliari
1141 3534 1195 3575 non
1209 3520 1306 3591 possit,
1322 3520 1360 3575 ita
1372 3527 1434 3592 post
1453 3519 1592 3590 paululum
1606 3535 1688 3577 nemo
1704 3521 1752 3592 qui

955 3610 1041 3680 possit
1067 3627 1074 3664 :
1100 3609 1228 3681 quoniam
1249 3609 1320 3665 sicut
1347 3609 1503 3682 benignitas
1528 3609 1653 3682 apparuit
1680 3610 1752 3666 ultra

955 3713 1065 3753 omnem
1074 3714 1161 3770 spem,
1171 3697 1242 3753 ultra
1252 3712 1364 3754 omnem
1376 3698 1522 3753 humanam
1532 3696 1751 3768 aestimationem,

956 3786 1075 3843 similem
1090 3794 1251 3857 exspectare
1274 3801 1421 3856 possumus
1434 3783 1530 3856 judicii
1546 3783 1752 3842 districtionem.

956 3875 1015 3931 Noli
1025 3890 1093 3947 ergo
1105 3883 1283 3930 contemnere
1293 3873 1345 3930 Dei
1357 3872 1586 3944 misericordiam,
1594 3873 1617 3928 si
1626 3888 1682 3930 non
1690 3889 1752 3929 sen-

957 3964 1008 4020 tire
1023 3964 1064 4019 vis
1078 3962 1219 4033 justitiam,
1237 3962 1287 4019 sed
1300 3962 1380 4033 iram,
1396 3961 1446 4018 sed
1459 3961 1687 4036 indignationem,
1704 3961 1753 4018 sed

957 4053 1166 4122 emulationem,
1180 4052 1230 4110 sed
1241 4052 1374 4108 furorem.
1385 4050 1511 4122 Domine,
1522 4050 1594 4109 nain
1603 4049 1697 4109 lurore
1707 4059 1754 4110 tuc

958 4158 1060 4216 arguas
1073 4159 1128 4211 me,
1146 4157 1235 4214 neque
1249 4140 1276 4194 in
1291 4139 1333 4196 ira
1348 4148 1394 4197 tua
1409 4139 1542 4213 corripias
1556 4156 1611 4196 me.
1633 4138 1754 4200 atenim

959 4231 1045 4288 scires
1063 4237 1164 4302 quanta
1184 4228 1316 4286 districtio
1340 4227 1473 4298 succedit,
1498 4236 1574 4285 tanta
1587 4229 1661 4284 illam
1675 4245 1755 4285 man·

959 4317 1075 4374 suetudo
1089 4318 1231 4390 praevenit.
1245 4319 1282 4373 lix
1297 4317 1486 4392 magnitudine
1496 4316 1684 4390 indulgentie,
1701 4335 1756 4374 ma·

108 4409 246 4467 nativitate
264 4406 422 4478 loquuntur,
445 4404 474 4459 id
502 4414 544 4460 est
570 4404 598 4460 iu
617 4405 727 4461 nornine
747 4405 903 4462 salvatoris.
920 4410 943 4489 ῃ
959 4405 1374 4481 guitudimeuultionisatteude.
1385 4407 1540 4462 immensus
1552 4405 1756 4463 estanirnDeus

106 4500 150 4559 Ad
164 4496 274 4553 llarianr
294 4494 416 4567 qnidam,
436 4504 567 4566 tanquam
587 4495 694 4567 plenius
715 4495 840 4550 edoctam
855 4509 906 4566 per

106 4589 249 4660 Spiritum,
272 4584 383 4642 Gabriel
397 4585 515 4656 loquens
528 4582 631 4640 indicat
655 4599 757 4640 nomen
786 4583 872 4638 solum
898 4599 904 4637 :

108 4683 144 4738 st
159 4680 278 4745 vocatis,
294 4674 393 4749 iuquit,
414 4690 517 4731 nemea
532 4675 592 4744 ejas
607 4675 703 4730 tesam
718 4671 796 4744 (Aac.
812 4687 832 4741 ι,
848 4673 906 4744 31).

106 4769 152 4826 Ad
166 4768 267 4840 loseph
281 4766 396 4824 veniens
409 4763 525 4835 angelus
544 4777 599 4818 non
618 4762 707 4817 solum
727 4777 828 4818 nomen
841 4777 906 4832 pro·

107 4857 178 4927 tulit,
193 4856 243 4913 sed
256 4863 284 4912 et
301 4870 412 4912 causam
426 4854 486 4924 ejus
500 4852 699 4925 interpretatus
723 4851 840 4921 edocuit,
869 4851 908 4906 di-

106 4962 192 5005 cans:
213 4949 248 5002 st
258 4945 366 5003 vocabis
380 4958 482 5002 comm
495 4946 555 5011 ejas
568 4944 674 5012 tesam·
687 4944 747 5014 ipsc
760 4943 838 4998 enim
850 4943 909 4998 eat-

105 5052 174 5093 vam
184 5034 273 5105 saciet
284 5033 516 5105 popolamracm
525 5047 543 5085 a
550 5033 674 5102 peccatis
685 5046 782 5088 aarum
790 5032 903 5101 (llattlr.

105 5121 260 5194 r,tl.)sed
270 5126 298 5175 et
307 5119 464 5191 pastoribus
474 5134 584 5191 quoque
594 5118 771 5174 annuntiatur
780 5118 907 5190 gaudium

104 5229 246 5290 magnum,
271 5218 366 5265 natum
388 5208 442 5263 illis
457 5207 627 5264 Salvatorem
652 5206 791 5263 Christum
814 5205 908 5263 Domi·

104 5319 171 5360 uum
186 5303 266 5373 (lac.
286 5312 316 5368 ιι,
336 5298 380 5364 to,
402 5298 458 5366 tl).
481 5294 575 5352 Simile
589 5295 691 5369 aliquid
706 5296 804 5351 Paulus
821 5296 905 5368 loqui-

105 5398 170 5448 tur:
187 5387 328 5463 Apparuit
350 5383 509 5455 benignitas
524 5389 553 5441 et
568 5384 734 5442 hamanitas
749 5375 905 5443 salvatoris

104 5477 195 5537 nostri
211 5477 269 5534 liet.
284 5472 357 5530 Bene
373 5467 564 5527 dulceuomeu
578 5469 669 5527 nullus
679 5487 713 5527 ex
728 5470 794 5544 ipsis
809 5469 901 5543 tacuit,

960 4504 987 4552 et
1002 4494 1124 4551 infinitus
1138 4494 1290 4566 injustitia,
1303 4495 1373 4552 sicut
1383 4504 1411 4551 et
1424 4495 1451 4550 in
1465 4493 1654 4550 misericordia
1667 4511 1675 4562 3
1686 4495 1758 4550 mul·

961 4591 1004 4639 tus
1019 4582 1053 4638 ad
1072 4582 1282 4656 ignoscendum,
1309 4583 1411 4639 multus
1431 4583 1465 4638 ad
1486 4582 1684 4640 ulciscendum.
1700 4583 1757 4640 Sed

960 4670 1148 4728 misericordia
1163 4669 1273 4743 quidem
1286 4669 1380 4743 priora
1395 4671 1447 4726 sihi
1462 4671 1598 4740 vindicat;
1614 4680 1654 4743 ut,
1670 4672 1694 4726 si
1708 4687 1757 4728 vo·

959 4760 1102 4830 luerimus,
1129 4759 1262 4816 districtio
1286 4759 1411 4817 invenire
1433 4775 1490 4816 non
1509 4761 1596 4833 possit
1617 4760 1646 4816 in
1674 4777 1757 4833 quem

962 4848 1063 4905 saeviat.
1079 4849 1195 4920 Propter
1209 4849 1261 4904 hoc
1276 4848 1349 4904 enim
1364 4849 1563 4922 benignitatem
1577 4850 1755 4922 praerogavit,

961 4945 990 4992 ut
999 4952 1050 5009 per
1059 4951 1121 4993 esur
1130 4936 1299 4994 reconciliati
1313 4939 1490 4998 severitatem
1499 4937 1641 4995 videamus
1655 4939 1757 4996 securi.

959 5026 1109 5099 Propterea
1118 5025 1201 5082 voluit
1207 5042 1262 5083 non
1268 5027 1357 5084 solum
1366 5026 1401 5083 ad
1415 5035 1505 5083 terras
1518 5026 1757 5096 descendere,sed

961 5115 1043 5172 etiam
1057 5114 1246 5184 innotescera;
1260 5113 1412 5172 nouaclum
1422 5111 1509 5182 nasci,
1526 5113 1575 5171 sad
1588 5122 1617 5170 et
1630 5112 1756 5186 agnosci.

995 5207 1022 5260 5.
1037 5203 1161 5277 Denique
1174 5213 1287 5276 propter
1302 5203 1371 5258 hanc
1385 5201 1555 5276 agnitionem
1567 5202 1627 5259 dies
1641 5202 1694 5257 ista
1708 5216 1757 5258 ce·

959 5291 1043 5351 lehris
1057 5293 1182 5360 babetur,
1198 5300 1226 5348 et
1251 5290 1368 5364 insignis
1391 5291 1451 5349 dies
1467 5291 1654 5365 apparitionis.
1670 5290 1757 5347 llodie

959 5381 1032 5441 enim
1045 5380 1120 5454 magi
1132 5381 1166 5436 ab
1181 5378 1295 5436 Oriente
1308 5390 1454 5452 venerunt,
1466 5387 1558 5438 ortum
1572 5380 1664 5437 Solem
1677 5379 1757 5450 justi-

957 5472 1002 5529 tiae
1029 5462 1213 5544 requirentes,
1227 5483 1297 5533 =eum
1324 5468 1359 5526 de
1388 5483 1443 5543 quo
1455 5467 1585 5543 legitur:
1606 5470 1677 5532 Ecce
1698 5469 1753 5540 cir,
