3734 5948
121 214 174 269 ιιι
542 215 856 278 ιυυιτιιυιτεε.
876 218 1023 278 torulus
1043 219 1364 280 samurasmuo.
1725 206 1778 269 tlt

120 337 215 395 vitatis
236 339 297 409 ejus
320 338 455 411 propheta
474 341 611 412 quondm
629 342 721 399 laetitia
744 342 832 402 985
860 343 921 400 est?
939 358 963 437 g
981 345 1117 403 laboribus
1140 348 1206 415 suis,
1230 354 1258 404 ot
1279 346 1389 402 dicere:
1416 343 1486 400 Satis
1510 337 1649 412 estquod
1675 337 1775 410 patior,

121 428 208 497 Cujus
227 428 302 483 enim
315 428 474 484 memoriam
494 430 583 504 agitis,
600 448 617 487 o
637 432 715 487 nimia
729 432 838 490 delicati
860 433 921 490 oul-
979 435 1078 491 nedum
1093 435 1196 491 nimis?
1211 434 1277 504 Qua
1291 436 1365 492 enim
1379 431 1535 496 homicidia,
1549 445 1611 501 qnae
1621 426 1772 498 sacrilegia,

119 514 219 573 tores?
234 519 311 588 cujus
332 516 477 574 celebratis
499 519 641 575 natalem?
665 521 761 577 Nonne
783 521 854 578 illius
877 523 923 595 qui
977 532 1022 579 aut
1036 541 1100 596 qnoe
1126 525 1228 597 flagitia
1243 526 1282 582 sie
1301 524 1433 597 puniebat
1450 520 1569 578 loannes
1590 518 1620 573 in
1641 533 1671 572 se
1695 514 1775 586 ipso?

119 606 149 676 ip
164 620 260 661 eremo
274 605 325 661 luit
339 606 458 661 hirsutus
473 619 557 673 veste,
572 608 712 665 coniectus
725 610 816 666 inedia
826 611 840 665 i
852 612 923 678 Quid
976 614 1168 670 Accendamur
1181 614 1216 669 ad
1230 613 1428 686 paenitentiam,
1449 609 1554 671 iratres.
1571 606 1775 678 interrogemus

119 694 216 751 existis
229 694 258 749 in
273 694 412 750 desertum
428 695 532 761 videro,
547 696 594 751 dlii
618 697 784 769 babylonis?
808 701 922 756 arundi-
976 703 1154 758 conscientias
1169 712 1286 771 nostras,
1306 708 1334 758 ει
1352 701 1504 756 animemur
1517 698 1551 752 ad
1571 696 1701 751 ultionem
1713 693 1782 749 exi-s

119 799 184 839 nem
200 790 284 839 vento
298 783 448 856 agitatam?
467 784 537 850 Quia
557 785 664 856 igitur?
680 787 816 842 hominem
836 789 922 844 molli·
975 790 1092 861 gandam
1108 792 1141 845 de
1158 791 1245 857 nobis,
1261 799 1290 847 ut
1310 789 1474 846 horrendum
1498 786 1632 859 possimus
1654 784 1772 840 evadere

120 872 173 926 bus
194 870 345 927 vestitum?
369 873 499 927 nutritum
528 872 676 930 mollibus?
700 876 731 929 ln
755 875 796 931 bis
822 893 921 948 nempe
973 878 1104 950 judicium
1117 879 1166 934 Dei
1181 879 1304 934 viventis.
1320 877 1456 949 Quidquid
1470 891 1535 932 vero
1553 875 1643 928 minus
1659 880 1701 928 est
1716 872 1772 927 ler-

120 970 178 1016 tota
202 967 327 1016 versatur
351 963 409 1016 haec
430 969 522 1018 vestra
547 964 709 1019 celebritas:
735 965 761 1020 in
784 967 923 1037 popularis

119 1047 222 1105 favoris
242 1064 307 1103 aura
322 1050 462 1117 sectanda,
474 1049 501 1103 in
512 1051 599 1121 gloria
608 1052 735 1118 vestium,
747 1061 775 1108 et
784 1054 922 1125 voluptate

119 1135 254 1191 ciborum.
271 1136 324 1191 Sed
339 1136 403 1209 quid
418 1138 476 1193 haeo
497 1140 529 1192 ad
553 1140 710 1197 Joannem‘?
731 1141 827 1213 Neque
849 1143 922 1198 enim

117 1224 241 1279 ioannes
256 1223 319 1279 iecit
333 1225 382 1289 sic,
393 1234 439 1279 aut
450 1225 547 1280 talibus
557 1242 675 1298 unquam
685 1228 770 1299 poluit
780 1229 919 1287 delectari.

976 969 1059 1034 voris,
1078 969 1214 1023 humilitas
1229 970 1352 1039 suppleat
1366 983 1441 1038 purae
1464 963 1653 1021 confessionis.
1678 961 1772 1018 Fidelii

975 1057 1047 1111 enim
1068 1059 1151 1122 Deus,
1173 1063 1201 1111 et
1223 1056 1245 1110 si
1269 1055 1447 1111 confiteamur
1472 1052 1628 1124 iniquitates
1652 1059 1769 1119 nostras,

975 1145 998 1199 ει
1014 1145 1137 1200 miserias
1157 1154 1265 1200 nostras
1287 1159 1464 1214 exponamus,
1488 1141 1511 1196 si
1533 1156 1587 1195 non
1610 1155 1771 1194 excusemus

975 1233 1146 1288 infirmitates
1160 1239 1277 1299 nostras,
1303 1232 1420 1286 dimittet
1439 1230 1518 1284 nohis
1534 1235 1645 1300 peccata
1665 1236 1768 1281 nostra,

153 1316 182 1370 7.
200 1314 293 1380 hatti,
308 1313 395 1384 inquit
406 1314 536 1387 angelus,
546 1317 578 1371 ira
589 1317 809 1389 natiuitateejus
818 1320 922 1390 gaude·
1011 1325 1035 1377 9.
1053 1323 1093 1376 Ex
1108 1322 1158 1377 hoc
1176 1338 1242 1376 sane
1257 1328 1285 1376 ει
1299 1336 1365 1391 erga
1379 1318 1562 1389 proximorum
1574 1315 1671 1378 delicta
1683 1315 1772 1370 servo·

117 1405 192 1458 aaut
203 1403 282 1471 (Lac.
299 1418 319 1468 1,
342 1402 396 1472 ιι).
415 1403 513 1458 Verum
531 1403 559 1457 id
570 1404 696 1476 quidem:
714 1406 789 1461 Multi
804 1409 831 1461 in
847 1409 920 1464 nati·
974 1427 1032 1466 rem
1047 1411 1152 1466 intuere
1172 1410 1293 1466 loannis.
1309 1411 1356 1464 llis
1367 1423 1466 1478 nempe
1476 1406 1575 1477 dignus
1584 1412 1627 1459 est
1637 1402 1771 1458 etrationi

118 1486 205 1545 vitate
225 1490 287 1559 ejus
300 1491 437 1561 gaudent:
455 1499 482 1546 et
493 1493 605 1567 paganis
619 1493 696 1564 ipsis,
712 1502 741 1548 υι
755 1495 916 1570 audivimus,
972 1504 1172 1553 consentaneus
1186 1497 1265 1560 ordo,
1280 1504 1310 1552 ut
1333 1493 1516 1565 incipiendum
1541 1491 1588 1546 tihi
1612 1489 1770 1544 memineris

117 1578 180 1634 laeta
195 1587 239 1634 est
254 1586 281 1634 ει
295 1578 435 1635 solemnis.
456 1581 502 1653 llli
521 1581 662 1637 celebrant
683 1583 756 1653 quod
779 1584 916 1658 ignorant,
971 1604 987 1643 a
1004 1598 1029 1642 te
1044 1587 1114 1657 ipso.
1125 1587 1163 1643 lb
1176 1588 1304 1650 occultis,
1315 1583 1413 1655 inquit,
1424 1584 1493 1639 mds
1504 1580 1611 1637 munda
1621 1596 1677 1649 me,
1696 1584 1723 1635 el
1737 1579 1771 1635 ad

118 1667 167 1722 sed
183 1683 239 1722 non
253 1667 290 1723 ita
304 1667 457 1724 debuerant
479 1669 633 1726 Christiani.
650 1672 729 1726 Nunc
747 1689 813 1728 vero
826 1682 854 1729 ct
867 1675 917 1744 ipsi
933 1660 955 1737 Β
971 1674 1493 1748 alienisporceseruotaoll'sal.xv111,
1503 1674 1545 1734 13,
1555 1668 1770 1740 ιιιθειιιιιιιιιυ

118 1755 145 1810 in
165 1757 218 1812 hac
237 1756 310 1812 beati
334 1759 447 1814 loannis
470 1759 596 1830 Baptistae
618 1759 757 1816 nauvitate
780 1763 914 1834 gaudent3
971 1766 1144 1837 viperarum,
1159 1764 1197 1819 ait
1205 1766 1336 1831 loannes,
1354 1765 1415 1835 qais
1429 1759 1551 1817 ostendit
1561 1759 1636 1816 vodis
1645 1758 1770 1829 superea

116 1846 166 1900 sed
191 1844 296 1900 utinam
319 1845 354 1901 de
388 1847 537 1914 nativitate,
561 1863 615 1904 non
638 1849 672 1905 de
692 1852 822 1907 vanitate.
846 1853 916 1920 Quid
970 1853 1220 1910 centarairnille
1241 1860 1343 1923 quanto
1366 1848 1466 1905 mentis
1489 1847 1597 1903 lervore
1620 1843 1770 1916 procedere

116 1933 248 1988 estonim
263 1933 316 1989 nisi
344 1935 449 1991 vanitas
468 1937 617 1992 vanitatum
630 1936 761 2011 quidquid
780 1941 830 1996 sub
857 1941 916 1998 sole
970 1949 1049 2011 putas
1070 1941 1201 1997 scintillas
1225 1941 1301 2006 istas,
1330 1940 1384 1994 imo
1403 1937 1538 1993 carbones
1566 1932 1769 1990 desolatorios?

116 2020 181 2076 esti
202 2030 250 2078 aut
275 2023 339 2095 quid
367 2024 482 2095 amplius
510 2026 593 2082 hahet
618 2027 699 2081 homo
725 2027 761 2084 de
787 2029 915 2086 universo
969 2030 1014 2085 Sic
1028 2045 1118 2101 neque
1138 2029 1280 2085 Pharisaeis
1297 2025 1385 2084 986
1399 2039 1535 2097 parcens:
1553 2022 1656 2088 Nolite,
1671 2019 1768 2092 inquit,

115 2109 210 2166 labore
235 2125 296 2177 suo,
319 2125 373 2181 qno
400 2114 451 2167 sub
478 2112 535 2168 sole
562 2111 689 2168 laborati
716 2114 835 2185 Fratres,
865 2119 914 2173 sub
969 2120 1063 2177 dicem
1080 2120 1149 2190 qaia
1168 2123 1280 2191 patrem
1297 2112 1596 2174 babemaaddradam:
1611 2114 1767 2182 potensest

116 2198 173 2253 sole
197 2207 239 2254 est
262 2199 394 2271 quidquid
416 2200 502 2257 oculis
536 2200 668 2269 cernitur,
691 2204 823 2276 quidquid
851 2207 915 2264 huic
969 2210 1045 2266 emim
1055 2210 1125 2264 Deus
1139 2208 1173 2262 de
1189 2206 1329 2279 lapidibus
1344 2197 1768 2268 isttssuscitarefiliosAbrabae

114 2302 256 2358 corporeae
280 2287 333 2343 luci
360 2289 502 2359 subjacere
539 2290 658 2346 videtur.
695 2292 766 2361 Quid
791 2309 857 2351 vero
883 2296 915 2350 il·
968 2298 1048 2368 (lae.
1065 2312 1107 2361 ιυ,
1122 2298 1149 2360 Ἰ,
1165 2295 1203 2366 8).
1215 2294 1269 2350 Sed
1280 2293 1369 2348 minus
1379 2294 1431 2348 hoc
1441 2290 1576 2355 videatur,
1588 2286 1611 2342 si
1627 2286 1667 2341 vel
1680 2286 1768 2357 ipsum

113 2375 170 2444 lud,
200 2375 253 2431 nisi
280 2392 364 2446 vapor
395 2378 430 2432 ad
457 2378 591 2450 modicum
620 2380 744 2452 parens?
769 2384 838 2451 (lae.
872 2399 911 2453 ιν,

114 2467 174 2536 ιιι.)
190 2462 261 2531 Ουιιι
275 2464 350 2530 ιιιυιι,
362 2465 414 2521 nisi
426 2466 529 2534 lenum,
545 2478 574 2524 et
587 2468 636 2524 llos
650 2468 726 2526 leni?
744 2471 839 2528 Omnis
850 2489 914 2529 earo

112 2556 225 2624 senum,
241 2552 279 2607 ait
293 2553 435 2625 Dominus,
453 2562 478 2610 et
488 2561 579 2613 omnia
592 2559 685 2629 gloria
697 2560 758 2630 ejus
769 2562 849 2632 quasi
862 2562 913 2629 (loa

111 2642 182 2712 [eni.
192 2644 302 2698 Famam
312 2644 401 2709 aruit,
412 2647 440 2700 et
450 2644 501 2712 fica
510 2644 629 2711 necata·
640 2649 856 2705 verbcmactcm
864 2651 914 2706 De

113 2731 293 2787 minimortet
301 2731 332 2785 ia
341 2736 482 2788 etenum
492 2733 570 2802 (lsai.
581 2749 627 2799 xa,
639 2738 666 2801 6,
678 2735 716 2806 8).
726 2734 757 2790 In
769 2738 820 2792 hoc
828 2737 913 2794 verbo

111 2817 282 2885 laboremus,
307 2816 422 2884 iratres;
439 2820 467 2874 in
492 2837 546 2893 quo
565 2831 593 2877 ει
615 2823 718 2889 vivere,
743 2834 770 2881 et
791 2826 912 2898 gaudere

968 2396 1078 2441 veretur
1092 2384 1211 2454 potentis
1224 2382 1339 2447 vultum,
1355 2390 1383 2438 ct
1396 2395 1452 2435 non
1467 2384 1524 2434 tota
1542 2375 1667 2431 libertate
1682 2374 1767 2445 spiri·

969 2481 1011 2528 tus
1026 2472 1115 2544 arguit
1129 2479 1287 2543 peccantem
1302 2483 1408 2539 regem,
1423 2464 1564 2522 crudelem
1577 2472 1660 2535 atque
1673 2479 1768 2528 super-

967 2563 1050 2629 bnm;
1065 2576 1143 2617 sacra
1157 2559 1273 2631 quadani
1289 2556 1459 2614 vehementia
1481 2555 1516 2609 ad
1532 2554 1583 2611 hoc
1597 2553 1686 2623 ipsum
1703 2567 1768 2621 pro·

967 2651 1046 2706 diens
1069 2648 1250 2712 dadastena,
1274 2645 1298 2701 si
1326 2645 1368 2701 vel
1392 2642 1530 2699 blanditiis
1549 2642 1620 2711 ejus,
1642 2639 1685 2696 vel
1709 2639 1766 2710 ipso

967 2739 1063 2794 mortis
1077 2745 1182 2795 terrore
1209 2743 1341 2791 movetur.
1366 2729 1629 2802 detectorumque,
1649 2728 1767 2785 heroaes

966 2819 1768 2894 loannem,etcaditocomaltosaciebat,etlibenteream

111 2905 250 2976 possimus
264 2905 292 2962 in
306 2916 448 2962 aeternum.
465 2910 618 2980 Operemur
631 2926 687 2966 non
701 2911 791 2969 cibum
802 2913 848 2984 qui
865 2930 913 2984 pe·
967 2917 1109 2973 audiebat.
1124 2917 1163 2970 dc
1181 2913 1225 2968 ille
1240 2912 1305 2967 nihil
1320 2911 1356 2966 ob
1369 2913 1421 2967 boo
1443 2922 1578 2981 parcens:
1605 2908 1666 2964 Non
1689 2906 1765 2974 licet,
1826 2932 1835 2948 κ

110 2993 154 3061 ιιι,
170 2993 222 3050 sed
236 2995 281 3067 qui
295 3006 438 3066 permanet
456 2997 484 3051 in
502 2998 583 3053 vitam
602 3007 741 3055 aeternam.
762 3000 829 3072 Quis
843 3001 913 3058 illei
928 2962 950 3043 ⁰
967 3006 1013 3073 ait,
1031 3006 1082 3060 tibi
1097 3003 1196 3061 bahem
1210 3019 1283 3060 eam.
1298 3001 1534 3069 ligatusquoque,
1546 2995 1611 3052 ctin
1626 3009 1765 3049 carcerem

111 3084 173 3140 Non
187 3085 283 3142 incolo
292 3101 366 3157 panc
376 3086 445 3141 civit
458 3087 548 3152 bomo,
563 3088 612 3144 aed
621 3091 651 3144 ιἰι
662 3091 829 3149 omnicerbo
839 3092 912 3163 qaod
968 3102 1068 3160 trusus,
1090 3090 1264 3148 nihilominus
1279 3087 1385 3144 lortiter
1403 3085 1479 3141 stetit
1493 3084 1521 3138 in
1535 3083 1661 3146 veritate,
1678 3090 1706 3136 et
1720 3097 1766 3136 oc-

111 3172 285 3245 proceditde
298 3175 625 3247 orelleitllattb.1v.l).
638 3177 808 3233 Seminemus
821 3179 913 3236 inboo
967 3182 1041 3237 cubit
1054 3195 1103 3252 pro
1118 3179 1233 3235 veritme
1249 3176 1359 3232 leliciter
1381 3175 1478 3246 (liora.
1503 3187 1541 3237 vt,
1564 3169 1670 3242 rt-ac).
1695 3169 1764 3224 Fer-

110 3260 206 3328 verbo,
233 3261 383 3316 charissimi
401 3264 567 3319 seminemus
599 3265 628 3319 in
647 3265 762 3337 spiritu;
782 3268 911 3338 quoniam
967 3277 1028 3325 veat
1042 3270 1123 3324 etiam
1144 3267 1171 3321 in
1190 3266 1269 3322 nohis
1284 3266 1357 3320 zelus
1379 3258 1637 3343 istc,'cbarissimi;
1660 3256 1765 3313 ferveat

110 3349 202 3421 quiin
222 3364 304 3404 carne
329 3350 473 3417 seminant,
497 3352 582 3408 solam
604 3354 706 3410 habent
728 3363 831 3412 metere
846 3371 910 3414 cor·
966 3372 1042 3413 amor
1062 3356 1182 3428 justitiae,
1216 3355 1309 3410 odium
1341 3350 1500 3425 iniquitatis.
1533 3350 1632 3418 Nemo,
1654 3345 1763 3416 iratres,

110 3438 277 3510 ruptionem.
294 3437 467 3495 Gaudeamus
486 3440 568 3511 intus,
585 3449 612 3497 et
627 3457 681 3498 non
695 3444 745 3498 sub
760 3447 829 3509 sole,
850 3445 909 3511 sed,
965 3446 1029 3503 vitia
1044 3448 1156 3517 palpata
1172 3452 1284 3515 peccata
1292 3441 1445 3497 dissimulet
1459 3454 1550 3495 nemo.
1571 3439 1658 3493 Nemo
1673 3436 1761 3492 dicat:

107 3529 186 3597 juxta
197 3527 367 3598 Apostolum,
385 3534 522 3601 tauquam
534 3530 640 3597 tristes,
653 3540 765 3603 propter
776 3525 911 3590 humilita·
965 3534 1091 3607 Nunquid
1106 3541 1199 3590 custos
1213 3532 1302 3587 fratris
1324 3530 1378 3586 mei
1401 3546 1459 3584 sum
1477 3529 1552 3600 ego‘?
1571 3527 1669 3591 Nemo,
1690 3525 1763 3598 quod

108 3626 164 3670 lem
173 3622 202 3670 el
212 3617 388 3690 gravitatem:
405 3633 514 3690 semper
524 3627 620 3678 autem
636 3621 838 3692 pandentesffl
847 3624 907 3681 Cor.
964 3625 992 3678 in
1007 3639 1037 3679 se
1051 3631 1103 3692 est,
1128 3621 1316 3694 equanimiter
1336 3620 1415 3686 ierat,
1436 3632 1497 3672 cum
1517 3613 1615 3670 viderit
1638 3615 1763 3669 ordinem

108 3720 147 3771 vr,
173 3707 230 3776 to),
251 3713 362 3776 propter
376 3706 511 3762 internam
537 3709 761 3766 consolationem.
782 3711 909 3768 Gaudca·
964 3713 1100 3783 deperire,
1122 3711 1207 3766 minui
1234 3707 1412 3780 disciplinam.
1437 3705 1486 3760 Est
1508 3703 1581 3758 enim
1595 3701 1760 3773 consentire,

108 3809 179 3860 nius,
210 3792 389 3860 dilectissimi,
421 3795 449 3851 in
477 3796 617 3853 nativitate
636 3799 709 3855 beati
730 3799 852 3870 loannis,
881 3806 910 3863 et
964 3802 1056 3870 silere,
1072 3816 1134 3856 cum
1147 3814 1264 3870 arguere
1288 3797 1439 3867 possiszet
1457 3791 1557 3848 scimus
1580 3791 1645 3863 quia
1668 3789 1763 3845 similis

107 3882 278 3954 gaudeamus
292 3882 326 3937 de
345 3881 404 3953 ipsa
420 3884 569 3940 nativitate.
964 3905 1045 3960 poena
1059 3889 1189 3943 iacientes
1203 3894 1311 3940 maneat
1325 3892 1354 3940 ει
1367 3881 1581 3938 consentientes.

144 3975 172 4026 8.
188 3971 307 4042 Copiosa
325 3971 458 4042 siquidem
487 3972 567 4028 nobis
588 3972 616 4027 in
635 3975 695 4043 ejus
718 3978 907 4033 recordatione
999 3982 1044 4033 lb.
1058 3978 1117 4031 Jam
1130 3990 1196 4032 vero
1210 3990 1293 4044 super
1313 3971 1407 4029 humili
1422 3979 1449 4027 et
1463 3970 1573 4026 omnino
1588 3969 1760 4027 ferventissi-

107 4059 209 4114 laetitiae
223 4075 315 4126 causa,
331 4060 472 4130 multiplex
486 4072 528 4117 est
542 4063 654 4117 materia
669 4063 841 4133 gaudiorum.
859 4065 908 4123 llle
963 4083 1008 4121 ma
1020 4065 1164 4121 devotione
1177 4063 1290 4120 Joannis
1314 4078 1381 4134 erga
1404 4060 1550 4117 Dominum
1574 4059 1638 4131 quid
1662 4060 1759 4131 loque-

106 4155 166 4203 erat
181 4148 293 4203 lucerna
308 4150 409 4204 ardens
423 4157 451 4204 et
471 4149 574 4217 lucens,
599 4157 628 4206 et
650 4152 735 4208 ludaei
763 4154 907 4210 voluerunt
963 4157 1043 4211 mur?
1056 4154 1122 4210 Inde
1137 4153 1209 4210 enim
1234 4151 1377 4208 exsultavit
1399 4149 1427 4205 in
1450 4161 1529 4205 utero
1553 4149 1632 4221 (Luc.
1654 4162 1674 4214 1,
1699 4148 1759 4219 lt),

106 4236 245 4293 exsultare
258 4237 288 4293 in
301 4239 361 4294 luce
377 4239 455 4308 ειυε;
471 4238 530 4310 ipse
543 4255 608 4295 vcro
624 4241 713 4311 potius
727 4243 864 4314 gaudebat
878 4245 906 4300 in
962 4245 1027 4300 inde
1042 4244 1149 4314 expavit
1160 4243 1188 4298 in
1211 4242 1329 4298 iordane
1354 4239 1538 4311 baptizaturus
1561 4253 1624 4293 eum
1646 4237 1758 4308 (llnttb.

105 4322 215 4381 fervore
229 4326 394 4392 devotionis,
408 4329 544 4401 gaudebat
561 4330 595 4383 ad
610 4345 706 4385 vocem
729 4333 822 4401 sponsi
846 4341 906 4388 tan·
962 4350 1003 4401 111,
1022 4333 1067 4404 tt)
1077 4353 1084 4399 ;
1095 4331 1160 4388 inde
1174 4329 1319 4387 nonmodo
1330 4328 1477 4396 Christum,
1487 4326 1535 4398 qui
1545 4325 1698 4396 putabatur,
1711 4324 1760 4379 sed

106 4429 190 4486 quam
205 4414 307 4471 amicus
317 4416 422 4487 sponsi.
438 4416 523 4473 Nobis
547 4417 573 4471 iu
598 4427 713 4490 utroque
732 4423 907 4491 gaudendum
961 4423 1004 4481 vel
1018 4421 1258 4495 ipsamcorrigiam
1273 4417 1450 4474 calceamenti
1463 4419 1523 4487 ejus
1533 4413 1760 4486 solveredignum

105 4510 167 4571 est,
185 4503 215 4558 in
229 4503 316 4559 altero
327 4504 439 4577 quidem
450 4505 485 4571 ει,
496 4505 576 4561 nobis
589 4507 618 4560 in
632 4508 718 4563 altero
735 4510 908 4580 congauden-
961 4530 991 4570 se
1010 4528 1071 4568 esse
1087 4512 1206 4585 negabat
1219 4510 1316 4579 (liare.
1331 4525 1351 4571 ι,
1367 4508 1410 4578 7);
1426 4506 1489 4562 inde
1504 4503 1642 4577 gaudebat
1656 4503 1759 4558 anricus

105 4591 181 4646 dnm.
198 4592 319 4648 Ardebat
333 4593 407 4648 enim
421 4593 483 4660 sibi,
499 4594 579 4650 nobis
595 4606 685 4650 autem
700 4596 817 4654 lucebat.
829 4600 906 4654 Gau·
961 4601 1053 4674 sponsi
1071 4599 1105 4653 ad
1119 4614 1213 4657 vocem
1239 4595 1333 4668 sponsi
1347 4596 1423 4663 (Lac.
1440 4609 1461 4660 ι,
1477 4595 1543 4662 ιι);
1566 4592 1630 4648 ιυιιε
1645 4591 1760 4666 gratiam

104 4679 221 4735 deamus
234 4682 262 4736 in
278 4681 385 4737 lervore
401 4683 461 4752 ejus
480 4683 514 4737 ad
528 4682 724 4739 imitationem:
741 4688 907 4758 gaudeamus
961 4707 991 4746 se
1005 4688 1142 4759 accepisse
1155 4701 1206 4758 pro
1220 4685 1306 4757 gratia
1323 4684 1479 4749 fatebatur3
1502 4682 1576 4737 illum
1598 4690 1689 4738 autem
1703 4696 1760 4737 non

103 4774 134 4823 et
147 4768 175 4823 in
191 4769 303 4838 lumine,
325 4778 487 4826 nontamen
513 4770 550 4825 ibi
571 4779 724 4840 manentes,
750 4775 799 4831 sed
822 4786 852 4831 ut
879 4779 907 4832 in
962 4779 996 4834 ad
1018 4792 1174 4832 mensuram
1199 4774 1300 4829 hahere
1322 4772 1464 4846 Spiritum,
1490 4771 1538 4827 sed
1560 4770 1758 4843 plenitudinem

103 4857 208 4913 lumine
227 4859 288 4929 ejus
301 4859 443 4916 videamus
457 4859 560 4924 lumen,
576 4860 669 4916 lumen
693 4862 786 4934 ntique
800 4880 905 4932 verum,
962 4867 997 4922 de
1016 4880 1068 4938 qua
1087 4880 1184 4921 omnes
1198 4862 1366 4935 acciperent,
1380 4861 1538 4918 clamitabat
1554 4862 1645 4928 (loan-
1661 4875 1681 4926 1,
1699 4860 1757 4933 to).

102 4945 184 5018 quod
204 4955 320 5003 nonest
347 4947 416 5020 ipse,
440 4949 490 5004 sed
511 4948 553 5003 cui
575 4949 757 5007 testimonium
781 4954 909 5024 perhibet
962 4957 1060 5012 ll'oane
1073 4953 1339 5024 Deosudjectaeris,
1351 4951 1449 5006 anima
1459 4947 1759 5020 accidentaria).

101 5033 174 5106 ipsc.
191 5035 271 5094 Vertit
283 5039 416 5103 ioannes,
431 5036 470 5093 ait
484 5036 627 5106 Dominus,
646 5054 696 5096 ceo
717 5042 905 5112 manducaris,
962 5042 1089 5113 Alioquin
1106 5056 1160 5097 nou
1175 5056 1223 5096 ero
1245 5039 1357 5096 lucerna
1380 5037 1490 5106 ardens,
1514 5037 1567 5092 nisi
1591 5044 1646 5092 toto
1665 5036 1760 5106 corde,

102 5139 157 5181 neo
172 5122 389 5197 dibeasfflattb.
410 5141 449 5192 m,
468 5131 523 5195 ιιι).
548 5126 717 5183 ιυεειιιιυυυι
745 5128 859 5185 iervoris
880 5131 907 5187 id
963 5139 1019 5188 tota
1033 5139 1148 5195 mente,
1175 5138 1203 5185 et
1230 5143 1262 5183 ex
1285 5127 1410 5183 omnibus
1432 5125 1536 5182 viribus
1558 5124 1627 5181 meis
1650 5124 1762 5200 diligam

102 5212 170 5267 milii
185 5220 238 5280 est,
253 5220 282 5270 et
295 5213 410 5271 materia
426 5214 594 5271 humilitatis.
611 5215 678 5285 Quis
697 5217 811 5274 enimin
829 5219 907 5276 nobis
961 5219 1106 5277 Dominum
1120 5220 1208 5273 Deum
1223 5232 1324 5272 meum.
1339 5214 1403 5270 Sola
1417 5213 1489 5270 enim
1504 5222 1547 5272 est
1561 5213 1678 5270 charitas
1697 5229 1758 5285 quae

101 5309 157 5366 est,
172 5299 281 5372 iratres,
297 5303 344 5376 qui
358 5302 471 5358 loannis
485 5303 673 5374 paenitentiam
682 5304 804 5377 intuens,
819 5324 905 5377 suam,
961 5308 1085 5366 accendit
1098 5307 1132 5361 ad
1142 5305 1274 5373 salutem3
1288 5303 1345 5360 sola
1356 5320 1437 5376 quam
1447 5304 1564 5361 inlundit
1575 5312 1602 5359 et
1611 5303 1759 5359 inllammat

102 5406 158 5447 non
174 5389 235 5448 dico
259 5390 443 5467 magnificare,
459 5392 508 5448 sed
523 5393 638 5465 alicujus
653 5393 750 5450 saltem
775 5397 906 5453 momenti
926 5460 928 5466 ,
960 5397 1085 5469 Spiritus,
1097 5410 1180 5467 quem
1189 5393 1362 5465 exstinguere
1372 5391 1760 5466 prohibemur(lbeso.v,19).

102 5489 235 5538 mactare
262 5475 433 5567 praesumat?
461 5480 530 5552 Quis
552 5481 652 5540 audeat
673 5499 853 5551 murmurare,
878 5485 906 5543 in
960 5487 1051 5544 Habes
1065 5482 1424 5559 quamadmodumtoannos
1433 5483 1550 5543 arserit:
1566 5481 1759 5553 etinhocipso
