3728 5934
515 204 698 306 ssnuouas
721 239 765 300 na
788 242 953 307 ultanus.
1501 258 1555 319 rto

81 372 242 442 tutajestate
257 375 327 443 ejus,
341 373 450 445 quando
472 369 630 429 reformabit
644 382 707 423 nor·
723 378 747 456 Α
761 366 895 437 voluntas,
920 373 945 428 si
967 371 1051 433 inerit
1072 376 1153 445 hona,
1175 378 1275 434 honam
1297 380 1360 438 tacit
1379 398 1513 453 animam;
1529 387 1553 442 si

81 459 140 517 tatis
158 468 267 525 nostra,
291 459 489 535 configuratum
504 458 614 531 corpori
627 456 706 514 olari·
761 454 843 514 inerit
864 459 969 531 vitiosa,
993 462 1127 521 vitiosam.
1152 465 1206 522 Sed
1227 468 1290 539 quia
1313 469 1405 536 homo,
1419 471 1490 529 sieut
1503 474 1556 530 ιοι)

81 549 197 622 Ριιιιιρρ.
210 561 254 619 ιιι,
268 549 324 620 tt).
337 550 371 607 Et
381 548 707 624 enmoetuhipsosraut,
762 547 1004 623 aitlluuqttomt'tt
1015 553 1110 610 eodem
1119 559 1199 612 statu
1208 563 1358 629 pertusant
1368 560 1439 631 (doh.
1448 564 1556 632 χιιι),

81 641 210 711 ¹stitutum
226 640 292 710 (ho.
303 650 344 708 ιι,
356 639 394 710 ι).
406 638 537 709 Proiectis
551 635 707 708 hypocritis,
762 642 808 693 ant
821 638 892 695 enim
907 639 998 699 delicit
1011 651 1058 697 ant
1072 642 1187 714 proiicit,
1201 647 1400 716 proficiendum
1411 659 1452 706 est
1465 649 1492 705 iu
1508 651 1558 707 hau

105 726 209 784 inuitati
238 728 332 784 venire
356 736 495 795 excusant,
528 728 555 781 in
581 724 709 781 tenebras
763 727 908 795 voluntate,
932 730 995 803 quia
1016 731 1075 802 ipsa
1099 741 1140 788 est
1162 735 1206 788 ιιι
1230 736 1264 790 de
1283 752 1337 808 qna
1350 737 1387 792 eit
1400 740 1556 809 propheta:

81 833 85 879 t
113 815 230 870 humiles
266 824 294 870 et
325 815 384 871 Duo
422 814 521 869 subditi
566 811 709 880 replebunt
763 816 825 873 llaec
839 820 950 885 estote,
964 820 1109 877 ambulate
1123 823 1154 879 in
1170 824 1276 894 eo(lso.
1293 841 1364 892 xxx,
1379 828 1557 901 21):etpsal-

97 902 227 976 quoniam
255 902 314 975 ipse
337 902 469 974 populum
494 900 625 958 humilem
652 899 708 954 sal-
762 908 953 965 mnszlleatus
966 909 1011 964 nir
1033 913 1170 981 cujusest
1184 915 1328 971 ausititem
1342 917 1390 972 ahs
1405 920 1447 983 ts,·
1463 932 1559 976 mcert-

96 997 125 1047 et
136 991 234 1048 oculos
253 993 435 1063 superborum
451 989 604 1047 humiliabit
618 987 706 1061 (Psnt.
762 994 853 1052 siones
868 997 901 1050 in
914 996 995 1055 eorde
1010 1014 1060 1055 suo
1074 999 1212 1072 disposuit
1231 1004 1264 1059 itt
1278 1004 1352 1061 volte
1366 1005 1559 1079 lacrymarum

764 1082 852 1151 (Ptol.
868 1099 986 1153 saxnat,
1002 1090 1029 1158 t,
1044 1088 1084 1159 l).
1098 1089 1127 1143 ln
1141 1090 1234 1162 corde,
1249 1090 1276 1146 id
1291 1099 1333 1147 est
1346 1094 1489 1153 voluntate.

81 1183 254 1242 flmmeum
268 1200 353 1258 super
365 1185 439 1242 illud
453 1203 462 1240 ,-
475 1184 591 1242 ,0301oe
603 1183 667 1245 uni,
683 1187 709 1239 ει
799 1175 826 1226 ι.
842 1173 949 1230 Primus
971 1176 1052 1245 hujus
1076 1177 1137 1235 vitae
1158 1180 1259 1251 gradus
1273 1184 1316 1236 est
1333 1192 1407 1240 reeta
1421 1184 1556 1254 uoluntas,

81 1275 151 1334 uest.
170 1273 311 1345 Seraphin,
337 1275 363 1329 id
388 1283 429 1331 est
448 1274 582 1338 ardentes,
605 1269 710 1344 signifi.
763 1261 901 1317 secundus
914 1260 1013 1329 valida,
1030 1264 1126 1321 tertius
1139 1266 1244 1336 devota,
1271 1279 1382 1342 quartus
1406 1271 1486 1344 plena
1506 1291 1558 1333 uo-

81 1364 96 1420 ‚5
109 1365 139 1419 a„
152 1362 259 1420 sempe
276 1361 466 1420 [sementum
480 1376 567 1434 ,φοι
578 1358 708 1416 pominus
764 1347 863 1406 luntas.
878 1351 909 1405 lu
922 1351 1010 1422 primo
1024 1355 1111 1427 gradu
1124 1355 1215 1411 anima
1236 1365 1327 1415 mente
1351 1361 1406 1431 legi
1425 1361 1474 1418 Dei
1490 1379 1558 1420 oon-

81 1451 187 1518 utsoit,
203 1457 229 1508 et
242 1466 325 1522 snper
345 1451 437 1508 omnia
450 1451 522 1507 hona
543 1464 593 1506 sua
606 1446 708 1505 cousti-
763 1437 860 1508 ιθΰῑίῑι
875 1440 934 1508 ιθᾶ,
959 1455 1041 1499 ιιιΰθ
1065 1453 1244 1517 repugnante,
1260 1447 1361 1504 bonum
1382 1449 1456 1520 quod
1474 1451 1560 1527 diligit

81 1554 111 1597 p,
129 1539 185 1596 01oe
199 1541 252 1595 ,ms
265 1544 296 1596 ει
310 1555 359 1597 ,η
376 1540 431 1596 01oe
447 1539 534 1596 atem
545 1557 555 1595 ‚-
568 1535 633 1608 quja
654 1550 709 1592 non
764 1525 895 1597 poricere
918 1543 972 1585 non
995 1531 1107 1601 invenit,
1124 1534 1171 1589 sed
1195 1550 1268 1606 saepe
1287 1537 1389 1592 malum
1404 1539 1477 1611 qnod
1491 1540 1558 1605 odit,

81 1628 147 1696 Μ,
175 1629 223 1684 ,ed
242 1629 324 1685 epam
345 1627 459 1698 subjecti
477 1627 534 1683 ὼ,
555 1627 666 1694 hamt,
683 1634 709 1682 ea
726 1616 749 1693 Β
764 1627 813 1684 per
835 1614 1013 1675 infirmitatem
1038 1619 1100 1676 lacit
1123 1621 1214 1693 (tun.
1239 1639 1289 1691 ιιι,
1316 1627 1424 1700 iduh).
1452 1628 1482 1683 ln
1509 1630 1561 1685 huc

81 1725 128 1787 mg,
144 1718 168 1773 ,ι
178 1715 313 1773 semme„
328 1716 438 1773 suerint,
455 1716 566 1772 puppa,
581 1716 709 1788 gemant
763 1711 853 1759 tamen
867 1712 941 1761 recta
955 1715 997 1764 est
1010 1708 1073 1776 ejus
1096 1711 1230 1777 uoluntas,
1244 1714 1318 1786 qnod
1342 1713 1495 1774 adversario
1509 1733 1560 1775 suo

81 1806 167 1864 patu,
178 1805 270 1878 pedes,
287 1811 314 1862 ει
327 1805 436 1863 duatus
450 1806 580 1862 potatam
593 1805 658 1876 (ιω,
670 1819 709 1871 ῃ,
764 1793 949 1866 consentiens,
963 1795 990 1850 in
1005 1812 1036 1852 se
1051 1797 1108 1854 odit
1121 1800 1194 1871 quod
1208 1800 1253 1857 ille
1273 1805 1457 1874 reprehendit.
1473 1807 1503 1862 lu
1518 1824 1561 1864 se·

87 1893 226 1950 [mmm
241 1892 340 1949 anim
348 1893 506 1966 mesquinus
517 1892 619 1962 volant,
635 1908 710 1966 ,pem
764 1881 854 1937 cundo
868 1883 956 1956 gradu
970 1885 1056 1940 anima
1071 1902 1124 1944 nou
1139 1889 1226 1945 solnm
1239 1891 1342 1947 malum
1352 1895 1425 1967 quod
1434 1894 1493 1951 odit
1506 1912 1560 1954 non

81 2008 94 2053 p,
110 1981 175 2054 quia
188 1982 305 2039 uolantis
319 1990 362 2039 ρει
383 1981 530 2055 aliquando
544 1981 596 2038 alm
608 1989 709 2054 petere,
764 1969 829 2043 ugit,
846 1974 892 2028 led
907 1972 988 2029 elim
1002 1975 1103 2033 bollum
1128 1979 1203 2046 quod
1222 1977 1321 2052 diligit,
1336 1980 1399 2038 lloel
1417 1998 1479 2040 (illm
1493 2001 1558 2056 gra-

81 2084 137 2127 nta.
153 2071 205 2126 Per
218 2086 295 2142 spem
308 2069 381 2126 anim
397 2071 450 2127 alta
467 2079 571 2142 petunt,
595 2068 659 2141 qnia
682 2069 709 2124 in
764 2060 872 2130 senine,
888 2060 993 2120 fortiter
1003 2072 1093 2121 tamen
1104 2064 1216 2136 perficit,
1227 2067 1390 2125 dicenscum
1404 2070 1557 2144 Propheta:

82 2156 216 2216 habitant.
230 2160 306 2216 Unde
328 2158 438 2231 quidam
467 2174 500 2214 ea
527 2157 567 2215 eis
593 2157 707 2215 dicunt:
763 2150 884 2220 Propter
896 2151 979 2208 ”07⁶0
991 2151 1134 2211 tamtum
1154 2160 1270 2214 latorum
1288 2174 1336 2231 epo
1350 2160 1488 2216 custodivi
1498 2164 1559 2218 vias

81 2250 200 2305 mentio
216 2245 711 2320 ipcaetimt(Philipp‚m,2o)‚per
765 2236 851 2293 durno
874 2239 961 2308 (Paul.
986 2255 1042 2309 sur,
1068 2244 1106 2312 t).
1133 2243 1164 2299 ln
1187 2245 1268 2301 tertio
1279 2247 1366 2318 gradu
1377 2249 1433 2317 jam
1448 2249 1559 2305 dilatato

81 2350 122 2394 ng,
147 2336 398 2393 condegopndffldo
421 2335 494 2392 enim
522 2334 645 2402 infirmis,
668 2334 712 2390 in.
764 2325 847 2383 corde
868 2327 951 2384 currit
972 2330 1042 2386 viam
1065 2332 1252 2389 mandatorum
1275 2334 1336 2405 Dei,
1361 2344 1388 2392 et
1410 2336 1561 2394 delectatur

81 2439 103 2495 t,
125 2424 329 2482 mmmm
350 2424 464 2495 serpso„
479 2440 514 2481 „0
528 2431 555 2480 οι
574 2424 625 2496 1905
647 2432 710 2481 ten·
763 2413 791 2470 in
806 2415 856 2481 eis,
871 2415 942 2473 siout
954 2417 982 2472 in
998 2420 1125 2476 omnihus
1138 2421 1239 2479 divitiis
1254 2439 1261 2481 :
1279 2423 1342 2494 qnia
1357 2426 1468 2482 inuncta
1483 2428 1560 2498 pellis

81 2514 139 2571 thus
148 2516 277 2586 tapetam
285 2513 378 2587 pedes.
389 2513 476 2571 Pedes
485 2528 580 2570 eurum
590 2512 711 2569 allectio-
764 2502 826 2560 oleo
837 2503 987 2574 spiritualis
1001 2508 1106 2580 gratie,
1122 2519 1150 2564 et
1163 2511 1254 2566 sciens
1267 2512 1340 2581 qnod
1354 2512 1466 2569 hilarem
1480 2515 1559 2571 dato-

81 2601 173 2673 1nihus
191 2602 321 2673 proximis
333 2604 495 2675 junguntur.
517 2601 571 2657 Sed
584 2601 648 2673 quin
668 2600 710 2656 his
763 2608 820 2648 rem
835 2592 931 2666 diligat
952 2592 1026 2651 Dens
1051 2597 1088 2668 lli
1114 2602 1174 2656 Cor.
1191 2615 1231 2666 ta,
1246 2602 1286 2671 t),
1302 2617 1363 2658 oum
1378 2602 1513 2659 hilaritate
1527 2604 1559 2658 sd

81 2688 123 2746 dis
137 2688 296 2756 ostenditur,
312 2691 414 2747 scilieet
427 2690 510 2745 nimio
527 2690 617 2762 rigore
630 2688 709 2744 intir-
762 2680 903 2752 quodlibet
911 2683 1011 2739 honum
1027 2700 1056 2740 se
1069 2687 1228 2754 extendens,
1243 2689 1340 2745 elamat
1353 2706 1415 2746 enm
1430 2691 1561 2765 propheta

81 2777 154 2844 spuo,
173 2793 204 2834 ,ο
224 2779 307 2834 nimia
321 2777 432 2834 lenitate
446 2793 540 2835 eorum
555 2776 629 2838 vitiis
642 2792 710 2832 000.
764 2768 851 2825 David
871 2787 879 2828 τ
899 2772 976 2830 Vt'sm
993 2774 1197 2834 mundatorum
1216 2782 1333 2835 tuorum
1351 2781 1481 2851 cucurri,
1496 2797 1561 2837 eum

100 2866 225 2923 satanam
264 2866 325 2921 illos
354 2867 480 2938 seraphin
507 2865 613 2923 duabus
634 2865 709 2921 alis:
764 2858 896 2916 dilatasti
918 2876 966 2917 eor
990 2879 1087 2920 meum
1109 2864 1196 2934 (Psnl.
1212 2880 1307 2931 oratu,
1330 2868 1388 2936 ιιι.
1413 2867 1442 2922 ln
1465 2878 1560 2940 quarto

80 2950 137 3010 ium
151 2955 280 3027 rigorem,
295 2954 510 3011 consideratione
523 2955 640 3026 proprie
656 2954 709 3011 lra-
765 2947 848 3017 gradu
872 2956 936 3004 sunt
959 2950 1059 3022 angeli,
1075 2951 1120 3023 qui
1133 2967 1166 3006 ea
1178 2950 1307 3008 facilitate
1321 2969 1375 3020 qna
1387 2969 1493 3025 semper
1509 2969 1559 3010 vn-

81 3051 148 3099 »ῃιη
162 3042 272 3097 nimiam
288 3043 435 3115 lenitatem2
456 3042 514 3098 2010
532 3042 708 3099 ηειῑιῃιῑῃις,
763 3034 829 3106 lunt,
846 3036 947 3093 honum
963 3037 1081 3108 plenarie
1095 3039 1246 3110 perficiunt.
1263 3041 1341 3097 Hunc
1353 3044 1469 3113 gradum
1484 3043 1558 3099 desi·

81 3129 171 3187 mont
190 3135 284 3204 caput.
300 3132 397 3202 Caput,
412 3132 525 3189 intentio
539 3131 708 3203 contempla.
762 3123 857 3180 derare
872 3124 979 3196 qnidam
999 3134 1087 3197 potest
1101 3127 1201 3197 anima,
1225 3130 1371 3186 ascendere
1391 3145 1444 3186 non
1468 3138 1558 3201 potest

81 3217 127 3276 ive
145 3219 298 3275 intellectus
315 3220 472 3290 spiritualis.
499 3222 533 3276 Et
551 3222 603 3276 hoc
618 3221 708 3276 velant
762 3211 791 3267 in
813 3229 937 3284 torpore,
961 3214 998 3271 ob
1018 3216 1071 3271 hut
1093 3215 1165 3288 quod
1189 3231 1304 3290 corpore
1319 3227 1489 3291 aggravatur.
1505 3219 1558 3291 Qui

81 3315 175 3379 raptet·
187 3307 323 3374 inimicos,
334 3318 441 3381 propter
450 3325 548 3365 vanam
558 3308 670 3385 gloriam
681 3319 708 3366 et
762 3301 882 3358 nondum
895 3310 996 3359 reulum
1010 3304 1093 3361 hahet
1104 3304 1280 3376 voluntalem,
1293 3305 1361 3362 scial
1371 3306 1434 3377 quia
1447 3307 1559 3380 impedit

81 3396 238 3467 superium,
263 3398 370 3455 duabus
397 3398 468 3455 alis:
493 3407 590 3456 contra
612 3414 706 3454 vanam
763 3406 825 3447 eum
837 3392 953 3448 menalis
966 3392 1091 3449 intentio.
1107 3393 1161 3462 Qui
1175 3395 1257 3451 hahet
1270 3403 1370 3452 rectum
1387 3403 1414 3451 et
1426 3410 1481 3451 nou
1495 3397 1560 3453 vali·

81 3497 105 3539 ιι
131 3484 183 3554 ala,
218 3484 319 3541 scilieet
346 3500 437 3542 amore
457 3485 591 3554 veritatis3
615 3498 707 3543 contra
762 3479 836 3547 dam,
850 3481 920 3537 solat
931 3482 994 3554 quia
1010 3480 1124 3554 impedit
1137 3498 1201 3540 enm
1216 3499 1299 3556 prava
1311 3484 1491 3542 consuetudo.
1507 3486 1559 3555 Qui

96 3571 187 3627 studio
202 3572 369 3627 humilitatis.
760 3568 842 3625 hahet
855 3567 981 3627 devotam
994 3577 1022 3626 et
1035 3572 1156 3627 nondum
1170 3572 1287 3643 plenam,
1302 3571 1369 3628 sciat
1390 3572 1453 3644 quia
1470 3575 1557 3643 impe·

111 3657 221 3717 1287
247 3660 362 3718 SEthO
386 3662 511 3719 cxxlv.
762 3655 801 3712 dit
813 3671 876 3714 enm
890 3668 995 3715 terrena
1009 3659 1176 3716 inhabitatio.
1193 3661 1276 3729 Cuius
1293 3659 1381 3715 adhuc
1395 3661 1492 3716 vitiosa
1507 3679 1556 3719 vo-

81 3751 184 3807 ttttttor
196 3749 328 3821 proditus
348 3750 426 3808 bonta
448 3751 616 3808 uoluntatis.
759 3745 849 3801 luntas
862 3754 913 3818 est,
929 3755 988 3804 uret
1000 3756 1028 3804 et
1041 3747 1128 3804 dieat:
1144 3751 1210 3804 Fiat
1222 3749 1355 3805 coluntur
1370 3754 1421 3806 tuo
1434 3752 1511 3808 ucat
1525 3753 1555 3807 ιι

81 3852 88 3893 t
101 3837 151 3895 Dei
165 3839 219 3894 duo
232 3838 340 3910 operari
354 3838 434 3896 dehet
450 3858 457 3893 :
473 3838 704 3896 etanimasvitio-
761 3835 828 3894 caelo
845 3840 873 3893 et
887 3837 920 3891 tn
935 3840 1012 3894 tetro
1025 3835 1133 3908 tuattt
1147 3851 1187 3906 ιι,
1202 3837 1264 3919 llll:
1282 3853 1312 3893 se
1331 3836 1486 3911 intelligens
1501 3848 1556 3897 ter·

94 3931 122 3984 et
135 3927 221 3983 honas
239 3927 394 3987 admonere.
419 3927 539 3985 Vitiosas
561 3928 631 3999 dico,
649 3944 703 3984 non
761 3939 834 3991 ram3
849 3923 927 3979 illum
939 3934 1027 3981 antem
1042 3925 1089 3998 qni
1103 3933 1204 3981 rectam
1218 3926 1301 3981 hahet
1313 3926 1488 3995 voluntatem,
1503 3945 1557 3987 cta-

81 4029 118 4068 ·ua
133 4013 206 4071 inest
218 4014 325 4083 uitium,
345 4015 394 4071 sed
412 4033 473 4090 qnae
480 4015 548 4073 titio
560 4030 594 4072 ex
608 4017 704 4075 volun·
758 4011 815 4067 lum
830 4029 837 4070 :
854 4012 928 4084 quia,
949 4021 1079 4085 quammn
1101 4015 1199 4072 coelum
1216 4013 1328 4071 distata
1346 4024 1426 4087 terra,
1451 4024 1554 4074 tantum

81 4101 174 4171 stiunt.
199 4119 250 4160 neo
273 4104 401 4162 resistunt
427 4114 559 4179 qnantum
581 4116 701 4176 possunt.
760 4099 842 4157 distat
856 4102 1067 4159 rectauoluntas
1087 4119 1103 4158 a
1125 4103 1233 4162 vitiosa.
1258 4103 1297 4158 lta
1318 4111 1374 4159 oret
1391 4104 1438 4176 qni
1452 4113 1553 4161 rectam

81 4191 217 4264 eloquitur
230 4191 335 4251 Veritas
358 4194 385 4249 in
407 4195 564 4268 Evangelio,
585 4195 702 4252 diceus:
721 4154 744 4230 ὓ
761 4191 843 4248 hahet
855 4193 1033 4264 uoluntatem,
1056 4195 1172 4250 sednon
1197 4192 1326 4262 validam,
1351 4208 1381 4248 se
1401 4192 1554 4265 intelligens

81 4278 337 4341 alienandoersnrto
348 4286 396 4340 tuo
406 4284 663 4357 quandiucumitto
676 4301 703 4340 es
761 4289 876 4354 terram3
892 4283 966 4339 illum
981 4292 1070 4339 antem
1084 4283 1128 4338 cui
1139 4285 1196 4353 jam
1210 4282 1299 4339 valida
1314 4291 1364 4347 est,
1388 4281 1496 4338 coelum.
1521 4282 1554 4338 Ει

83 4367 138 4423 ιιι.
162 4383 189 4433 ι,
212 4369 268 4440 to),
294 4378 346 4425 etc.
371 4372 431 4428 Non
453 4371 530 4439 dixit,
550 4371 624 4438 vitio,
644 4373 701 4440 sed,
758 4369 794 4424 ita
809 4368 843 4425 de
857 4370 974 4431 oaeuris.
989 4380 1018 4428 ut
1032 4386 1140 4442 semper
1154 4369 1277 4426 attendat
1294 4370 1382 4424 anima
1395 4368 1551 4440 prolicere:

81 4498 83 4507 ,
110 4455 289 4514 Adversarius
321 4459 373 4515 iate
393 4476 482 4517 serum
506 4462 557 4518 Dei
583 4472 634 4528 est,
658 4463 703 4532 qui
758 4457 831 4529 quia,
848 4459 917 4515 sicut
931 4460 1128 4517 condemnatus
1142 4466 1184 4515 est
1198 4457 1245 4529 qui
1264 4456 1293 4516 in
1307 4457 1403 4516 vitiosa
1414 4466 1554 4528 permanet

81 4542 110 4600 lis
129 4545 299 4603 adversatur.
320 4547 389 4605 Huic
409 4551 553 4622 consentit,
568 4553 614 4624 qui
642 4568 702 4609 cunt
757 4547 906 4616 uoluntate,
931 4547 967 4602 ita
988 4547 1208 4620 reprehensibilis
1228 4556 1271 4603 est
1292 4547 1339 4619 qui
1361 4546 1389 4602 in
1413 4546 1474 4603 aliis
1499 4562 1552 4604 non

82 4646 145 4690 nere
160 4635 246 4705 possit
263 4653 269 4690 ι
285 4638 321 4693 Et
333 4643 480 4710 peecatum
494 4656 592 4699 meum
601 4645 702 4698 eontra
758 4635 847 4690 studet
861 4633 999 4707 prolicere.

81 4722 230 4795 par(Psnt.
242 4736 270 4790 t,
285 4728 321 4794 tt).
342 4726 430 4781 Bonos
444 4726 505 4784 dico
518 4728 632 4800 animas,
647 4742 701 4783 non
1031 4723 1148 4780 stulto
1167 4724 1279 4783 CXXV.

81 4814 160 4875 setas,
181 4812 229 4868 sed
252 4812 426 4886 incipientem
441 4832 512 4888 quae,
535 4816 596 4873 licet
608 4816 701 4875 ιιιιιιι
919 4815 958 4870 Do
971 4813 1156 4886 plortdcondu
1170 4816 1220 4872 Det'
1233 4817 1386 4888 snpientia.

81 4912 114 4955 uu
141 4906 230 4957 tamen
257 4903 436 4967 consentiunt.
463 4906 510 4961 sed
538 4916 699 4979 repugnant.
792 4905 817 4957 ι.
837 4903 997 4973 Glorificote
1011 4906 1040 4959 et
1053 4906 1165 4977 portate
1179 4907 1268 4961 Deum
1282 4906 1313 4960 tn
1326 4920 1442 4979 corpore
1460 4912 1551 4964 vestro

81 5002 104 5059 e,
122 4987 184 5045 licet
198 5005 230 5044 ex
245 4989 400 5048 infirmitate
413 4992 459 5048 vel
468 4995 617 5067 ignorentia
628 5010 701 5064 saepe
757 4992 783 5062 (t
798 4993 860 5050 Cor.
875 5008 913 5060 ιι,
925 4992 981 5063 to).
999 4992 1071 5047 ttihi
1085 4992 1150 5049 dicit
1164 4993 1299 5063 Scriptura
1314 4996 1496 5063 :iustificata
1510 5001 1550 5054 est

81 5077 230 5149 tscriptnm
241 5090 281 5136 est
293 5099 300 5136 :
311 5083 418 5154 Septies
428 5083 597 5142 indteccdit
605 5086 700 5154 justus
757 5082 898 5154 sumentia
913 5097 930 5136 a
943 5081 1014 5149 filiis
1027 5083 1087 5137 suis
1102 5082 1210 5149 (tatto.
1222 5098 1259 5146 ιι,
1276 5083 1331 5150 till.
1343 5083 1377 5137 Et
1389 5084 1416 5136 ιι
1431 5084 1551 5140 oratione

81 5180 94 5236 ’,
110 5166 167 5234 ιι),
183 5175 273 5224 tamen
288 5184 335 5238 per
352 5171 527 5239 voluntatem,
547 5189 627 5244 qnam
651 5175 699 5228 ha·
754 5168 888 5226 dicimus:
906 5170 1105 5239 Sanctificetur
1118 5187 1221 5227 ttomett
1236 5176 1318 5228 tuum
1332 5172 1441 5241 (uattt.
1457 5189 1494 5238 st,
1510 5175 1549 5244 9).

85 5294 93 5321 ,
108 5264 266 5328 resurgunt.
280 5258 345 5314 Haec
367 5269 409 5316 est
422 5259 493 5316 enim
517 5276 578 5332 qnae
601 5263 699 5319 honam
756 5260 889 5328 Christus,
901 5260 951 5315 Dei
960 5259 1046 5315 uirtus
1056 5268 1083 5315 ot
1095 5261 1145 5315 Dei
1154 5261 1293 5333 sapientia,
1303 5260 1475 5332 justificatur,
1487 5280 1550 5319 san-

81 5358 110 5412 n,
134 5343 207 5415 qnia,
237 5361 298 5403 oum
320 5347 404 5405 multu
428 5349 481 5405 siut
503 5351 599 5407 anime
621 5352 699 5408 houae
756 5347 897 5415 ttifieatur,
925 5346 1090 5422 glorificatur
1110 5365 1125 5402 a
1146 5348 1208 5405 liliis
1234 5349 1302 5406 suis.
1330 5350 1458 5409 Dicamus
1484 5368 1551 5425 erpo

81 5430 186 5500 insiste,
200 5433 271 5495 sient
288 5435 427 5511 ingenium
444 5440 553 5509 honum,
570 5443 700 5498 memoria
755 5438 869 5508 primum
885 5438 1022 5510 quomodo
1037 5438 1170 5510 sapientia
1189 5439 1354 5510 justificatur
1376 5456 1392 5495 ι
1409 5439 1470 5496 filiis
1483 5442 1552 5499 suis.

81 5515 169 5576 lrstlo
183 5527 211 5577 et
224 5522 436 5580 ceteroesnimae
445 5523 527 5595 hona,
538 5527 596 5584 sola
608 5535 699 5588 tamen
752 5528 891 5602 Flnuettct
900 5532 972 5588 Deus
981 5544 1093 5588 omnem
1102 5530 1199 5601 filium
1207 5545 1290 5606 mem
1302 5530 1551 5604 ditipttdtmrmn,

81 5638 119 5685 tt.
143 5625 314 5687 clxxxffl.
1421 5635 1466 5686 aa
