<?xml version="1.0" encoding="UTF-8"?>
<!DOCTYPE html PUBLIC "-//W3C//DTD XHTML 1.0 Transitional//EN"
    "http://www.w3.org/TR/xhtml1/DTD/xhtml1-transitional.dtd">
<html xmlns="http://www.w3.org/1999/xhtml" xml:lang="en" lang="en">
 <head>
  <title>
</title>
<meta http-equiv="Content-Type" content="text/html;charset=utf-8" />
  <meta name='ocr-system' content='tesseract 3.04.00' />
  <meta name='ocr-capabilities' content='ocr_page ocr_carea ocr_par ocr_line ocrx_word'/>
</head>
<body>
  <div class='ocr_page' id='page_1' title='image "./patrologiaecurs56unkngoog/patrologiaecurs56unkngoog_0227.png"; bbox 0 0 3734 5948; ppageno 0'>
   <div class='ocr_carea' id='block_1_1' title="bbox 169 194 1817 266">
    <p class='ocr_par' dir='ltr' id='par_1_1' title="bbox 169 194 1817 266">
     <span class='ocr_line' id='line_1_1' title="bbox 169 194 1817 266; baseline 0.005 -10"><span class='ocrx_word' id='word_1_1' title='bbox 169 194 222 256; x_wconf 71' lang='lat' dir='ltr'>dib</span> <span class='ocrx_word' id='word_1_2' title='bbox 643 200 671 260; x_wconf 85' lang='lat' dir='ltr'>S.</span> <span class='ocrx_word' id='word_1_3' title='bbox 686 197 854 261; x_wconf 74' lang='lat' dir='ltr'>analabus</span> <span class='ocrx_word' id='word_1_4' title='bbox 872 197 1009 260; x_wconf 75' lang='lat' dir='ltr'>mutus</span> <span class='ocrx_word' id='word_1_5' title='bbox 1022 194 1332 260; x_wconf 71' lang='lat' dir='ltr'>chaabvthlllltsls</span> <span class='ocrx_word' id='word_1_6' title='bbox 1760 202 1817 266; x_wconf 76' lang='lat' dir='ltr'>tat</span> 
     </span>
    </p>
   </div>
   <div class='ocr_carea' id='block_1_2' title="bbox 166 322 1818 2364">
    <p class='ocr_par' dir='ltr' id='par_1_2' title="bbox 166 322 1818 2364">
     <span class='ocr_line' id='line_1_2' title="bbox 168 322 1817 422; baseline 0.004 -41"><span class='ocrx_word' id='word_1_7' title='bbox 168 322 244 382; x_wconf 86' lang='lat' dir='ltr'>ocios</span> <span class='ocrx_word' id='word_1_8' title='bbox 258 322 515 399; x_wconf 76' lang='lat' dir='ltr'>ordinatobtcarct.</span> <span class='ocrx_word' id='word_1_9' title='bbox 531 327 620 401; x_wconf 82' lang='lat' dir='ltr'>u,9.)</span> <span class='ocrx_word' id='word_1_10' title='bbox 635 326 767 385; x_wconf 78' lang='lat' dir='ltr'><strong>Ascendit</strong></span> <span class='ocrx_word' id='word_1_11' title='bbox 788 329 868 400; x_wconf 88' lang='lat' dir='ltr'>plane</span> <span class='ocrx_word' id='word_1_12' title='bbox 881 343 963 399; x_wconf 89' lang='lat' dir='ltr'>supra</span> <span class='ocrx_word' id='word_1_13' title='bbox 979 338 1003 422; x_wconf 64' lang='grc' dir='ltr'>Ι</span> <span class='ocrx_word' id='word_1_14' title='bbox 1019 324 1118 384; x_wconf 89' lang='lat' dir='ltr'>dotalis</span> <span class='ocrx_word' id='word_1_15' title='bbox 1140 323 1256 396; x_wconf 85' lang='lat' dir='ltr'>copiosae</span> <span class='ocrx_word' id='word_1_16' title='bbox 1278 325 1421 397; x_wconf 77' lang='lat' dir='ltr'>produxit3</span> <span class='ocrx_word' id='word_1_17' title='bbox 1442 342 1524 400; x_wconf 89' lang='lat' dir='ltr'>qnam</span> <span class='ocrx_word' id='word_1_18' title='bbox 1547 326 1575 382; x_wconf 91' lang='lat' dir='ltr'>in</span> <span class='ocrx_word' id='word_1_19' title='bbox 1596 327 1720 400; x_wconf 88' lang='lat' dir='ltr'>supernis</span> <span class='ocrx_word' id='word_1_20' title='bbox 1743 329 1817 389; x_wconf 89' lang='lat' dir='ltr'>bau·</span> 
     </span>
     <span class='ocr_line' id='line_1_3' title="bbox 170 413 1817 493; baseline 0.005 -25"><span class='ocrx_word' id='word_1_21' title='bbox 170 413 319 470; x_wconf 92' lang='lat' dir='ltr'>humanum</span> <span class='ocrx_word' id='word_1_22' title='bbox 336 430 433 486; x_wconf 89' lang='lat' dir='ltr'>genus,</span> <span class='ocrx_word' id='word_1_23' title='bbox 448 417 572 472; x_wconf 89' lang='lat' dir='ltr'>ascendit</span> <span class='ocrx_word' id='word_1_24' title='bbox 582 432 669 490; x_wconf 88' lang='lat' dir='ltr'>usque</span> <span class='ocrx_word' id='word_1_25' title='bbox 687 416 720 472; x_wconf 92' lang='lat' dir='ltr'>ad</span> <span class='ocrx_word' id='word_1_26' title='bbox 735 416 858 491; x_wconf 81' lang='lat' dir='ltr'><strong>angelos,</strong></span> <span class='ocrx_word' id='word_1_27' title='bbox 874 417 923 475; x_wconf 89' lang='lat' dir='ltr'>sed</span> <span class='ocrx_word' id='word_1_28' title='bbox 937 426 964 474; x_wconf 92' lang='lat' dir='ltr'>et</span> <span class='ocrx_word' id='word_1_29' title='bbox 1019 416 1103 487; x_wconf 77' lang='lat' dir='ltr'>dens,</span> <span class='ocrx_word' id='word_1_30' title='bbox 1122 415 1232 472; x_wconf 89' lang='lat' dir='ltr'>uberius</span> <span class='ocrx_word' id='word_1_31' title='bbox 1246 414 1325 472; x_wconf 92' lang='lat' dir='ltr'>nobis</span> <span class='ocrx_word' id='word_1_32' title='bbox 1339 415 1424 473; x_wconf 87' lang='lat' dir='ltr'>blaria</span> <span class='ocrx_word' id='word_1_33' title='bbox 1438 415 1545 474; x_wconf 84' lang='lat' dir='ltr'>refudit.</span> <span class='ocrx_word' id='word_1_34' title='bbox 1558 416 1588 472; x_wconf 91' lang='lat' dir='ltr'>lu</span> <span class='ocrx_word' id='word_1_35' title='bbox 1597 418 1725 489; x_wconf 89' lang='lat' dir='ltr'>supernis</span> <span class='ocrx_word' id='word_1_36' title='bbox 1733 417 1817 493; x_wconf 89' lang='lat' dir='ltr'>plano</span> 
     </span>
     <span class='ocr_line' id='line_1_4' title="bbox 169 500 1816 578; baseline 0.008 -22"><span class='ocrx_word' id='word_1_37' title='bbox 169 500 245 573; x_wconf 88' lang='lat' dir='ltr'>ipsos</span> <span class='ocrx_word' id='word_1_38' title='bbox 267 516 378 574; x_wconf 89' lang='lat' dir='ltr'>quoque</span> <span class='ocrx_word' id='word_1_39' title='bbox 408 505 582 574; x_wconf 73' lang='lat' dir='ltr'>transcendit,</span> <span class='ocrx_word' id='word_1_40' title='bbox 597 513 624 563; x_wconf 90' lang='lat' dir='ltr'>et</span> <span class='ocrx_word' id='word_1_41' title='bbox 637 505 777 564; x_wconf 86' lang='lat' dir='ltr'>coelestsm</span> <span class='ocrx_word' id='word_1_42' title='bbox 791 521 901 563; x_wconf 90' lang='lat' dir='ltr'>omnem</span> <span class='ocrx_word' id='word_1_43' title='bbox 915 523 964 563; x_wconf 90' lang='lat' dir='ltr'>su·</span> <span class='ocrx_word' id='word_1_44' title='bbox 1019 504 1129 563; x_wconf 89' lang='lat' dir='ltr'>etultra</span> <span class='ocrx_word' id='word_1_45' title='bbox 1142 504 1266 576; x_wconf 76' lang='lat' dir='ltr'><strong>angelos,</strong></span> <span class='ocrx_word' id='word_1_46' title='bbox 1283 521 1345 578; x_wconf 82' lang='lat' dir='ltr'>quoe</span> <span class='ocrx_word' id='word_1_47' title='bbox 1358 505 1476 563; x_wconf 90' lang='lat' dir='ltr'>Verbum</span> <span class='ocrx_word' id='word_1_48' title='bbox 1490 523 1522 563; x_wconf 87' lang='lat' dir='ltr'>ex</span> <span class='ocrx_word' id='word_1_49' title='bbox 1536 505 1597 578; x_wconf 87' lang='lat' dir='ltr'>ipso</span> <span class='ocrx_word' id='word_1_50' title='bbox 1619 506 1708 564; x_wconf 86' lang='lat' dir='ltr'>Patris</span> <span class='ocrx_word' id='word_1_51' title='bbox 1730 511 1816 569; x_wconf 89' lang='lat' dir='ltr'>corda</span> 
     </span>
     <span class='ocr_line' id='line_1_5' title="bbox 170 589 1816 668; baseline 0.01 -24"><span class='ocrx_word' id='word_1_52' title='bbox 170 589 340 662; x_wconf 90' lang='lat' dir='ltr'>pergreditur</span> <span class='ocrx_word' id='word_1_53' title='bbox 360 597 522 651; x_wconf 88' lang='lat' dir='ltr'>creaturam.</span> <span class='ocrx_word' id='word_1_54' title='bbox 531 594 664 651; x_wconf 84' lang='lat' dir='ltr'>Nimirum</span> <span class='ocrx_word' id='word_1_55' title='bbox 675 609 759 666; x_wconf 85' lang='lat' dir='ltr'>supra</span> <span class='ocrx_word' id='word_1_56' title='bbox 768 596 881 668; x_wconf 90' lang='lat' dir='ltr'>angelos</span> <span class='ocrx_word' id='word_1_57' title='bbox 894 596 964 652; x_wconf 90' lang='lat' dir='ltr'>ban·</span> <span class='ocrx_word' id='word_1_58' title='bbox 1019 594 1147 668; x_wconf 77' lang='lat' dir='ltr'>suscepit,</span> <span class='ocrx_word' id='word_1_59' title='bbox 1162 603 1193 651; x_wconf 92' lang='lat' dir='ltr'>ut</span> <span class='ocrx_word' id='word_1_60' title='bbox 1205 594 1335 667; x_wconf 88' lang='lat' dir='ltr'>scriptum</span> <span class='ocrx_word' id='word_1_61' title='bbox 1349 603 1409 652; x_wconf 90' lang='lat' dir='ltr'>est:</span> <span class='ocrx_word' id='word_1_62' title='bbox 1426 597 1491 653; x_wconf 84' lang='lat' dir='ltr'>Dies</span> <span class='ocrx_word' id='word_1_63' title='bbox 1502 596 1558 653; x_wconf 84' lang='lat' dir='ltr'>diei</span> <span class='ocrx_word' id='word_1_64' title='bbox 1571 601 1686 655; x_wconf 83' lang='lat' dir='ltr'>eroctot</span> <span class='ocrx_word' id='word_1_65' title='bbox 1698 596 1816 660; x_wconf 81' lang='lat' dir='ltr'>verbum</span> 
     </span>
     <span class='ocr_line' id='line_1_6' title="bbox 170 679 1818 760; baseline 0.006 -25"><span class='ocrx_word' id='word_1_66' title='bbox 170 679 224 736; x_wconf 87' lang='lat' dir='ltr'>riat</span> <span class='ocrx_word' id='word_1_67' title='bbox 236 694 347 736; x_wconf 86' lang='lat' dir='ltr'>necesse</span> <span class='ocrx_word' id='word_1_68' title='bbox 369 685 419 750; x_wconf 88' lang='lat' dir='ltr'>est,</span> <span class='ocrx_word' id='word_1_69' title='bbox 439 699 520 757; x_wconf 89' lang='lat' dir='ltr'>quarn</span> <span class='ocrx_word' id='word_1_70' title='bbox 546 684 674 743; x_wconf 86' lang='lat' dir='ltr'>refundat</span> <span class='ocrx_word' id='word_1_71' title='bbox 695 685 851 742; x_wconf 90' lang='lat' dir='ltr'>bominibus</span> <span class='ocrx_word' id='word_1_72' title='bbox 864 701 962 760; x_wconf 88' lang='lat' dir='ltr'>aquam</span> <span class='ocrx_word' id='word_1_73' title='bbox 1019 686 1109 758; x_wconf 71' lang='lat' dir='ltr'>(Psoi.</span> <span class='ocrx_word' id='word_1_74' title='bbox 1127 701 1208 752; x_wconf 82' lang='lat' dir='ltr'>aviri,</span> <span class='ocrx_word' id='word_1_75' title='bbox 1225 684 1264 757; x_wconf 84' lang='grc'>3).</span> <span class='ocrx_word' id='word_1_76' title='bbox 1280 684 1379 757; x_wconf 86' lang='lat' dir='ltr'>Utique</span> <span class='ocrx_word' id='word_1_77' title='bbox 1404 685 1464 744; x_wconf 90' lang='lat' dir='ltr'>dies</span> <span class='ocrx_word' id='word_1_78' title='bbox 1478 685 1579 743; x_wconf 85' lang='lat' dir='ltr'>Pater:</span> <span class='ocrx_word' id='word_1_79' title='bbox 1597 685 1733 760; x_wconf 80' lang='lat' dir='ltr'>siquidem</span> <span class='ocrx_word' id='word_1_80' title='bbox 1755 687 1818 746; x_wconf 87' lang='lat' dir='ltr'>dies</span> 
     </span>
     <span class='ocr_line' id='line_1_7' title="bbox 168 766 1817 848; baseline 0.001 -18"><span class='ocrx_word' id='word_1_81' title='bbox 168 766 267 824; x_wconf 66' lang='lat' dir='ltr'>vivum·</span> <span class='ocrx_word' id='word_1_82' title='bbox 1018 791 1052 832; x_wconf 86' lang='lat' dir='ltr'>ex</span> <span class='ocrx_word' id='word_1_83' title='bbox 1066 775 1111 831; x_wconf 89' lang='lat' dir='ltr'>die</span> <span class='ocrx_word' id='word_1_84' title='bbox 1133 775 1255 832; x_wconf 80' lang='lat' dir='ltr'>Salutate</span> <span class='ocrx_word' id='word_1_85' title='bbox 1278 775 1326 831; x_wconf 86' lang='lat' dir='ltr'>Dei</span> <span class='ocrx_word' id='word_1_86' title='bbox 1344 777 1430 846; x_wconf 82' lang='lat' dir='ltr'>(Psoi.</span> <span class='ocrx_word' id='word_1_87' title='bbox 1446 791 1512 844; x_wconf 82' lang='lat' dir='ltr'>xer,</span> <span class='ocrx_word' id='word_1_88' title='bbox 1528 776 1568 848; x_wconf 66' lang='grc' dir='ltr'>ι).</span> <span class='ocrx_word' id='word_1_89' title='bbox 1591 779 1633 834; x_wconf 79' lang='lat' dir='ltr'>dn</span> <span class='ocrx_word' id='word_1_90' title='bbox 1656 791 1711 833; x_wconf 94' lang='lat' dir='ltr'>non</span> <span class='ocrx_word' id='word_1_91' title='bbox 1735 777 1817 832; x_wconf 89' lang='lat' dir='ltr'>etiarn</span> 
     </span>
     <span class='ocr_line' id='line_1_8' title="bbox 207 859 1818 939; baseline 0.006 -26"><span class='ocrx_word' id='word_1_92' title='bbox 207 860 251 913; x_wconf 89' lang='lat' dir='ltr'>lt).</span> <span class='ocrx_word' id='word_1_93' title='bbox 275 859 425 929; x_wconf 80' lang='lat' dir='ltr'><em>Quomodo,</em></span> <span class='ocrx_word' id='word_1_94' title='bbox 444 861 541 935; x_wconf 90' lang='lat' dir='ltr'>inquit,</span> <span class='ocrx_word' id='word_1_95' title='bbox 556 862 607 933; x_wconf 67' lang='lat' dir='ltr'>fiet</span> <span class='ocrx_word' id='word_1_96' title='bbox 621 865 853 938; x_wconf 82' lang='lat' dir='ltr'>istab,qeooiam</span> <span class='ocrx_word' id='word_1_97' title='bbox 865 867 962 924; x_wconf 81' lang='lat' dir='ltr'>otram</span> <span class='ocrx_word' id='word_1_98' title='bbox 1017 863 1101 938; x_wconf 88' lang='lat' dir='ltr'>Virgo</span> <span class='ocrx_word' id='word_1_99' title='bbox 1117 864 1196 922; x_wconf 79' lang='lat' dir='ltr'>diesi</span> <span class='ocrx_word' id='word_1_100' title='bbox 1213 866 1249 923; x_wconf 83' lang='grc' dir='ltr'>Ει</span> <span class='ocrx_word' id='word_1_101' title='bbox 1271 864 1410 936; x_wconf 88' lang='lat' dir='ltr'>praeclara.</span> <span class='ocrx_word' id='word_1_102' title='bbox 1428 864 1551 922; x_wconf 85' lang='lat' dir='ltr'>Rutilans</span> <span class='ocrx_word' id='word_1_103' title='bbox 1571 865 1650 936; x_wconf 87' lang='lat' dir='ltr'>plane</span> <span class='ocrx_word' id='word_1_104' title='bbox 1669 865 1739 936; x_wconf 87' lang='lat' dir='ltr'>dics,</span> <span class='ocrx_word' id='word_1_105' title='bbox 1754 880 1818 939; x_wconf 77' lang='lat' dir='ltr'>qum</span> 
     </span>
     <span class='ocr_line' id='line_1_9' title="bbox 166 950 1816 1028; baseline 0.002 -21"><span class='ocrx_word' id='word_1_106' title='bbox 166 963 226 1007; x_wconf 83' lang='lat' dir='ltr'>ooo</span> <span class='ocrx_word' id='word_1_107' title='bbox 240 950 390 1021; x_wconf 78' lang='lat' dir='ltr'>cognosco?</span> <span class='ocrx_word' id='word_1_108' title='bbox 405 950 474 1007; x_wconf 87' lang='lat' dir='ltr'>Vere</span> <span class='ocrx_word' id='word_1_109' title='bbox 487 959 578 1008; x_wconf 88' lang='lat' dir='ltr'>sancta</span> <span class='ocrx_word' id='word_1_110' title='bbox 590 967 705 1027; x_wconf 93' lang='lat' dir='ltr'>corpore</span> <span class='ocrx_word' id='word_1_111' title='bbox 715 961 742 1011; x_wconf 92' lang='lat' dir='ltr'>et</span> <span class='ocrx_word' id='word_1_112' title='bbox 755 955 862 1027; x_wconf 87' lang='lat' dir='ltr'>spiritu,</span> <span class='ocrx_word' id='word_1_113' title='bbox 878 964 904 1012; x_wconf 89' lang='lat' dir='ltr'>et</span> <span class='ocrx_word' id='word_1_114' title='bbox 919 955 963 1010; x_wconf 92' lang='lat' dir='ltr'>in·</span> <span class='ocrx_word' id='word_1_115' title='bbox 1018 953 1142 1027; x_wconf 82' lang='lat' dir='ltr'>procedit</span> <span class='ocrx_word' id='word_1_116' title='bbox 1156 953 1227 1010; x_wconf 88' lang='lat' dir='ltr'>sicut</span> <span class='ocrx_word' id='word_1_117' title='bbox 1241 968 1338 1012; x_wconf 90' lang='lat' dir='ltr'>aurora</span> <span class='ocrx_word' id='word_1_118' title='bbox 1360 968 1539 1028; x_wconf 75' lang='lat' dir='ltr'>consurgens,</span> <span class='ocrx_word' id='word_1_119' title='bbox 1557 953 1669 1026; x_wconf 87' lang='lat' dir='ltr'>pulchra</span> <span class='ocrx_word' id='word_1_120' title='bbox 1683 962 1713 1011; x_wconf 90' lang='lat' dir='ltr'>nt</span> <span class='ocrx_word' id='word_1_121' title='bbox 1739 953 1816 1024; x_wconf 88' lang='lat' dir='ltr'>luna,</span> 
     </span>
     <span class='ocr_line' id='line_1_10' title="bbox 168 1036 1212 1117; baseline 0.008 -25"><span class='ocrx_word' id='word_1_122' title='bbox 168 1036 321 1112; x_wconf 84' lang='lat' dir='ltr'>tegritatem</span> <span class='ocrx_word' id='word_1_123' title='bbox 330 1038 419 1096; x_wconf 89' lang='lat' dir='ltr'>caruis</span> <span class='ocrx_word' id='word_1_124' title='bbox 432 1040 546 1111; x_wconf 90' lang='lat' dir='ltr'>habens,</span> <span class='ocrx_word' id='word_1_125' title='bbox 562 1049 590 1098; x_wconf 91' lang='lat' dir='ltr'>et</span> <span class='ocrx_word' id='word_1_126' title='bbox 603 1044 773 1115; x_wconf 88' lang='lat' dir='ltr'>propositum</span> <span class='ocrx_word' id='word_1_127' title='bbox 791 1044 962 1117; x_wconf 72' lang='lat' dir='ltr'>integritatis.</span> <span class='ocrx_word' id='word_1_128' title='bbox 1016 1043 1102 1102; x_wconf 89' lang='lat' dir='ltr'>electa</span> <span class='ocrx_word' id='word_1_129' title='bbox 1116 1052 1146 1100; x_wconf 92' lang='lat' dir='ltr'>ut</span> <span class='ocrx_word' id='word_1_130' title='bbox 1160 1044 1212 1100; x_wconf 89' lang='lat' dir='ltr'>sol.</span> 
     </span>
     <span class='ocr_line' id='line_1_11' title="bbox 169 1126 1817 1207; baseline 0.001 -24"><span class='ocrx_word' id='word_1_131' title='bbox 169 1126 347 1196; x_wconf 79' lang='lat' dir='ltr'>Respondeas</span> <span class='ocrx_word' id='word_1_132' title='bbox 362 1135 454 1184; x_wconf 89' lang='lat' dir='ltr'>autem</span> <span class='ocrx_word' id='word_1_133' title='bbox 468 1130 592 1202; x_wconf 79' lang='lat' dir='ltr'>angelus,</span> <span class='ocrx_word' id='word_1_134' title='bbox 603 1132 688 1192; x_wconf 83' lang='lat' dir='ltr'>dixit:</span> <span class='ocrx_word' id='word_1_135' title='bbox 706 1135 832 1207; x_wconf 77' lang='lat' dir='ltr'>Spiritus</span> <span class='ocrx_word' id='word_1_136' title='bbox 845 1138 964 1192; x_wconf 79' lang='lat' dir='ltr'>coaetos</span> <span class='ocrx_word' id='word_1_137' title='bbox 1054 1135 1096 1188; x_wconf 76' lang='lat' dir='ltr'>lb.</span> <span class='ocrx_word' id='word_1_138' title='bbox 1112 1135 1220 1190; x_wconf 90' lang='lat' dir='ltr'>Intuere</span> <span class='ocrx_word' id='word_1_139' title='bbox 1235 1132 1320 1206; x_wconf 89' lang='lat' dir='ltr'>igitur</span> <span class='ocrx_word' id='word_1_140' title='bbox 1335 1131 1561 1206; x_wconf 88' lang='lat' dir='ltr'>quemadmodum</span> <span class='ocrx_word' id='word_1_141' title='bbox 1575 1129 1711 1204; x_wconf 84' lang='lat' dir='ltr'>usquead</span> <span class='ocrx_word' id='word_1_142' title='bbox 1729 1145 1817 1204; x_wconf 88' lang='lat' dir='ltr'>ange-</span> 
     </span>
     <span class='ocr_line' id='line_1_12' title="bbox 166 1217 1817 1295; baseline 0.004 -24"><span class='ocrx_word' id='word_1_143' title='bbox 166 1217 349 1288; x_wconf 76' lang='lat' dir='ltr'>superveniet</span> <span class='ocrx_word' id='word_1_144' title='bbox 357 1220 390 1274; x_wconf 86' lang='lat' dir='ltr'>io</span> <span class='ocrx_word' id='word_1_145' title='bbox 403 1223 440 1289; x_wconf 87' lang='lat' dir='ltr'>te,</span> <span class='ocrx_word' id='word_1_146' title='bbox 448 1224 476 1276; x_wconf 93' lang='lat' dir='ltr'>et</span> <span class='ocrx_word' id='word_1_147' title='bbox 486 1220 907 1282; x_wconf 77' lang='lat' dir='ltr'>oirtcsdltissimiobombrcbit</span> <span class='ocrx_word' id='word_1_148' title='bbox 913 1223 965 1280; x_wconf 86' lang='lat' dir='ltr'>tibi</span> <span class='ocrx_word' id='word_1_149' title='bbox 1017 1220 1060 1278; x_wconf 95' lang='lat' dir='ltr'>los</span> <span class='ocrx_word' id='word_1_150' title='bbox 1073 1221 1243 1293; x_wconf 89' lang='lat' dir='ltr'>plenitudine</span> <span class='ocrx_word' id='word_1_151' title='bbox 1257 1221 1358 1293; x_wconf 85' lang='lat' dir='ltr'>gratiae,</span> <span class='ocrx_word' id='word_1_152' title='bbox 1375 1236 1459 1295; x_wconf 91' lang='lat' dir='ltr'>supra</span> <span class='ocrx_word' id='word_1_153' title='bbox 1472 1220 1586 1293; x_wconf 88' lang='lat' dir='ltr'>angelos</span> <span class='ocrx_word' id='word_1_154' title='bbox 1610 1217 1817 1292; x_wconf 83' lang='lat' dir='ltr'>superueniente</span> 
     </span>
     <span class='ocr_line' id='line_1_13' title="bbox 166 1302 1817 1387; baseline 0.004 -27"><span class='ocrx_word' id='word_1_155' title='bbox 166 1302 247 1376; x_wconf 81' lang='lat' dir='ltr'>(buc.</span> <span class='ocrx_word' id='word_1_156' title='bbox 263 1320 283 1371; x_wconf 90' lang='lat'>1,</span> <span class='ocrx_word' id='word_1_157' title='bbox 298 1305 344 1373; x_wconf 79' lang='lat' dir='ltr'>sl,</span> <span class='ocrx_word' id='word_1_158' title='bbox 358 1306 416 1378; x_wconf 78' lang='lat'>35).</span> <span class='ocrx_word' id='word_1_159' title='bbox 431 1307 471 1364; x_wconf 88' lang='lat' dir='ltr'>Nc</span> <span class='ocrx_word' id='word_1_160' title='bbox 487 1324 529 1364; x_wconf 91' lang='lat' dir='ltr'>me</span> <span class='ocrx_word' id='word_1_161' title='bbox 544 1309 764 1385; x_wconf 82' lang='lat' dir='ltr'>interrogaveris,</span> <span class='ocrx_word' id='word_1_162' title='bbox 788 1312 891 1387; x_wconf 90' lang='lat' dir='ltr'>iuquit;</span> <span class='ocrx_word' id='word_1_163' title='bbox 915 1329 963 1369; x_wconf 89' lang='lat' dir='ltr'>su·</span> <span class='ocrx_word' id='word_1_164' title='bbox 1017 1309 1118 1382; x_wconf 86' lang='lat' dir='ltr'>Spiritu</span> <span class='ocrx_word' id='word_1_165' title='bbox 1134 1318 1226 1366; x_wconf 92' lang='lat' dir='ltr'>sancto</span> <span class='ocrx_word' id='word_1_166' title='bbox 1240 1311 1371 1381; x_wconf 85' lang='lat' dir='ltr'>pervenit.</span> <span class='ocrx_word' id='word_1_167' title='bbox 1392 1310 1440 1367; x_wconf 88' lang='lat' dir='ltr'>Est</span> <span class='ocrx_word' id='word_1_168' title='bbox 1462 1307 1489 1364; x_wconf 90' lang='lat' dir='ltr'>in</span> <span class='ocrx_word' id='word_1_169' title='bbox 1513 1307 1616 1381; x_wconf 89' lang='lat' dir='ltr'>angelis</span> <span class='ocrx_word' id='word_1_170' title='bbox 1629 1307 1760 1376; x_wconf 85' lang='lat' dir='ltr'>charitas,</span> <span class='ocrx_word' id='word_1_171' title='bbox 1775 1316 1817 1366; x_wconf 86' lang='lat' dir='ltr'>est</span> 
     </span>
     <span class='ocr_line' id='line_1_14' title="bbox 167 1394 1817 1476; baseline 0.01 -27"><span class='ocrx_word' id='word_1_172' title='bbox 167 1408 217 1466; x_wconf 88' lang='lat' dir='ltr'>pra</span> <span class='ocrx_word' id='word_1_173' title='bbox 231 1409 275 1450; x_wconf 92' lang='lat' dir='ltr'>me</span> <span class='ocrx_word' id='word_1_174' title='bbox 293 1402 344 1463; x_wconf 91' lang='lat' dir='ltr'>est,</span> <span class='ocrx_word' id='word_1_175' title='bbox 360 1402 389 1451; x_wconf 90' lang='lat' dir='ltr'>et</span> <span class='ocrx_word' id='word_1_176' title='bbox 401 1413 456 1453; x_wconf 94' lang='lat' dir='ltr'>non</span> <span class='ocrx_word' id='word_1_177' title='bbox 472 1406 564 1469; x_wconf 89' lang='lat' dir='ltr'>potero</span> <span class='ocrx_word' id='word_1_178' title='bbox 575 1400 609 1456; x_wconf 92' lang='lat' dir='ltr'>ad</span> <span class='ocrx_word' id='word_1_179' title='bbox 617 1399 695 1458; x_wconf 91' lang='lat' dir='ltr'>illud.</span> <span class='ocrx_word' id='word_1_180' title='bbox 712 1403 836 1476; x_wconf 84' lang='lat' dir='ltr'>Spiritus</span> <span class='ocrx_word' id='word_1_181' title='bbox 845 1407 964 1461; x_wconf 81' lang='lat' dir='ltr'>sanctos</span> <span class='ocrx_word' id='word_1_182' title='bbox 1017 1400 1128 1470; x_wconf 78' lang='lat' dir='ltr'>puritas.</span> <span class='ocrx_word' id='word_1_183' title='bbox 1149 1406 1189 1455; x_wconf 71' lang='lat'>0⁸1</span> <span class='ocrx_word' id='word_1_184' title='bbox 1212 1396 1449 1469; x_wconf 86' lang='lat' dir='ltr'>humilitas.de</span> <span class='ocrx_word' id='word_1_185' title='bbox 1471 1398 1570 1453; x_wconf 75' lang='lat' dir='ltr'>h⁰l11m</span> <span class='ocrx_word' id='word_1_186' title='bbox 1593 1411 1646 1453; x_wconf 75' lang='lat'>¹¹⁰⁰</span> <span class='ocrx_word' id='word_1_187' title='bbox 1669 1394 1768 1453; x_wconf 68' lang='grc' dir='ltr'>θῦῑῑῦῑῑ</span> <span class='ocrx_word' id='word_1_188' title='bbox 1788 1395 1817 1452; x_wconf 67' lang='lat'>¹¹¹</span> 
     </span>
     <span class='ocr_line' id='line_1_15' title="bbox 167 1481 1817 1559; baseline 0.002 -23"><span class='ocrx_word' id='word_1_189' title='bbox 167 1495 224 1537; x_wconf 93' lang='lat' dir='ltr'>non</span> <span class='ocrx_word' id='word_1_190' title='bbox 238 1481 389 1556; x_wconf 85' lang='lat' dir='ltr'>angelicus,</span> <span class='ocrx_word' id='word_1_191' title='bbox 406 1487 584 1559; x_wconf 80' lang='lat' dir='ltr'>superveniet</span> <span class='ocrx_word' id='word_1_192' title='bbox 601 1486 760 1547; x_wconf 71' lang='lat' dir='ltr'>within</span> <span class='ocrx_word' id='word_1_193' title='bbox 776 1495 859 1559; x_wconf 87' lang='lat' dir='ltr'>te,·et</span> <span class='ocrx_word' id='word_1_194' title='bbox 871 1493 963 1549; x_wconf 84' lang='lat' dir='ltr'>virtus</span> <span class='ocrx_word' id='word_1_195' title='bbox 1018 1488 1127 1545; x_wconf 85' lang='lat' dir='ltr'>blaria‘l</span> <span class='ocrx_word' id='word_1_196' title='bbox 1151 1487 1205 1545; x_wconf 89' lang='lat' dir='ltr'>Sed</span> <span class='ocrx_word' id='word_1_197' title='bbox 1228 1497 1368 1545; x_wconf 90' lang='lat' dir='ltr'>ostensum</span> <span class='ocrx_word' id='word_1_198' title='bbox 1390 1495 1432 1544; x_wconf 92' lang='lat' dir='ltr'>est</span> <span class='ocrx_word' id='word_1_199' title='bbox 1454 1485 1590 1557; x_wconf 90' lang='lat' dir='ltr'>superius,</span> <span class='ocrx_word' id='word_1_200' title='bbox 1612 1492 1642 1541; x_wconf 90' lang='lat' dir='ltr'>ut</span> <span class='ocrx_word' id='word_1_201' title='bbox 1665 1484 1776 1557; x_wconf 86' lang='lat' dir='ltr'>quidem</span> <span class='ocrx_word' id='word_1_202' title='bbox 1800 1499 1817 1540; x_wconf 88' lang='lat' dir='ltr'>a</span> 
     </span>
     <span class='ocr_line' id='line_1_16' title="bbox 168 1570 1816 1650; baseline 0.002 -25"><span class='ocrx_word' id='word_1_203' title='bbox 168 1570 310 1628; x_wconf 67' lang='lat' dir='ltr'>altissimi</span> <span class='ocrx_word' id='word_1_204' title='bbox 324 1572 499 1632; x_wconf 81' lang='lat' dir='ltr'>obumbrabit</span> <span class='ocrx_word' id='word_1_205' title='bbox 515 1577 577 1645; x_wconf 86' lang='lat' dir='ltr'>tibi,</span> <span class='ocrx_word' id='word_1_206' title='bbox 591 1591 646 1633; x_wconf 90' lang='lat' dir='ltr'>non</span> <span class='ocrx_word' id='word_1_207' title='bbox 665 1593 727 1650; x_wconf 88' lang='lat' dir='ltr'>ego.</span> <span class='ocrx_word' id='word_1_208' title='bbox 743 1579 784 1634; x_wconf 92' lang='lat' dir='ltr'>Ne</span> <span class='ocrx_word' id='word_1_209' title='bbox 800 1579 909 1636; x_wconf 91' lang='lat' dir='ltr'>steteris</span> <span class='ocrx_word' id='word_1_210' title='bbox 922 1580 965 1637; x_wconf 86' lang='lat' dir='ltr'>ael</span> <span class='ocrx_word' id='word_1_211' title='bbox 1019 1579 1097 1636; x_wconf 90' lang='lat' dir='ltr'>nobis</span> <span class='ocrx_word' id='word_1_212' title='bbox 1116 1576 1224 1634; x_wconf 88' lang='lat' dir='ltr'>ostendi</span> <span class='ocrx_word' id='word_1_213' title='bbox 1238 1577 1326 1650; x_wconf 91' lang='lat' dir='ltr'>potuit</span> <span class='ocrx_word' id='word_1_214' title='bbox 1351 1595 1357 1636; x_wconf 92' lang='lat'>:</span> <span class='ocrx_word' id='word_1_215' title='bbox 1382 1573 1638 1650; x_wconf 85' lang='lat' dir='ltr'>supereminentiam</span> <span class='ocrx_word' id='word_1_216' title='bbox 1662 1588 1816 1648; x_wconf 88' lang='lat' dir='ltr'>prosequa-</span> 
     </span>
     <span class='ocr_line' id='line_1_17' title="bbox 168 1626 1815 1741; baseline 0.005 -29"><span class='ocrx_word' id='word_1_217' title='bbox 168 1657 240 1715; x_wconf 89' lang='lat' dir='ltr'>intra</span> <span class='ocrx_word' id='word_1_218' title='bbox 253 1659 376 1732; x_wconf 84' lang='lat' dir='ltr'>angelos,</span> <span class='ocrx_word' id='word_1_219' title='bbox 391 1661 476 1736; x_wconf 93' lang='lat' dir='ltr'>Virgo</span> <span class='ocrx_word' id='word_1_220' title='bbox 499 1672 616 1733; x_wconf 80' lang='lat' dir='ltr'>sancta3</span> <span class='ocrx_word' id='word_1_221' title='bbox 647 1667 790 1724; x_wconf 84' lang='lat' dir='ltr'>sublimius</span> <span class='ocrx_word' id='word_1_222' title='bbox 803 1667 904 1740; x_wconf 92' lang='lat' dir='ltr'>aliquid</span> <span class='ocrx_word' id='word_1_223' title='bbox 918 1675 964 1726; x_wconf 92' lang='lat' dir='ltr'>tun</span> <span class='ocrx_word' id='word_1_224' title='bbox 981 1626 1003 1706; x_wconf 69' lang='grc' dir='ltr'><strong>Β</strong></span> <span class='ocrx_word' id='word_1_225' title='bbox 1019 1684 1090 1725; x_wconf 93' lang='lat' dir='ltr'>mur.</span> <span class='ocrx_word' id='word_1_226' title='bbox 1106 1666 1157 1723; x_wconf 85' lang='lat' dir='ltr'>Cui</span> <span class='ocrx_word' id='word_1_227' title='bbox 1179 1665 1252 1723; x_wconf 89' lang='lat' dir='ltr'>eninr</span> <span class='ocrx_word' id='word_1_228' title='bbox 1274 1666 1433 1741; x_wconf 89' lang='lat' dir='ltr'>angelorum</span> <span class='ocrx_word' id='word_1_229' title='bbox 1457 1664 1601 1737; x_wconf 88' lang='lat' dir='ltr'>aliquando</span> <span class='ocrx_word' id='word_1_230' title='bbox 1624 1662 1728 1721; x_wconf 90' lang='lat' dir='ltr'>dictum</span> <span class='ocrx_word' id='word_1_231' title='bbox 1751 1673 1815 1720; x_wconf 87' lang='lat' dir='ltr'>est:</span> 
     </span>
     <span class='ocr_line' id='line_1_18' title="bbox 168 1745 1816 1832; baseline 0.004 -29"><span class='ocrx_word' id='word_1_232' title='bbox 168 1745 219 1803; x_wconf 89' lang='lat' dir='ltr'>sihi</span> <span class='ocrx_word' id='word_1_233' title='bbox 241 1748 389 1807; x_wconf 91' lang='lat' dir='ltr'>ministerio</span> <span class='ocrx_word' id='word_1_234' title='bbox 403 1752 602 1823; x_wconf 90' lang='lat' dir='ltr'>propinandum</span> <span class='ocrx_word' id='word_1_235' title='bbox 617 1761 689 1813; x_wconf 86' lang='lat' dir='ltr'>terra</span> <span class='ocrx_word' id='word_1_236' title='bbox 715 1755 810 1814; x_wconf 90' lang='lat' dir='ltr'>sitiens</span> <span class='ocrx_word' id='word_1_237' title='bbox 824 1758 967 1831; x_wconf 90' lang='lat' dir='ltr'>praestola-</span> <span class='ocrx_word' id='word_1_238' title='bbox 1020 1757 1143 1832; x_wconf 84' lang='lat' dir='ltr'>Spiritus</span> <span class='ocrx_word' id='word_1_239' title='bbox 1157 1762 1275 1813; x_wconf 83' lang='lat' dir='ltr'>sanctos</span> <span class='ocrx_word' id='word_1_240' title='bbox 1284 1757 1462 1829; x_wconf 78' lang='lat' dir='ltr'>superveniet</span> <span class='ocrx_word' id='word_1_241' title='bbox 1473 1755 1505 1811; x_wconf 84' lang='lat' dir='ltr'>io</span> <span class='ocrx_word' id='word_1_242' title='bbox 1515 1757 1585 1825; x_wconf 66' lang='lat' dir='ltr'>teet</span> <span class='ocrx_word' id='word_1_243' title='bbox 1594 1752 1816 1812; x_wconf 72' lang='lat' dir='ltr'>virtusilltiasi·</span> 
     </span>
     <span class='ocr_line' id='line_1_19' title="bbox 169 1837 1816 1920; baseline 0.004 -25"><span class='ocrx_word' id='word_1_244' title='bbox 169 1846 223 1895; x_wconf 90' lang='lat' dir='ltr'>tur.</span> <span class='ocrx_word' id='word_1_245' title='bbox 239 1837 382 1896; x_wconf 89' lang='lat' dir='ltr'>Paululum</span> <span class='ocrx_word' id='word_1_246' title='bbox 395 1857 454 1898; x_wconf 93' lang='lat' dir='ltr'>cum</span> <span class='ocrx_word' id='word_1_247' title='bbox 469 1843 661 1916; x_wconf 90' lang='lat' dir='ltr'>pertransieris</span> <span class='ocrx_word' id='word_1_248' title='bbox 676 1861 735 1915; x_wconf 91' lang='lat' dir='ltr'>cos,</span> <span class='ocrx_word' id='word_1_249' title='bbox 748 1846 869 1906; x_wconf 84' lang='lat' dir='ltr'>invenies</span> <span class='ocrx_word' id='word_1_250' title='bbox 882 1864 966 1919; x_wconf 90' lang='lat' dir='ltr'>quern</span> <span class='ocrx_word' id='word_1_251' title='bbox 1020 1849 1061 1904; x_wconf 88' lang='lat' dir='ltr'>mi</span> <span class='ocrx_word' id='word_1_252' title='bbox 1067 1845 1244 1904; x_wconf 82' lang='lat' dir='ltr'>obumbrabit</span> <span class='ocrx_word' id='word_1_253' title='bbox 1256 1845 1308 1902; x_wconf 88' lang='lat' dir='ltr'>tibi</span> <span class='ocrx_word' id='word_1_254' title='bbox 1316 1865 1324 1900; x_wconf 90' lang='lat'><em>:</em></span> <span class='ocrx_word' id='word_1_255' title='bbox 1336 1845 1450 1920; x_wconf 85' lang='lat' dir='ltr'>ideoque</span> <span class='ocrx_word' id='word_1_256' title='bbox 1462 1849 1491 1902; x_wconf 88' lang='lat' dir='ltr'>et</span> <span class='ocrx_word' id='word_1_257' title='bbox 1504 1843 1577 1918; x_wconf 85' lang='lat' dir='ltr'>quod</span> <span class='ocrx_word' id='word_1_258' title='bbox 1590 1847 1727 1902; x_wconf 79' lang='lat' dir='ltr'>noscetur</span> <span class='ocrx_word' id='word_1_259' title='bbox 1737 1858 1775 1900; x_wconf 73' lang='lat' dir='ltr'>ea</span> <span class='ocrx_word' id='word_1_260' title='bbox 1789 1846 1816 1901; x_wconf 81' lang='lat' dir='ltr'>te</span> 
     </span>
     <span class='ocr_line' id='line_1_20' title="bbox 169 1926 1816 2009; baseline 0.003 -26"><span class='ocrx_word' id='word_1_261' title='bbox 169 1926 258 2001; x_wconf 79' lang='lat' dir='ltr'>diligit</span> <span class='ocrx_word' id='word_1_262' title='bbox 271 1928 360 1986; x_wconf 90' lang='lat' dir='ltr'>anima</span> <span class='ocrx_word' id='word_1_263' title='bbox 380 1937 435 1987; x_wconf 90' lang='lat' dir='ltr'>tua.</span> <span class='ocrx_word' id='word_1_264' title='bbox 451 1930 603 2000; x_wconf 89' lang='lat' dir='ltr'>Paululum,</span> <span class='ocrx_word' id='word_1_265' title='bbox 620 1933 740 2006; x_wconf 88' lang='lat' dir='ltr'>iuquam,</span> <span class='ocrx_word' id='word_1_266' title='bbox 759 1936 894 2009; x_wconf 89' lang='lat' dir='ltr'>nunquia</span> <span class='ocrx_word' id='word_1_267' title='bbox 911 1952 966 1995; x_wconf 94' lang='lat' dir='ltr'>non</span> <span class='ocrx_word' id='word_1_268' title='bbox 1021 1939 1167 2007; x_wconf 80' lang='lat' dir='ltr'>Soractem,</span> <span class='ocrx_word' id='word_1_269' title='bbox 1184 1936 1429 1994; x_wconf 76' lang='lat' dir='ltr'>vocabitorl&#39;ilioa</span> <span class='ocrx_word' id='word_1_270' title='bbox 1439 1937 1488 1994; x_wconf 84' lang='lat' dir='ltr'>Dei</span> <span class='ocrx_word' id='word_1_271' title='bbox 1499 1933 1643 2006; x_wconf 73' lang='lat' dir='ltr'>Vbenique</span> <span class='ocrx_word' id='word_1_272' title='bbox 1657 1932 1766 1990; x_wconf 87' lang='lat' dir='ltr'>Veritas</span> <span class='ocrx_word' id='word_1_273' title='bbox 1782 1931 1816 1988; x_wconf 90' lang='lat' dir='ltr'>de</span> 
     </span>
     <span class='ocr_line' id='line_1_21' title="bbox 173 2015 1814 2097; baseline 0.004 -25"><span class='ocrx_word' id='word_1_274' title='bbox 173 2015 427 2090; x_wconf 76' lang='lat' dir='ltr'>incomparabiliter</span> <span class='ocrx_word' id='word_1_275' title='bbox 441 2023 651 2094; x_wconf 87' lang='lat' dir='ltr'>superemineat,</span> <span class='ocrx_word' id='word_1_276' title='bbox 667 2025 715 2082; x_wconf 90' lang='lat' dir='ltr'>sed</span> <span class='ocrx_word' id='word_1_277' title='bbox 729 2026 803 2097; x_wconf 91' lang='lat' dir='ltr'>quod</span> <span class='ocrx_word' id='word_1_278' title='bbox 818 2025 888 2085; x_wconf 88' lang='lat' dir='ltr'>inter</span> <span class='ocrx_word' id='word_1_279' title='bbox 904 2043 966 2084; x_wconf 89' lang='lat' dir='ltr'>cum</span> <span class='ocrx_word' id='word_1_280' title='bbox 1020 2032 1090 2084; x_wconf 89' lang='lat' dir='ltr'>terra</span> <span class='ocrx_word' id='word_1_281' title='bbox 1105 2032 1165 2083; x_wconf 92' lang='lat' dir='ltr'>orta</span> <span class='ocrx_word' id='word_1_282' title='bbox 1179 2033 1230 2094; x_wconf 89' lang='lat' dir='ltr'>cst,</span> <span class='ocrx_word' id='word_1_283' title='bbox 1241 2040 1295 2081; x_wconf 93' lang='lat' dir='ltr'>non</span> <span class='ocrx_word' id='word_1_284' title='bbox 1311 2026 1346 2080; x_wconf 90' lang='lat' dir='ltr'>de</span> <span class='ocrx_word' id='word_1_285' title='bbox 1363 2022 1487 2097; x_wconf 85' lang='lat' dir='ltr'>angelica</span> <span class='ocrx_word' id='word_1_286' title='bbox 1501 2030 1625 2079; x_wconf 90' lang='lat' dir='ltr'>ereatura</span> <span class='ocrx_word' id='word_1_287' title='bbox 1641 2040 1648 2080; x_wconf 91' lang='lat'>:</span> <span class='ocrx_word' id='word_1_288' title='bbox 1665 2036 1716 2078; x_wconf 91' lang='lat' dir='ltr'>nec</span> <span class='ocrx_word' id='word_1_289' title='bbox 1730 2036 1814 2096; x_wconf 90' lang='lat' dir='ltr'>ange·</span> 
     </span>
     <span class='ocr_line' id='line_1_22' title="bbox 169 2106 1818 2192; baseline 0.004 -30"><span class='ocrx_word' id='word_1_290' title='bbox 169 2114 196 2162; x_wconf 87' lang='lat' dir='ltr'>ct</span> <span class='ocrx_word' id='word_1_291' title='bbox 210 2106 286 2180; x_wconf 87' lang='lat' dir='ltr'>ipsos</span> <span class='ocrx_word' id='word_1_292' title='bbox 299 2109 420 2166; x_wconf 92' lang='lat' dir='ltr'>medium</span> <span class='ocrx_word' id='word_1_293' title='bbox 434 2110 500 2167; x_wconf 89' lang='lat' dir='ltr'>nihil</span> <span class='ocrx_word' id='word_1_294' title='bbox 512 2112 645 2170; x_wconf 82' lang='lat' dir='ltr'>invenias.</span> <span class='ocrx_word' id='word_1_295' title='bbox 660 2114 758 2171; x_wconf 85' lang='lat' dir='ltr'>Transi</span> <span class='ocrx_word' id='word_1_296' title='bbox 771 2130 837 2192; x_wconf 92' lang='lat' dir='ltr'>ergo</span> <span class='ocrx_word' id='word_1_297' title='bbox 851 2117 967 2175; x_wconf 81' lang='lat' dir='ltr'>virtutes</span> <span class='ocrx_word' id='word_1_298' title='bbox 1021 2114 1074 2188; x_wconf 81' lang='lat' dir='ltr'>los,</span> <span class='ocrx_word' id='word_1_299' title='bbox 1089 2115 1135 2172; x_wconf 89' lang='lat' dir='ltr'>sed</span> <span class='ocrx_word' id='word_1_300' title='bbox 1156 2129 1250 2171; x_wconf 88' lang='lat' dir='ltr'>semen</span> <span class='ocrx_word' id='word_1_301' title='bbox 1272 2113 1387 2170; x_wconf 77' lang='lat' dir='ltr'>Abrahae</span> <span class='ocrx_word' id='word_1_302' title='bbox 1409 2112 1602 2187; x_wconf 87' lang='lat' dir='ltr'>apprehendit.</span> <span class='ocrx_word' id='word_1_303' title='bbox 1623 2113 1752 2185; x_wconf 87' lang='lat' dir='ltr'>blagnum</span> <span class='ocrx_word' id='word_1_304' title='bbox 1775 2120 1818 2168; x_wconf 84' lang='lat' dir='ltr'>est</span> 
     </span>
     <span class='ocr_line' id='line_1_23' title="bbox 168 2196 1817 2279; baseline 0.001 -27"><span class='ocrx_word' id='word_1_305' title='bbox 168 2203 197 2252; x_wconf 91' lang='lat' dir='ltr'>ct</span> <span class='ocrx_word' id='word_1_306' title='bbox 220 2197 431 2266; x_wconf 87' lang='lat' dir='ltr'>dominationes,</span> <span class='ocrx_word' id='word_1_307' title='bbox 456 2201 590 2258; x_wconf 88' lang='lat' dir='ltr'>cherubin</span> <span class='ocrx_word' id='word_1_308' title='bbox 616 2212 765 2277; x_wconf 86' lang='lat' dir='ltr'>quoquest</span> <span class='ocrx_word' id='word_1_309' title='bbox 780 2206 918 2279; x_wconf 89' lang='lat' dir='ltr'>seraphin,</span> <span class='ocrx_word' id='word_1_310' title='bbox 937 2213 968 2262; x_wconf 90' lang='lat' dir='ltr'>ut</span> <span class='ocrx_word' id='word_1_311' title='bbox 1021 2203 1119 2277; x_wconf 89' lang='lat' dir='ltr'>angelo</span> <span class='ocrx_word' id='word_1_312' title='bbox 1133 2212 1162 2258; x_wconf 90' lang='lat' dir='ltr'>ut</span> <span class='ocrx_word' id='word_1_313' title='bbox 1173 2201 1295 2258; x_wconf 89' lang='lat' dir='ltr'>minister</span> <span class='ocrx_word' id='word_1_314' title='bbox 1308 2201 1342 2257; x_wconf 90' lang='lat' dir='ltr'>sit</span> <span class='ocrx_word' id='word_1_315' title='bbox 1356 2200 1479 2271; x_wconf 76' lang='lat' dir='ltr'>Doruini3</span> <span class='ocrx_word' id='word_1_316' title='bbox 1494 2200 1542 2258; x_wconf 91' lang='lat' dir='ltr'>scd</span> <span class='ocrx_word' id='word_1_317' title='bbox 1564 2199 1651 2257; x_wconf 89' lang='lat' dir='ltr'>blaria</span> <span class='ocrx_word' id='word_1_318' title='bbox 1673 2196 1817 2257; x_wconf 85' lang='lat' dir='ltr'>sublimius</span> 
     </span>
     <span class='ocr_line' id='line_1_24' title="bbox 169 2284 1817 2364; baseline 0.003 -24"><span class='ocrx_word' id='word_1_319' title='bbox 169 2284 205 2340; x_wconf 90' lang='lat' dir='ltr'>ad</span> <span class='ocrx_word' id='word_1_320' title='bbox 220 2299 280 2341; x_wconf 91' lang='lat' dir='ltr'>eum</span> <span class='ocrx_word' id='word_1_321' title='bbox 299 2287 451 2356; x_wconf 85' lang='lat' dir='ltr'>pervenias,</span> <span class='ocrx_word' id='word_1_322' title='bbox 468 2290 565 2362; x_wconf 92' lang='lat' dir='ltr'>dequo</span> <span class='ocrx_word' id='word_1_323' title='bbox 578 2290 760 2351; x_wconf 79' lang='lat' dir='ltr'>vociferantur</span> <span class='ocrx_word' id='word_1_324' title='bbox 780 2294 965 2354; x_wconf 80' lang='lat' dir='ltr'>adinvicem:</span> <span class='ocrx_word' id='word_1_325' title='bbox 1021 2290 1151 2364; x_wconf 84' lang='lat' dir='ltr'>quiddam</span> <span class='ocrx_word' id='word_1_326' title='bbox 1171 2289 1281 2356; x_wconf 89' lang='lat' dir='ltr'>meruit,</span> <span class='ocrx_word' id='word_1_327' title='bbox 1303 2296 1334 2345; x_wconf 92' lang='lat' dir='ltr'>ut</span> <span class='ocrx_word' id='word_1_328' title='bbox 1354 2288 1389 2344; x_wconf 90' lang='lat' dir='ltr'>sit</span> <span class='ocrx_word' id='word_1_329' title='bbox 1412 2295 1507 2345; x_wconf 88' lang='lat' dir='ltr'>mater.</span> <span class='ocrx_word' id='word_1_330' title='bbox 1536 2286 1695 2346; x_wconf 84' lang='lat' dir='ltr'>Fecunditas</span> <span class='ocrx_word' id='word_1_331' title='bbox 1723 2287 1817 2360; x_wconf 89' lang='lat' dir='ltr'>itaque</span> 
     </span>
    </p>
   </div>
   <div class='ocr_carea' id='block_1_3' title="bbox 169 2375 1818 2995">
    <p class='ocr_par' dir='ltr' id='par_1_3' title="bbox 169 2375 1818 2995">
     <span class='ocr_line' id='line_1_25' title="bbox 172 2375 1816 2454; baseline 0.001 -22"><span class='ocrx_word' id='word_1_332' title='bbox 172 2375 305 2443; x_wconf 81' lang='lat' dir='ltr'>Sanctus,</span> <span class='ocrx_word' id='word_1_333' title='bbox 333 2383 461 2452; x_wconf 82' lang='lat' dir='ltr'>coactos,</span> <span class='ocrx_word' id='word_1_334' title='bbox 481 2387 598 2439; x_wconf 82' lang='lat' dir='ltr'>sauctus</span> <span class='ocrx_word' id='word_1_335' title='bbox 612 2384 748 2441; x_wconf 81' lang='lat' dir='ltr'>Dominus</span> <span class='ocrx_word' id='word_1_336' title='bbox 762 2387 833 2443; x_wconf 83' lang='lat' dir='ltr'>beas</span> <span class='ocrx_word' id='word_1_337' title='bbox 852 2385 968 2444; x_wconf 84' lang='lat' dir='ltr'>sabooth</span> <span class='ocrx_word' id='word_1_338' title='bbox 1021 2379 1140 2454; x_wconf 76' lang='lat' dir='ltr'>Virginis</span> <span class='ocrx_word' id='word_1_339' title='bbox 1158 2377 1362 2452; x_wconf 89' lang='lat' dir='ltr'>supereminens</span> <span class='ocrx_word' id='word_1_340' title='bbox 1375 2378 1463 2452; x_wconf 89' lang='lat' dir='ltr'>gloria</span> <span class='ocrx_word' id='word_1_341' title='bbox 1476 2384 1528 2449; x_wconf 87' lang='lat' dir='ltr'>est,</span> <span class='ocrx_word' id='word_1_342' title='bbox 1539 2385 1669 2451; x_wconf 89' lang='lat' dir='ltr'>tantoque</span> <span class='ocrx_word' id='word_1_343' title='bbox 1677 2376 1816 2435; x_wconf 82' lang='lat' dir='ltr'>excellen-</span> 
     </span>
     <span class='ocr_line' id='line_1_26' title="bbox 170 2462 1817 2546; baseline 0.001 -27"><span class='ocrx_word' id='word_1_344' title='bbox 170 2463 248 2535; x_wconf 83' lang='lat' dir='ltr'>(lsai.</span> <span class='ocrx_word' id='word_1_345' title='bbox 269 2480 308 2531; x_wconf 84' lang='lat' dir='ltr'>vr,</span> <span class='ocrx_word' id='word_1_346' title='bbox 322 2465 361 2537; x_wconf 81' lang='lat'>3).</span> <span class='ocrx_word' id='word_1_347' title='bbox 383 2466 460 2535; x_wconf 80' lang='lat' dir='ltr'>Quod</span> <span class='ocrx_word' id='word_1_348' title='bbox 473 2471 550 2526; x_wconf 78' lang='lat' dir='ltr'>enim</span> <span class='ocrx_word' id='word_1_349' title='bbox 569 2487 606 2528; x_wconf 72' lang='lat' dir='ltr'>ex</span> <span class='ocrx_word' id='word_1_350' title='bbox 621 2475 648 2530; x_wconf 79' lang='lat' dir='ltr'>ta</span> <span class='ocrx_word' id='word_1_351' title='bbox 661 2479 797 2531; x_wconf 74' lang='lat' dir='ltr'>nascetur</span> <span class='ocrx_word' id='word_1_352' title='bbox 818 2476 966 2546; x_wconf 71' lang='lat' dir='ltr'>Sanctam,</span> <span class='ocrx_word' id='word_1_353' title='bbox 1022 2471 1074 2526; x_wconf 90' lang='lat' dir='ltr'>tior</span> <span class='ocrx_word' id='word_1_354' title='bbox 1089 2468 1193 2540; x_wconf 88' lang='lat' dir='ltr'>angelis</span> <span class='ocrx_word' id='word_1_355' title='bbox 1217 2468 1287 2524; x_wconf 83' lang='lat' dir='ltr'>faeta</span> <span class='ocrx_word' id='word_1_356' title='bbox 1305 2482 1420 2523; x_wconf 90' lang='lat' dir='ltr'>munere</span> <span class='ocrx_word' id='word_1_357' title='bbox 1445 2465 1587 2538; x_wconf 84' lang='lat' dir='ltr'>singulari,</span> <span class='ocrx_word' id='word_1_358' title='bbox 1614 2473 1715 2538; x_wconf 90' lang='lat' dir='ltr'>quanto</span> <span class='ocrx_word' id='word_1_359' title='bbox 1737 2462 1817 2520; x_wconf 82' lang='lat' dir='ltr'>dilie-</span> 
     </span>
     <span class='ocr_line' id='line_1_27' title="bbox 169 2551 1817 2636; baseline 0.001 -29"><span class='ocrx_word' id='word_1_360' title='bbox 169 2551 317 2610; x_wconf 80' lang='lat' dir='ltr'>vocabitur</span> <span class='ocrx_word' id='word_1_361' title='bbox 332 2556 421 2611; x_wconf 82' lang='lat' dir='ltr'>Filios</span> <span class='ocrx_word' id='word_1_362' title='bbox 435 2558 485 2615; x_wconf 84' lang='lat' dir='ltr'>Dei</span> <span class='ocrx_word' id='word_1_363' title='bbox 508 2557 587 2629; x_wconf 84' lang='lat' dir='ltr'>(loe.</span> <span class='ocrx_word' id='word_1_364' title='bbox 611 2573 631 2623; x_wconf 89' lang='lat' dir='ltr'>r.</span> <span class='ocrx_word' id='word_1_365' title='bbox 647 2559 704 2630; x_wconf 83' lang='lat'>35).</span> <span class='ocrx_word' id='word_1_366' title='bbox 724 2561 796 2617; x_wconf 83' lang='lat' dir='ltr'>Fons</span> <span class='ocrx_word' id='word_1_367' title='bbox 817 2563 967 2636; x_wconf 75' lang='lat' dir='ltr'>sapientie,</span> <span class='ocrx_word' id='word_1_368' title='bbox 1021 2557 1125 2616; x_wconf 83' lang='lat' dir='ltr'>rectius</span> <span class='ocrx_word' id='word_1_369' title='bbox 1140 2571 1195 2628; x_wconf 84' lang='lat' dir='ltr'>prae</span> <span class='ocrx_word' id='word_1_370' title='bbox 1209 2555 1358 2612; x_wconf 89' lang='lat' dir='ltr'>ministeris</span> <span class='ocrx_word' id='word_1_371' title='bbox 1378 2569 1477 2612; x_wconf 91' lang='lat' dir='ltr'>nomen</span> <span class='ocrx_word' id='word_1_372' title='bbox 1501 2552 1595 2611; x_wconf 90' lang='lat' dir='ltr'>matris</span> <span class='ocrx_word' id='word_1_373' title='bbox 1612 2553 1726 2627; x_wconf 89' lang='lat' dir='ltr'>accepit.</span> <span class='ocrx_word' id='word_1_374' title='bbox 1741 2552 1817 2609; x_wconf 86' lang='lat' dir='ltr'>lianc</span> 
     </span>
     <span class='ocr_line' id='line_1_28' title="bbox 171 2640 1817 2719; baseline 0.006 -21"><span class='ocrx_word' id='word_1_375' title='bbox 171 2640 292 2698; x_wconf 89' lang='lat' dir='ltr'>Verbum</span> <span class='ocrx_word' id='word_1_376' title='bbox 304 2640 388 2698; x_wconf 88' lang='lat' dir='ltr'>Patris</span> <span class='ocrx_word' id='word_1_377' title='bbox 403 2642 431 2699; x_wconf 92' lang='lat' dir='ltr'>iu</span> <span class='ocrx_word' id='word_1_378' title='bbox 457 2646 579 2702; x_wconf 87' lang='lat' dir='ltr'>excelsis.</span> <span class='ocrx_word' id='word_1_379' title='bbox 603 2646 660 2705; x_wconf 90' lang='lat' dir='ltr'>lloc</span> <span class='ocrx_word' id='word_1_380' title='bbox 685 2649 806 2707; x_wconf 84' lang='lat' dir='ltr'>Verbum</span> <span class='ocrx_word' id='word_1_381' title='bbox 834 2651 968 2711; x_wconf 90' lang='lat' dir='ltr'>mediante</span> <span class='ocrx_word' id='word_1_382' title='bbox 1021 2644 1251 2718; x_wconf 57' lang='lat' dir='ltr'>inveniabilem</span> <span class='ocrx_word' id='word_1_383' title='bbox 1270 2643 1421 2717; x_wconf 65' lang='lat' dir='ltr'>silentiam</span> <span class='ocrx_word' id='word_1_384' title='bbox 1444 2642 1540 2719; x_wconf 57' lang='lat' dir='ltr'>gratim</span> <span class='ocrx_word' id='word_1_385' title='bbox 1556 2648 1587 2698; x_wconf 71' lang='lat' dir='ltr'>lli</span> <span class='ocrx_word' id='word_1_386' title='bbox 1608 2643 1740 2700; x_wconf 61' lang='lat' dir='ltr'>charibdis</span> <span class='ocrx_word' id='word_1_387' title='bbox 1762 2640 1817 2698; x_wconf 68' lang='lat' dir='ltr'>fel·</span> 
     </span>
     <span class='ocr_line' id='line_1_29' title="bbox 170 2729 1818 2811; baseline 0.002 -26"><span class='ocrx_word' id='word_1_388' title='bbox 170 2736 199 2785; x_wconf 90' lang='lat' dir='ltr'>te</span> <span class='ocrx_word' id='word_1_389' title='bbox 214 2745 279 2786; x_wconf 93' lang='lat' dir='ltr'>caro</span> <span class='ocrx_word' id='word_1_390' title='bbox 293 2729 340 2787; x_wconf 89' lang='lat' dir='ltr'>liet</span> <span class='ocrx_word' id='word_1_391' title='bbox 355 2748 362 2788; x_wconf 76' lang='grc' dir='ltr'><strong>ε</strong></span> <span class='ocrx_word' id='word_1_392' title='bbox 378 2739 408 2788; x_wconf 80' lang='grc' dir='ltr'>ιιι</span> <span class='ocrx_word' id='word_1_393' title='bbox 421 2733 468 2806; x_wconf 94' lang='lat' dir='ltr'>qui</span> <span class='ocrx_word' id='word_1_394' title='bbox 482 2734 551 2791; x_wconf 88' lang='lat' dir='ltr'>dicit</span> <span class='ocrx_word' id='word_1_395' title='bbox 565 2739 637 2811; x_wconf 82' lang='lat' dir='ltr'>:Epo</span> <span class='ocrx_word' id='word_1_396' title='bbox 647 2739 679 2796; x_wconf 85' lang='lat' dir='ltr'>io</span> <span class='ocrx_word' id='word_1_397' title='bbox 693 2742 791 2810; x_wconf 86' lang='lat' dir='ltr'>Patre,</span> <span class='ocrx_word' id='word_1_398' title='bbox 802 2745 968 2801; x_wconf 83' lang='lat' dir='ltr'>etPoterirc</span> <span class='ocrx_word' id='word_1_399' title='bbox 1020 2736 1091 2808; x_wconf 85' lang='lat' dir='ltr'>aida,</span> <span class='ocrx_word' id='word_1_400' title='bbox 1116 2734 1269 2809; x_wconf 89' lang='lat' dir='ltr'>virginitate</span> <span class='ocrx_word' id='word_1_401' title='bbox 1291 2733 1407 2807; x_wconf 88' lang='lat' dir='ltr'>integra,</span> <span class='ocrx_word' id='word_1_402' title='bbox 1431 2731 1582 2790; x_wconf 89' lang='lat' dir='ltr'>humilitate</span> <span class='ocrx_word' id='word_1_403' title='bbox 1608 2733 1717 2806; x_wconf 64' lang='lat' dir='ltr'>devota</span> <span class='ocrx_word' id='word_1_404' title='bbox 1741 2729 1818 2789; x_wconf 84' lang='lat' dir='ltr'>fieret</span> 
     </span>
     <span class='ocr_line' id='line_1_30' title="bbox 171 2818 1818 2904; baseline 0.001 -28"><span class='ocrx_word' id='word_1_405' title='bbox 171 2835 218 2877; x_wconf 91' lang='lat' dir='ltr'>me</span> <span class='ocrx_word' id='word_1_406' title='bbox 232 2818 324 2892; x_wconf 78' lang='lat' dir='ltr'>(boon.</span> <span class='ocrx_word' id='word_1_407' title='bbox 336 2835 390 2893; x_wconf 81' lang='lat' dir='ltr'>arv,</span> <span class='ocrx_word' id='word_1_408' title='bbox 416 2824 476 2895; x_wconf 83' lang='lat' dir='ltr'>lb);</span> <span class='ocrx_word' id='word_1_409' title='bbox 493 2823 564 2882; x_wconf 89' lang='lat' dir='ltr'>dicat</span> <span class='ocrx_word' id='word_1_410' title='bbox 577 2825 761 2898; x_wconf 89' lang='lat' dir='ltr'>nibilominus,</span> <span class='ocrx_word' id='word_1_411' title='bbox 777 2831 840 2903; x_wconf 88' lang='lat' dir='ltr'>quia</span> <span class='ocrx_word' id='word_1_412' title='bbox 874 2849 922 2904; x_wconf 80' lang='lat' dir='ltr'>apo</span> <span class='ocrx_word' id='word_1_413' title='bbox 950 2850 968 2890; x_wconf 80' lang='lat' dir='ltr'>a</span> <span class='ocrx_word' id='word_1_414' title='bbox 1021 2823 1198 2882; x_wconf 90' lang='lat' dir='ltr'>nihilominus</span> <span class='ocrx_word' id='word_1_415' title='bbox 1220 2822 1279 2879; x_wconf 91' lang='lat' dir='ltr'>siue</span> <span class='ocrx_word' id='word_1_416' title='bbox 1298 2822 1350 2881; x_wconf 87' lang='lat' dir='ltr'>uiri</span> <span class='ocrx_word' id='word_1_417' title='bbox 1370 2822 1525 2896; x_wconf 82' lang='lat' dir='ltr'>cognitione</span> <span class='ocrx_word' id='word_1_418' title='bbox 1539 2822 1662 2895; x_wconf 77' lang='lat' dir='ltr'>gravida,</span> <span class='ocrx_word' id='word_1_419' title='bbox 1675 2822 1735 2878; x_wconf 87' lang='lat' dir='ltr'>sine</span> <span class='ocrx_word' id='word_1_420' title='bbox 1757 2837 1818 2877; x_wconf 89' lang='lat' dir='ltr'>mu·</span> 
     </span>
     <span class='ocr_line' id='line_1_31' title="bbox 171 2909 1818 2995; baseline 0.003 -31"><span class='ocrx_word' id='word_1_421' title='bbox 171 2909 226 2966; x_wconf 86' lang='lat' dir='ltr'>Deo</span> <span class='ocrx_word' id='word_1_422' title='bbox 239 2910 363 2981; x_wconf 84' lang='lat' dir='ltr'>processi</span> <span class='ocrx_word' id='word_1_423' title='bbox 377 2915 406 2968; x_wconf 92' lang='lat' dir='ltr'>et</span> <span class='ocrx_word' id='word_1_424' title='bbox 418 2914 485 2970; x_wconf 84' lang='lat' dir='ltr'>oeni</span> <span class='ocrx_word' id='word_1_425' title='bbox 498 2913 590 2987; x_wconf 80' lang='lat' dir='ltr'>(boort.</span> <span class='ocrx_word' id='word_1_426' title='bbox 613 2931 675 2991; x_wconf 83' lang='lat' dir='ltr'>vin,</span> <span class='ocrx_word' id='word_1_427' title='bbox 688 2918 745 2991; x_wconf 85' lang='lat' dir='ltr'>ts).</span> <span class='ocrx_word' id='word_1_428' title='bbox 769 2921 803 2977; x_wconf 82' lang='lat' dir='ltr'>la</span> <span class='ocrx_word' id='word_1_429' title='bbox 815 2921 966 2995; x_wconf 83' lang='lat' dir='ltr'>principio,</span> <span class='ocrx_word' id='word_1_430' title='bbox 982 2909 1006 2990; x_wconf 67' lang='lat' dir='ltr'>t</span> <span class='ocrx_word' id='word_1_431' title='bbox 1022 2914 1089 2972; x_wconf 85' lang='lat' dir='ltr'>labri</span> <span class='ocrx_word' id='word_1_432' title='bbox 1103 2913 1196 2970; x_wconf 92' lang='lat' dir='ltr'>dolore</span> <span class='ocrx_word' id='word_1_433' title='bbox 1211 2928 1356 2987; x_wconf 86' lang='lat' dir='ltr'>puerpera.</span> <span class='ocrx_word' id='word_1_434' title='bbox 1366 2913 1475 2969; x_wconf 89' lang='lat' dir='ltr'>Patrum</span> <span class='ocrx_word' id='word_1_435' title='bbox 1486 2919 1545 2968; x_wconf 83' lang='lat' dir='ltr'>est:</span> <span class='ocrx_word' id='word_1_436' title='bbox 1556 2912 1630 2987; x_wconf 92' lang='lat' dir='ltr'>quod</span> <span class='ocrx_word' id='word_1_437' title='bbox 1639 2926 1673 2969; x_wconf 81' lang='lat' dir='ltr'>ax</span> <span class='ocrx_word' id='word_1_438' title='bbox 1683 2918 1818 2969; x_wconf 86' lang='lat' dir='ltr'>canatum</span> 
     </span>
    </p>
   </div>
   <div class='ocr_carea' id='block_1_4' title="bbox 171 2995 1827 5578">
    <p class='ocr_par' dir='ltr' id='par_1_4' title="bbox 171 2995 1827 5578">
     <span class='ocr_line' id='line_1_32' title="bbox 171 2995 1583 3078; baseline 0.003 -24"><span class='ocrx_word' id='word_1_439' title='bbox 171 2995 269 3070; x_wconf 80' lang='lat' dir='ltr'>inquit,</span> <span class='ocrx_word' id='word_1_440' title='bbox 293 3004 356 3057; x_wconf 88' lang='lat' dir='ltr'>erat</span> <span class='ocrx_word' id='word_1_441' title='bbox 376 3001 499 3060; x_wconf 76' lang='lat' dir='ltr'>Verbum.</span> <span class='ocrx_word' id='word_1_442' title='bbox 515 3003 574 3059; x_wconf 84' lang='lat' dir='ltr'>lam</span> <span class='ocrx_word' id='word_1_443' title='bbox 589 3013 675 3064; x_wconf 88' lang='lat' dir='ltr'>scatet</span> <span class='ocrx_word' id='word_1_444' title='bbox 701 3007 778 3078; x_wconf 81' lang='lat' dir='ltr'>lons3</span> <span class='ocrx_word' id='word_1_445' title='bbox 795 3009 845 3066; x_wconf 92' lang='lat' dir='ltr'>sed</span> <span class='ocrx_word' id='word_1_446' title='bbox 859 3009 968 3067; x_wconf 89' lang='lat' dir='ltr'>interim</span> <span class='ocrx_word' id='word_1_447' title='bbox 1020 3015 1071 3073; x_wconf 88' lang='lat' dir='ltr'>est,</span> <span class='ocrx_word' id='word_1_448' title='bbox 1088 3004 1215 3061; x_wconf 88' lang='lat' dir='ltr'>Sanctum</span> <span class='ocrx_word' id='word_1_449' title='bbox 1230 3008 1351 3071; x_wconf 83' lang='lat' dir='ltr'>vocatur,</span> <span class='ocrx_word' id='word_1_450' title='bbox 1368 3009 1410 3059; x_wconf 85' lang='lat' dir='ltr'>est</span> <span class='ocrx_word' id='word_1_451' title='bbox 1424 3001 1509 3058; x_wconf 78' lang='lat' dir='ltr'>Filius</span> <span class='ocrx_word' id='word_1_452' title='bbox 1522 3002 1583 3058; x_wconf 81' lang='lat' dir='ltr'>liei.</span> 
     </span>
     <span class='ocr_line' id='line_1_33' title="bbox 171 3087 1818 3173; baseline 0.01 -31"><span class='ocrx_word' id='word_1_453' title='bbox 171 3093 273 3142; x_wconf 88' lang='lat' dir='ltr'>tanturn</span> <span class='ocrx_word' id='word_1_454' title='bbox 288 3087 316 3143; x_wconf 90' lang='lat' dir='ltr'>in</span> <span class='ocrx_word' id='word_1_455' title='bbox 331 3091 491 3163; x_wconf 84' lang='lat' dir='ltr'>semetipso.</span> <span class='ocrx_word' id='word_1_456' title='bbox 502 3094 627 3167; x_wconf 88' lang='lat' dir='ltr'>Denique</span> <span class='ocrx_word' id='word_1_457' title='bbox 641 3102 670 3154; x_wconf 91' lang='lat' dir='ltr'>et</span> <span class='ocrx_word' id='word_1_458' title='bbox 693 3096 808 3156; x_wconf 80' lang='lat' dir='ltr'>Verbum</span> <span class='ocrx_word' id='word_1_459' title='bbox 818 3103 882 3156; x_wconf 89' lang='lat' dir='ltr'>erat</span> <span class='ocrx_word' id='word_1_460' title='bbox 892 3097 968 3173; x_wconf 81' lang='lat' dir='ltr'>cpad</span> <span class='ocrx_word' id='word_1_461' title='bbox 1035 3097 1101 3164; x_wconf 64' lang='lat' dir='ltr'>,lb</span> <span class='ocrx_word' id='word_1_462' title='bbox 1119 3094 1159 3151; x_wconf 85' lang='lat' dir='ltr'>De</span> <span class='ocrx_word' id='word_1_463' title='bbox 1170 3091 1286 3165; x_wconf 80' lang='lat' dir='ltr'>reliquo,</span> <span class='ocrx_word' id='word_1_464' title='bbox 1302 3090 1407 3157; x_wconf 68' lang='lat' dir='ltr'>fraires,</span> <span class='ocrx_word' id='word_1_465' title='bbox 1427 3092 1577 3149; x_wconf 71' lang='lat' dir='ltr'>curandum</span> <span class='ocrx_word' id='word_1_466' title='bbox 1596 3090 1674 3150; x_wconf 65' lang='lat' dir='ltr'>nobit</span> <span class='ocrx_word' id='word_1_467' title='bbox 1696 3105 1818 3149; x_wconf 66' lang='lat' dir='ltr'>tummb·</span> 
     </span>
     <span class='ocr_line' id='line_1_34' title="bbox 171 3177 1818 3257; baseline 0.002 -24"><span class='ocrx_word' id='word_1_468' title='bbox 171 3177 261 3234; x_wconf 81' lang='lat' dir='ltr'>Deum</span> <span class='ocrx_word' id='word_1_469' title='bbox 275 3177 367 3251; x_wconf 77' lang='lat' dir='ltr'>(boon.</span> <span class='ocrx_word' id='word_1_470' title='bbox 383 3195 402 3252; x_wconf 91' lang='lat'>1,</span> <span class='ocrx_word' id='word_1_471' title='bbox 419 3181 457 3254; x_wconf 89' lang='lat' dir='ltr'>l),</span> <span class='ocrx_word' id='word_1_472' title='bbox 473 3183 560 3240; x_wconf 90' lang='lat' dir='ltr'>lucem</span> <span class='ocrx_word' id='word_1_473' title='bbox 575 3186 693 3257; x_wconf 89' lang='lat' dir='ltr'>perlecto</span> <span class='ocrx_word' id='word_1_474' title='bbox 711 3187 967 3246; x_wconf 89' lang='lat' dir='ltr'>habitansinacoes-</span> <span class='ocrx_word' id='word_1_475' title='bbox 1020 3191 1148 3256; x_wconf 83' lang='lat' dir='ltr'>pareest,</span> <span class='ocrx_word' id='word_1_476' title='bbox 1173 3197 1207 3238; x_wconf 89' lang='lat' dir='ltr'>ne</span> <span class='ocrx_word' id='word_1_477' title='bbox 1226 3181 1352 3250; x_wconf 82' lang='lat' dir='ltr'>Verbum,</span> <span class='ocrx_word' id='word_1_478' title='bbox 1380 3180 1453 3253; x_wconf 91' lang='lat' dir='ltr'>quod</span> <span class='ocrx_word' id='word_1_479' title='bbox 1477 3180 1511 3238; x_wconf 94' lang='lat' dir='ltr'>dc</span> <span class='ocrx_word' id='word_1_480' title='bbox 1531 3196 1578 3239; x_wconf 91' lang='lat' dir='ltr'>ore</span> <span class='ocrx_word' id='word_1_481' title='bbox 1597 3180 1685 3238; x_wconf 88' lang='lat' dir='ltr'>Patria</span> <span class='ocrx_word' id='word_1_482' title='bbox 1711 3179 1747 3241; x_wconf 84' lang='lat' dir='ltr'>ad</span> <span class='ocrx_word' id='word_1_483' title='bbox 1765 3196 1818 3238; x_wconf 89' lang='lat' dir='ltr'>nos</span> 
     </span>
     <span class='ocr_line' id='line_1_35' title="bbox 171 3264 1819 3352; baseline 0.007 -34"><span class='ocrx_word' id='word_1_484' title='bbox 171 3264 633 3332; x_wconf 67' lang='lat' dir='ltr'>sihilem;etdi0ebat1)0minusab</span> <span class='ocrx_word' id='word_1_485' title='bbox 648 3275 726 3334; x_wconf 69' lang='lat' dir='ltr'>initio</span> <span class='ocrx_word' id='word_1_486' title='bbox 742 3294 749 3331; x_wconf 77' lang='lat'>2</span> <span class='ocrx_word' id='word_1_487' title='bbox 760 3280 913 3352; x_wconf 61' lang='lat'><em>290009520</em></span> <span class='ocrx_word' id='word_1_488' title='bbox 927 3297 968 3339; x_wconf 72' lang='lat'>00.</span> <span class='ocrx_word' id='word_1_489' title='bbox 1020 3286 1161 3345; x_wconf 91' lang='lat' dir='ltr'>egressum</span> <span class='ocrx_word' id='word_1_490' title='bbox 1185 3266 1297 3326; x_wconf 72' lang='lat' dir='ltr'>tota</span> <span class='ocrx_word' id='word_1_491' title='bbox 1326 3277 1367 3326; x_wconf 91' lang='lat' dir='ltr'>est</span> <span class='ocrx_word' id='word_1_492' title='bbox 1394 3269 1507 3343; x_wconf 85' lang='lat' dir='ltr'>Virgine</span> <span class='ocrx_word' id='word_1_493' title='bbox 1532 3269 1679 3340; x_wconf 88' lang='lat' dir='ltr'>mediante,</span> <span class='ocrx_word' id='word_1_494' title='bbox 1702 3285 1819 3329; x_wconf 82' lang='lat' dir='ltr'>uacuum</span> 
     </span>
     <span class='ocr_line' id='line_1_36' title="bbox 171 3354 1816 3442; baseline 0.001 -27"><span class='ocrx_word' id='word_1_495' title='bbox 171 3354 322 3426; x_wconf 72' lang='lat' dir='ltr'>citationes</span> <span class='ocrx_word' id='word_1_496' title='bbox 332 3360 422 3431; x_wconf 80' lang='lat' dir='ltr'>pacis,</span> <span class='ocrx_word' id='word_1_497' title='bbox 433 3366 530 3420; x_wconf 81' lang='lat' dir='ltr'>etoorc</span> <span class='ocrx_word' id='word_1_498' title='bbox 540 3365 966 3442; x_wconf 52' lang='lat' dir='ltr'>afflictionis(immulget).</span> <span class='ocrx_word' id='word_1_499' title='bbox 1020 3369 1170 3419; x_wconf 89' lang='lat' dir='ltr'>revertatur</span> <span class='ocrx_word' id='word_1_500' title='bbox 1185 3378 1193 3416; x_wconf 90' lang='lat'>:</span> <span class='ocrx_word' id='word_1_501' title='bbox 1209 3359 1257 3416; x_wconf 91' lang='lat' dir='ltr'>sed</span> <span class='ocrx_word' id='word_1_502' title='bbox 1271 3375 1321 3433; x_wconf 91' lang='lat' dir='ltr'>per</span> <span class='ocrx_word' id='word_1_503' title='bbox 1335 3358 1461 3416; x_wconf 90' lang='lat' dir='ltr'>eumdem</span> <span class='ocrx_word' id='word_1_504' title='bbox 1474 3359 1651 3417; x_wconf 87' lang='lat' dir='ltr'>nihilomiuus</span> <span class='ocrx_word' id='word_1_505' title='bbox 1674 3359 1816 3436; x_wconf 85' lang='lat' dir='ltr'>Virginem</span> 
     </span>
     <span class='ocr_line' id='line_1_37' title="bbox 173 3441 1820 3528; baseline 0.018 -31"><span class='ocrx_word' id='word_1_506' title='bbox 173 3441 225 3499; x_wconf 89' lang='lat' dir='ltr'>Sed</span> <span class='ocrx_word' id='word_1_507' title='bbox 239 3459 324 3514; x_wconf 91' lang='lat' dir='ltr'>penes</span> <span class='ocrx_word' id='word_1_508' title='bbox 338 3452 365 3503; x_wconf 90' lang='lat' dir='ltr'>te</span> <span class='ocrx_word' id='word_1_509' title='bbox 379 3456 421 3504; x_wconf 92' lang='lat' dir='ltr'>est</span> <span class='ocrx_word' id='word_1_510' title='bbox 443 3451 570 3518; x_wconf 86' lang='lat' dir='ltr'>cogitatio</span> <span class='ocrx_word' id='word_1_511' title='bbox 586 3460 642 3522; x_wconf 90' lang='lat' dir='ltr'>tua,</span> <span class='ocrx_word' id='word_1_512' title='bbox 666 3455 772 3527; x_wconf 91' lang='lat' dir='ltr'>etquid</span> <span class='ocrx_word' id='word_1_513' title='bbox 787 3456 902 3528; x_wconf 88' lang='lat' dir='ltr'>cogites,</span> <span class='ocrx_word' id='word_1_514' title='bbox 918 3474 968 3516; x_wconf 84' lang='lat' dir='ltr'>nos</span> <span class='ocrx_word' id='word_1_515' title='bbox 1020 3449 1137 3524; x_wconf 56' lang='lat' dir='ltr'>gratiam</span> <span class='ocrx_word' id='word_1_516' title='bbox 1161 3463 1211 3522; x_wconf 65' lang='lat'>1³¹⁰</span> <span class='ocrx_word' id='word_1_517' title='bbox 1234 3447 1322 3520; x_wconf 54' lang='grc' dir='ltr'>ΨΜ</span> <span class='ocrx_word' id='word_1_518' title='bbox 1343 3448 1504 3505; x_wconf 53' lang='lat' dir='ltr'>reseram&amp;</span> <span class='ocrx_word' id='word_1_519' title='bbox 1527 3449 1690 3507; x_wconf 67' lang='lat' dir='ltr'>Effl⁰²⁰¹¹¹¹¹⁸</span> <span class='ocrx_word' id='word_1_520' title='bbox 1716 3464 1820 3507; x_wconf 63' lang='lat' dir='ltr'><strong>mem·</strong></span> 
     </span>
     <span class='ocr_line' id='line_1_38' title="bbox 174 3530 1819 3613; baseline 0.009 -29"><span class='ocrx_word' id='word_1_521' title='bbox 174 3530 322 3589; x_wconf 87' lang='lat' dir='ltr'>nescimus.</span> <span class='ocrx_word' id='word_1_522' title='bbox 337 3533 406 3605; x_wconf 84' lang='lat' dir='ltr'>Quis</span> <span class='ocrx_word' id='word_1_523' title='bbox 430 3536 502 3592; x_wconf 93' lang='lat' dir='ltr'>enim</span> <span class='ocrx_word' id='word_1_524' title='bbox 530 3549 695 3613; x_wconf 83' lang='lat' dir='ltr'>cognoverat</span> <span class='ocrx_word' id='word_1_525' title='bbox 710 3557 819 3599; x_wconf 80' lang='lat' dir='ltr'>sensum</span> <span class='ocrx_word' id='word_1_526' title='bbox 835 3545 968 3602; x_wconf 73' lang='lat' dir='ltr'>Domini?</span> <span class='ocrx_word' id='word_1_527' title='bbox 1022 3539 1101 3607; x_wconf 89' lang='lat' dir='ltr'>riam,</span> <span class='ocrx_word' id='word_1_528' title='bbox 1125 3538 1213 3594; x_wconf 93' lang='lat' dir='ltr'>donec</span> <span class='ocrx_word' id='word_1_529' title='bbox 1233 3538 1404 3610; x_wconf 87' lang='lat' dir='ltr'>praesentiam</span> <span class='ocrx_word' id='word_1_530' title='bbox 1426 3539 1604 3612; x_wconf 88' lang='lat' dir='ltr'>suspiramus,</span> <span class='ocrx_word' id='word_1_531' title='bbox 1626 3547 1654 3595; x_wconf 88' lang='lat' dir='ltr'>et</span> <span class='ocrx_word' id='word_1_532' title='bbox 1675 3554 1734 3595; x_wconf 77' lang='lat' dir='ltr'>sue</span> <span class='ocrx_word' id='word_1_533' title='bbox 1754 3539 1819 3599; x_wconf 85' lang='lat' dir='ltr'>rel·</span> 
     </span>
     <span class='ocr_line' id='line_1_39' title="bbox 173 3621 1817 3706; baseline 0.013 -31"><span class='ocrx_word' id='word_1_534' title='bbox 173 3629 221 3676; x_wconf 89' lang='lat' dir='ltr'>aut</span> <span class='ocrx_word' id='word_1_535' title='bbox 234 3621 296 3694; x_wconf 91' lang='lat' dir='ltr'>quis</span> <span class='ocrx_word' id='word_1_536' title='bbox 311 3624 480 3684; x_wconf 85' lang='lat' dir='ltr'>consiliarius</span> <span class='ocrx_word' id='word_1_537' title='bbox 499 3628 558 3699; x_wconf 74' lang='lat' dir='ltr'>eius</span> <span class='ocrx_word' id='word_1_538' title='bbox 572 3632 807 3688; x_wconf 76' lang='lat' dir='ltr'>eratibeseendlt</span> <span class='ocrx_word' id='word_1_539' title='bbox 820 3632 911 3706; x_wconf 89' lang='lat' dir='ltr'>itaque</span> <span class='ocrx_word' id='word_1_540' title='bbox 925 3650 969 3692; x_wconf 82' lang='lat' dir='ltr'>co</span> <span class='ocrx_word' id='word_1_541' title='bbox 1022 3629 1119 3684; x_wconf 87' lang='lat' dir='ltr'>dantur</span> <span class='ocrx_word' id='word_1_542' title='bbox 1147 3626 1248 3702; x_wconf 67' lang='lat' dir='ltr'>Origini</span> <span class='ocrx_word' id='word_1_543' title='bbox 1274 3625 1374 3683; x_wconf 67' lang='lat' dir='ltr'>fluenta</span> <span class='ocrx_word' id='word_1_544' title='bbox 1400 3628 1509 3701; x_wconf 52' lang='lat' dir='ltr'>erati&amp;</span> <span class='ocrx_word' id='word_1_545' title='bbox 1530 3635 1561 3683; x_wconf 92' lang='lat' dir='ltr'>ut</span> <span class='ocrx_word' id='word_1_546' title='bbox 1584 3627 1697 3686; x_wconf 64' lang='lat' dir='ltr'>uberius</span> <span class='ocrx_word' id='word_1_547' title='bbox 1721 3626 1817 3687; x_wconf 65' lang='lat' dir='ltr'>fluant·</span> 
     </span>
     <span class='ocr_line' id='line_1_40' title="bbox 174 3709 1820 3792; baseline 0.005 -26"><span class='ocrx_word' id='word_1_548' title='bbox 174 3709 270 3782; x_wconf 88' lang='lat' dir='ltr'>gitatio</span> <span class='ocrx_word' id='word_1_549' title='bbox 284 3711 359 3785; x_wconf 82' lang='lat' dir='ltr'>pacis</span> <span class='ocrx_word' id='word_1_550' title='bbox 380 3715 493 3789; x_wconf 93' lang='lat' dir='ltr'>inopus</span> <span class='ocrx_word' id='word_1_551' title='bbox 508 3719 582 3791; x_wconf 89' lang='lat' dir='ltr'>pacis</span> <span class='ocrx_word' id='word_1_552' title='bbox 606 3737 613 3775; x_wconf 91' lang='lat'>:</span> <span class='ocrx_word' id='word_1_553' title='bbox 629 3721 751 3778; x_wconf 91' lang='lat' dir='ltr'>Verbum</span> <span class='ocrx_word' id='word_1_554' title='bbox 775 3737 838 3779; x_wconf 90' lang='lat' dir='ltr'>caro</span> <span class='ocrx_word' id='word_1_555' title='bbox 866 3723 966 3780; x_wconf 88' lang='lat' dir='ltr'>lactum</span> <span class='ocrx_word' id='word_1_556' title='bbox 1021 3716 1150 3791; x_wconf 76' lang='lat' dir='ltr'>Alioquin</span> <span class='ocrx_word' id='word_1_557' title='bbox 1164 3716 1216 3773; x_wconf 88' lang='lat' dir='ltr'>nisi</span> <span class='ocrx_word' id='word_1_558' title='bbox 1231 3715 1263 3771; x_wconf 92' lang='lat' dir='ltr'>ad</span> <span class='ocrx_word' id='word_1_559' title='bbox 1278 3714 1381 3773; x_wconf 88' lang='lat' dir='ltr'>sontem</span> <span class='ocrx_word' id='word_1_560' title='bbox 1394 3718 1515 3785; x_wconf 87' lang='lat' dir='ltr'>redeant,</span> <span class='ocrx_word' id='word_1_561' title='bbox 1530 3719 1713 3792; x_wconf 80' lang='lat' dir='ltr'>exsiccantur,</span> <span class='ocrx_word' id='word_1_562' title='bbox 1731 3725 1759 3775; x_wconf 90' lang='lat' dir='ltr'>et</span> <span class='ocrx_word' id='word_1_563' title='bbox 1780 3717 1820 3775; x_wconf 86' lang='lat' dir='ltr'>in·</span> 
     </span>
     <span class='ocr_line' id='line_1_41' title="bbox 174 3801 1819 3883; baseline 0.006 -30"><span class='ocrx_word' id='word_1_564' title='bbox 174 3805 225 3865; x_wconf 90' lang='lat' dir='ltr'>est,</span> <span class='ocrx_word' id='word_1_565' title='bbox 242 3807 270 3856; x_wconf 89' lang='lat' dir='ltr'>et</span> <span class='ocrx_word' id='word_1_566' title='bbox 282 3801 385 3859; x_wconf 89' lang='lat' dir='ltr'>habitat</span> <span class='ocrx_word' id='word_1_567' title='bbox 395 3807 452 3875; x_wconf 85' lang='lat' dir='ltr'>jam</span> <span class='ocrx_word' id='word_1_568' title='bbox 467 3804 496 3862; x_wconf 94' lang='lat' dir='ltr'>in</span> <span class='ocrx_word' id='word_1_569' title='bbox 510 3808 598 3865; x_wconf 87' lang='lat' dir='ltr'>nobis.</span> <span class='ocrx_word' id='word_1_570' title='bbox 610 3809 718 3867; x_wconf 85' lang='lat' dir='ltr'>Habitat</span> <span class='ocrx_word' id='word_1_571' title='bbox 732 3809 812 3882; x_wconf 89' lang='lat' dir='ltr'>plane</span> <span class='ocrx_word' id='word_1_572' title='bbox 826 3826 876 3883; x_wconf 90' lang='lat' dir='ltr'>per</span> <span class='ocrx_word' id='word_1_573' title='bbox 888 3811 968 3870; x_wconf 84' lang='lat' dir='ltr'>fidem</span> <span class='ocrx_word' id='word_1_574' title='bbox 1021 3807 1115 3864; x_wconf 84' lang='lat' dir='ltr'>fideles</span> <span class='ocrx_word' id='word_1_575' title='bbox 1129 3807 1156 3862; x_wconf 93' lang='lat' dir='ltr'>in</span> <span class='ocrx_word' id='word_1_576' title='bbox 1170 3805 1292 3877; x_wconf 90' lang='lat' dir='ltr'>modico,</span> <span class='ocrx_word' id='word_1_577' title='bbox 1307 3805 1381 3879; x_wconf 88' lang='lat' dir='ltr'>quod</span> <span class='ocrx_word' id='word_1_578' title='bbox 1402 3805 1548 3864; x_wconf 80' lang='lat' dir='ltr'>maximum</span> <span class='ocrx_word' id='word_1_579' title='bbox 1563 3815 1605 3864; x_wconf 90' lang='lat' dir='ltr'>est</span> <span class='ocrx_word' id='word_1_580' title='bbox 1617 3807 1741 3879; x_wconf 89' lang='lat' dir='ltr'>accipere</span> <span class='ocrx_word' id='word_1_581' title='bbox 1764 3821 1819 3863; x_wconf 91' lang='lat' dir='ltr'>non</span> 
     </span>
     <span class='ocr_line' id='line_1_42' title="bbox 173 3887 1820 3974; baseline 0.007 -32"><span class='ocrx_word' id='word_1_582' title='bbox 173 3887 202 3944; x_wconf 91' lang='lat' dir='ltr'>in</span> <span class='ocrx_word' id='word_1_583' title='bbox 229 3889 357 3948; x_wconf 87' lang='lat' dir='ltr'>cordibus</span> <span class='ocrx_word' id='word_1_584' title='bbox 383 3895 507 3966; x_wconf 90' lang='lat' dir='ltr'>nostris,</span> <span class='ocrx_word' id='word_1_585' title='bbox 527 3898 629 3956; x_wconf 89' lang='lat' dir='ltr'>habitat</span> <span class='ocrx_word' id='word_1_586' title='bbox 655 3901 683 3956; x_wconf 91' lang='lat' dir='ltr'>in</span> <span class='ocrx_word' id='word_1_587' title='bbox 711 3900 841 3959; x_wconf 88' lang='lat' dir='ltr'>memoria</span> <span class='ocrx_word' id='word_1_588' title='bbox 864 3912 967 3974; x_wconf 89' lang='lat' dir='ltr'>nostra,</span> <span class='ocrx_word' id='word_1_589' title='bbox 1022 3912 1168 3955; x_wconf 88' lang='lat' dir='ltr'>meremur.</span> <span class='ocrx_word' id='word_1_590' title='bbox 1183 3895 1318 3952; x_wconf 89' lang='lat' dir='ltr'>hlodicum</span> <span class='ocrx_word' id='word_1_591' title='bbox 1332 3894 1412 3968; x_wconf 90' lang='lat' dir='ltr'>plane</span> <span class='ocrx_word' id='word_1_592' title='bbox 1426 3897 1558 3954; x_wconf 88' lang='lat' dir='ltr'>memoria</span> <span class='ocrx_word' id='word_1_593' title='bbox 1582 3896 1617 3952; x_wconf 89' lang='lat' dir='ltr'>ad</span> <span class='ocrx_word' id='word_1_594' title='bbox 1645 3896 1820 3969; x_wconf 73' lang='lat' dir='ltr'>praesentiam</span> 
     </span>
     <span class='ocr_line' id='line_1_43' title="bbox 174 3976 1820 4064; baseline 0.009 -33"><span class='ocrx_word' id='word_1_595' title='bbox 174 3976 318 4035; x_wconf 88' lang='lat' dir='ltr'>habitatin</span> <span class='ocrx_word' id='word_1_596' title='bbox 341 3982 514 4057; x_wconf 91' lang='lat' dir='ltr'>cogitatione,</span> <span class='ocrx_word' id='word_1_597' title='bbox 529 3993 557 4042; x_wconf 91' lang='lat' dir='ltr'>et</span> <span class='ocrx_word' id='word_1_598' title='bbox 580 4003 664 4060; x_wconf 92' lang='lat' dir='ltr'>usque</span> <span class='ocrx_word' id='word_1_599' title='bbox 679 3987 713 4045; x_wconf 94' lang='lat' dir='ltr'>ad</span> <span class='ocrx_word' id='word_1_600' title='bbox 729 3987 816 4064; x_wconf 89' lang='lat' dir='ltr'>ipsam</span> <span class='ocrx_word' id='word_1_601' title='bbox 829 3989 968 4049; x_wconf 91' lang='lat' dir='ltr'>descendit</span> <span class='ocrx_word' id='word_1_602' title='bbox 1021 3986 1160 4044; x_wconf 91' lang='lat' dir='ltr'>modicum</span> <span class='ocrx_word' id='word_1_603' title='bbox 1173 3985 1208 4042; x_wconf 93' lang='lat' dir='ltr'>ad</span> <span class='ocrx_word' id='word_1_604' title='bbox 1223 3984 1251 4041; x_wconf 95' lang='lat' dir='ltr'>id</span> <span class='ocrx_word' id='word_1_605' title='bbox 1264 3984 1337 4058; x_wconf 90' lang='lat' dir='ltr'>quod</span> <span class='ocrx_word' id='word_1_606' title='bbox 1346 3984 1481 4056; x_wconf 91' lang='lat' dir='ltr'>cupimus,</span> <span class='ocrx_word' id='word_1_607' title='bbox 1496 4001 1626 4060; x_wconf 90' lang='lat' dir='ltr'>magnum</span> <span class='ocrx_word' id='word_1_608' title='bbox 1640 3987 1675 4043; x_wconf 93' lang='lat' dir='ltr'>ad</span> <span class='ocrx_word' id='word_1_609' title='bbox 1694 3987 1724 4044; x_wconf 93' lang='lat' dir='ltr'>id</span> <span class='ocrx_word' id='word_1_610' title='bbox 1746 3986 1820 4061; x_wconf 91' lang='lat' dir='ltr'>quod</span> 
     </span>
     <span class='ocr_line' id='line_1_44' title="bbox 173 4065 1821 4154; baseline 0.006 -31"><span class='ocrx_word' id='word_1_611' title='bbox 173 4065 406 4144; x_wconf 86' lang='lat' dir='ltr'>imaginationem.</span> <span class='ocrx_word' id='word_1_612' title='bbox 421 4072 492 4144; x_wconf 88' lang='lat' dir='ltr'>Quid</span> <span class='ocrx_word' id='word_1_613' title='bbox 517 4075 590 4132; x_wconf 88' lang='lat' dir='ltr'>eninr</span> <span class='ocrx_word' id='word_1_614' title='bbox 604 4078 680 4149; x_wconf 88' lang='lat' dir='ltr'>prius</span> <span class='ocrx_word' id='word_1_615' title='bbox 694 4079 824 4154; x_wconf 86' lang='lat' dir='ltr'>cogitaret</span> <span class='ocrx_word' id='word_1_616' title='bbox 837 4081 920 4138; x_wconf 93' lang='lat' dir='ltr'>bomo</span> <span class='ocrx_word' id='word_1_617' title='bbox 934 4081 969 4140; x_wconf 90' lang='lat' dir='ltr'>do</span> <span class='ocrx_word' id='word_1_618' title='bbox 1025 4091 1160 4135; x_wconf 89' lang='lat' dir='ltr'>meremur</span> <span class='ocrx_word' id='word_1_619' title='bbox 1176 4093 1182 4132; x_wconf 91' lang='lat'><strong>:</strong></span> <span class='ocrx_word' id='word_1_620' title='bbox 1200 4073 1280 4147; x_wconf 84' lang='lat' dir='ltr'>longe</span> <span class='ocrx_word' id='word_1_621' title='bbox 1294 4071 1364 4128; x_wconf 86' lang='lat' dir='ltr'>inira</span> <span class='ocrx_word' id='word_1_622' title='bbox 1379 4073 1557 4144; x_wconf 90' lang='lat' dir='ltr'>desiderium,</span> <span class='ocrx_word' id='word_1_623' title='bbox 1573 4074 1623 4132; x_wconf 89' lang='lat' dir='ltr'>sed</span> <span class='ocrx_word' id='word_1_624' title='bbox 1643 4074 1821 4133; x_wconf 83' lang='lat' dir='ltr'>nibilominus</span> 
     </span>
     <span class='ocr_line' id='line_1_45' title="bbox 174 4154 1820 4238; baseline 0.006 -27"><span class='ocrx_word' id='word_1_625' title='bbox 174 4154 242 4223; x_wconf 86' lang='lat' dir='ltr'>Deo,</span> <span class='ocrx_word' id='word_1_626' title='bbox 258 4157 311 4214; x_wconf 93' lang='lat' dir='ltr'>nisi</span> <span class='ocrx_word' id='word_1_627' title='bbox 325 4157 439 4217; x_wconf 80' lang='lat' dir='ltr'>forsitan</span> <span class='ocrx_word' id='word_1_628' title='bbox 459 4161 653 4223; x_wconf 90' lang='lat' dir='ltr'>idolumcorde</span> <span class='ocrx_word' id='word_1_629' title='bbox 666 4165 824 4235; x_wconf 79' lang='lat' dir='ltr'>fabricaret;</span> <span class='ocrx_word' id='word_1_630' title='bbox 1024 4181 1105 4238; x_wconf 90' lang='lat' dir='ltr'>snpra</span> <span class='ocrx_word' id='word_1_631' title='bbox 1128 4163 1264 4219; x_wconf 91' lang='lat' dir='ltr'>meritum.</span> <span class='ocrx_word' id='word_1_632' title='bbox 1290 4160 1430 4232; x_wconf 88' lang='lat' dir='ltr'>Sapienter</span> <span class='ocrx_word' id='word_1_633' title='bbox 1453 4162 1567 4235; x_wconf 93' lang='lat' dir='ltr'>proinde</span> <span class='ocrx_word' id='word_1_634' title='bbox 1593 4178 1692 4235; x_wconf 90' lang='lat' dir='ltr'>sponsa</span> <span class='ocrx_word' id='word_1_635' title='bbox 1718 4170 1748 4221; x_wconf 92' lang='lat' dir='ltr'>et</span> <span class='ocrx_word' id='word_1_636' title='bbox 1770 4178 1820 4237; x_wconf 92' lang='lat' dir='ltr'>pro</span> 
     </span>
     <span class='ocr_line' id='line_1_46' title="bbox 211 4246 1819 4327; baseline 0.007 -27"><span class='ocrx_word' id='word_1_637' title='bbox 211 4248 255 4302; x_wconf 89' lang='lat' dir='ltr'>lt.</span> <span class='ocrx_word' id='word_1_638' title='bbox 266 4246 551 4321; x_wconf 88' lang='lat' dir='ltr'>incompreheusibilis</span> <span class='ocrx_word' id='word_1_639' title='bbox 565 4260 624 4310; x_wconf 90' lang='lat' dir='ltr'>erat</span> <span class='ocrx_word' id='word_1_640' title='bbox 651 4263 679 4312; x_wconf 92' lang='lat' dir='ltr'>et</span> <span class='ocrx_word' id='word_1_641' title='bbox 707 4255 911 4327; x_wconf 88' lang='lat' dir='ltr'>inaccessibilis,</span> <span class='ocrx_word' id='word_1_642' title='bbox 925 4256 969 4315; x_wconf 92' lang='lat' dir='ltr'>in·</span> <span class='ocrx_word' id='word_1_643' title='bbox 1023 4255 1075 4312; x_wconf 89' lang='lat' dir='ltr'>boc</span> <span class='ocrx_word' id='word_1_644' title='bbox 1089 4250 1197 4309; x_wconf 91' lang='lat' dir='ltr'>modico</span> <span class='ocrx_word' id='word_1_645' title='bbox 1211 4264 1264 4308; x_wconf 95' lang='lat' dir='ltr'>non</span> <span class='ocrx_word' id='word_1_646' title='bbox 1279 4250 1386 4308; x_wconf 90' lang='lat' dir='ltr'>modice</span> <span class='ocrx_word' id='word_1_647' title='bbox 1400 4251 1552 4325; x_wconf 89' lang='lat' dir='ltr'>gratulatur</span> <span class='ocrx_word' id='word_1_648' title='bbox 1561 4250 1655 4326; x_wconf 72' lang='lat' dir='ltr'>[otios</span> <span class='ocrx_word' id='word_1_649' title='bbox 1667 4251 1819 4327; x_wconf 84' lang='lat' dir='ltr'>gloriatnrl.</span> 
     </span>
     <span class='ocr_line' id='line_1_47' title="bbox 173 4331 1822 4416; baseline 0.008 -27"><span class='ocrx_word' id='word_1_650' title='bbox 173 4331 289 4392; x_wconf 82' lang='lat' dir='ltr'>risibilis</span> <span class='ocrx_word' id='word_1_651' title='bbox 307 4345 335 4395; x_wconf 87' lang='lat' dir='ltr'>et</span> <span class='ocrx_word' id='word_1_652' title='bbox 348 4337 564 4414; x_wconf 81' lang='lat' dir='ltr'>inexcogitabilia</span> <span class='ocrx_word' id='word_1_653' title='bbox 577 4343 699 4402; x_wconf 88' lang='lat' dir='ltr'>omniuo.</span> <span class='ocrx_word' id='word_1_654' title='bbox 723 4345 802 4402; x_wconf 89' lang='lat' dir='ltr'>Nunc</span> <span class='ocrx_word' id='word_1_655' title='bbox 821 4362 884 4404; x_wconf 81' lang='lat' dir='ltr'>vero</span> <span class='ocrx_word' id='word_1_656' title='bbox 899 4362 971 4404; x_wconf 81' lang='lat' dir='ltr'>rom-</span> <span class='ocrx_word' id='word_1_657' title='bbox 1026 4343 1094 4400; x_wconf 84' lang='lat' dir='ltr'>Cum</span> <span class='ocrx_word' id='word_1_658' title='bbox 1109 4339 1180 4398; x_wconf 88' lang='lat' dir='ltr'>cuim</span> <span class='ocrx_word' id='word_1_659' title='bbox 1204 4339 1336 4397; x_wconf 85' lang='lat' dir='ltr'>dixisset:</span> <span class='ocrx_word' id='word_1_660' title='bbox 1354 4339 1453 4397; x_wconf 80' lang='lat' dir='ltr'>iodim</span> <span class='ocrx_word' id='word_1_661' title='bbox 1475 4341 1549 4398; x_wconf 83' lang='lat' dir='ltr'>mibi</span> <span class='ocrx_word' id='word_1_662' title='bbox 1571 4341 1621 4399; x_wconf 82' lang='lat' dir='ltr'>abi</span> <span class='ocrx_word' id='word_1_663' title='bbox 1639 4359 1754 4416; x_wconf 84' lang='lat' dir='ltr'>pascos,</span> <span class='ocrx_word' id='word_1_664' title='bbox 1773 4342 1822 4402; x_wconf 80' lang='lat' dir='ltr'>abi</span> 
     </span>
     <span class='ocr_line' id='line_1_48' title="bbox 173 4424 1821 4514; baseline 0.006 -33"><span class='ocrx_word' id='word_1_665' title='bbox 173 4424 305 4496; x_wconf 88' lang='lat' dir='ltr'>prehendi</span> <span class='ocrx_word' id='word_1_666' title='bbox 332 4429 429 4502; x_wconf 81' lang='lat' dir='ltr'>uoluit,</span> <span class='ocrx_word' id='word_1_667' title='bbox 463 4430 550 4489; x_wconf 90' lang='lat' dir='ltr'>rideri</span> <span class='ocrx_word' id='word_1_668' title='bbox 583 4434 690 4503; x_wconf 88' lang='lat' dir='ltr'>roluit,</span> <span class='ocrx_word' id='word_1_669' title='bbox 727 4435 842 4510; x_wconf 91' lang='lat' dir='ltr'>cogitari</span> <span class='ocrx_word' id='word_1_670' title='bbox 874 4436 969 4494; x_wconf 86' lang='lat' dir='ltr'>voluit.</span> <span class='ocrx_word' id='word_1_671' title='bbox 1025 4432 1107 4491; x_wconf 79' lang='lat' dir='ltr'>cubes</span> <span class='ocrx_word' id='word_1_672' title='bbox 1121 4431 1154 4487; x_wconf 85' lang='lat' dir='ltr'>io</span> <span class='ocrx_word' id='word_1_673' title='bbox 1168 4429 1397 4500; x_wconf 74' lang='lat' dir='ltr'>meridicldmet.</span> <span class='ocrx_word' id='word_1_674' title='bbox 1413 4443 1434 4502; x_wconf 88' lang='lat' dir='ltr'>r,</span> <span class='ocrx_word' id='word_1_675' title='bbox 1444 4430 1491 4500; x_wconf 87' lang='lat'>6);</span> <span class='ocrx_word' id='word_1_676' title='bbox 1508 4431 1643 4503; x_wconf 90' lang='lat' dir='ltr'>recipiens</span> <span class='ocrx_word' id='word_1_677' title='bbox 1657 4431 1759 4514; x_wconf 81' lang='lat' dir='ltr'>exigna</span> <span class='ocrx_word' id='word_1_678' title='bbox 1770 4447 1821 4506; x_wconf 92' lang='lat' dir='ltr'>pro</span> 
     </span>
     <span class='ocr_line' id='line_1_49' title="bbox 172 4511 1821 4597; baseline 0.004 -27"><span class='ocrx_word' id='word_1_679' title='bbox 172 4511 300 4584; x_wconf 80' lang='lat' dir='ltr'>Quonam</span> <span class='ocrx_word' id='word_1_680' title='bbox 318 4518 399 4575; x_wconf 92' lang='lat' dir='ltr'>modo</span> <span class='ocrx_word' id='word_1_681' title='bbox 414 4560 423 4588; x_wconf 96' lang='lat'>,</span> <span class='ocrx_word' id='word_1_682' title='bbox 443 4518 552 4593; x_wconf 89' lang='lat' dir='ltr'>inquis;</span> <span class='ocrx_word' id='word_1_683' title='bbox 576 4523 709 4580; x_wconf 89' lang='lat' dir='ltr'>Nimirum</span> <span class='ocrx_word' id='word_1_684' title='bbox 722 4525 813 4596; x_wconf 86' lang='lat' dir='ltr'>jacens</span> <span class='ocrx_word' id='word_1_685' title='bbox 824 4525 852 4581; x_wconf 94' lang='lat' dir='ltr'>in</span> <span class='ocrx_word' id='word_1_686' title='bbox 865 4539 972 4597; x_wconf 72' lang='lat' dir='ltr'>praese·</span> <span class='ocrx_word' id='word_1_687' title='bbox 1025 4519 1174 4586; x_wconf 88' lang='lat' dir='ltr'>immensis,</span> <span class='ocrx_word' id='word_1_688' title='bbox 1186 4528 1214 4576; x_wconf 91' lang='lat' dir='ltr'>et</span> <span class='ocrx_word' id='word_1_689' title='bbox 1231 4532 1280 4590; x_wconf 91' lang='lat' dir='ltr'>pro</span> <span class='ocrx_word' id='word_1_690' title='bbox 1295 4526 1373 4591; x_wconf 91' lang='lat' dir='ltr'>pastu</span> <span class='ocrx_word' id='word_1_691' title='bbox 1389 4518 1541 4575; x_wconf 90' lang='lat' dir='ltr'>meridiano</span> <span class='ocrx_word' id='word_1_692' title='bbox 1555 4518 1645 4576; x_wconf 88' lang='lat' dir='ltr'>libans</span> <span class='ocrx_word' id='word_1_693' title='bbox 1659 4519 1821 4579; x_wconf 88' lang='lat' dir='ltr'>sacritioium</span> 
     </span>
     <span class='ocr_line' id='line_1_50' title="bbox 174 4602 1821 4687; baseline 0.005 -29"><span class='ocrx_word' id='word_1_694' title='bbox 174 4602 232 4685; x_wconf 88' lang='lat' dir='ltr'>pio,</span> <span class='ocrx_word' id='word_1_695' title='bbox 246 4604 274 4660; x_wconf 90' lang='lat' dir='ltr'>iu</span> <span class='ocrx_word' id='word_1_696' title='bbox 289 4606 416 4681; x_wconf 86' lang='lat' dir='ltr'>virginali</span> <span class='ocrx_word' id='word_1_697' title='bbox 430 4609 533 4683; x_wconf 89' lang='lat' dir='ltr'>gremio</span> <span class='ocrx_word' id='word_1_698' title='bbox 546 4612 660 4681; x_wconf 86' lang='lat' dir='ltr'>cubans,</span> <span class='ocrx_word' id='word_1_699' title='bbox 670 4611 699 4668; x_wconf 91' lang='lat' dir='ltr'>in</span> <span class='ocrx_word' id='word_1_700' title='bbox 709 4620 800 4670; x_wconf 91' lang='lat' dir='ltr'>monte</span> <span class='ocrx_word' id='word_1_701' title='bbox 810 4615 972 4687; x_wconf 79' lang='lat' dir='ltr'>praedicans,</span> <span class='ocrx_word' id='word_1_702' title='bbox 1025 4609 1221 4682; x_wconf 80' lang='lat' dir='ltr'>uespertinum,</span> <span class='ocrx_word' id='word_1_703' title='bbox 1235 4606 1345 4662; x_wconf 90' lang='lat' dir='ltr'>minime</span> <span class='ocrx_word' id='word_1_704' title='bbox 1356 4612 1459 4674; x_wconf 75' lang='lat' dir='ltr'>maren,</span> <span class='ocrx_word' id='word_1_705' title='bbox 1475 4613 1504 4663; x_wconf 91' lang='lat' dir='ltr'>ut</span> <span class='ocrx_word' id='word_1_706' title='bbox 1518 4608 1587 4665; x_wconf 88' lang='lat' dir='ltr'>solet</span> <span class='ocrx_word' id='word_1_707' title='bbox 1608 4606 1678 4676; x_wconf 88' lang='lat' dir='ltr'>beri,</span> <span class='ocrx_word' id='word_1_708' title='bbox 1693 4625 1821 4666; x_wconf 90' lang='lat' dir='ltr'>murmu-</span> 
     </span>
     <span class='ocr_line' id='line_1_51' title="bbox 173 4691 1824 4774; baseline 0.005 -27"><span class='ocrx_word' id='word_1_709' title='bbox 173 4691 204 4748; x_wconf 92' lang='lat' dir='ltr'>ln</span> <span class='ocrx_word' id='word_1_710' title='bbox 222 4693 346 4753; x_wconf 88' lang='lat' dir='ltr'>oratione</span> <span class='ocrx_word' id='word_1_711' title='bbox 359 4706 535 4773; x_wconf 90' lang='lat' dir='ltr'>pernoctans,</span> <span class='ocrx_word' id='word_1_712' title='bbox 549 4708 597 4757; x_wconf 88' lang='lat' dir='ltr'>aut</span> <span class='ocrx_word' id='word_1_713' title='bbox 624 4701 652 4757; x_wconf 94' lang='lat' dir='ltr'>in</span> <span class='ocrx_word' id='word_1_714' title='bbox 681 4715 761 4758; x_wconf 87' lang='lat' dir='ltr'>eruce</span> <span class='ocrx_word' id='word_1_715' title='bbox 790 4703 922 4774; x_wconf 90' lang='lat' dir='ltr'>pendens,</span> <span class='ocrx_word' id='word_1_716' title='bbox 944 4702 973 4758; x_wconf 92' lang='lat' dir='ltr'>in</span> <span class='ocrx_word' id='word_1_717' title='bbox 1026 4707 1068 4756; x_wconf 92' lang='lat' dir='ltr'>rat</span> <span class='ocrx_word' id='word_1_718' title='bbox 1090 4705 1137 4755; x_wconf 89' lang='lat' dir='ltr'>aut</span> <span class='ocrx_word' id='word_1_719' title='bbox 1152 4698 1280 4765; x_wconf 90' lang='lat' dir='ltr'>tristatur,</span> <span class='ocrx_word' id='word_1_720' title='bbox 1311 4696 1359 4752; x_wconf 93' lang='lat' dir='ltr'>sed</span> <span class='ocrx_word' id='word_1_721' title='bbox 1381 4695 1484 4771; x_wconf 91' lang='lat' dir='ltr'>gratias</span> <span class='ocrx_word' id='word_1_722' title='bbox 1506 4698 1573 4771; x_wconf 90' lang='lat' dir='ltr'>egit,</span> <span class='ocrx_word' id='word_1_723' title='bbox 1589 4704 1618 4754; x_wconf 91' lang='lat' dir='ltr'>et</span> <span class='ocrx_word' id='word_1_724' title='bbox 1639 4697 1668 4754; x_wconf 90' lang='lat' dir='ltr'>iu</span> <span class='ocrx_word' id='word_1_725' title='bbox 1695 4698 1824 4756; x_wconf 83' lang='lat' dir='ltr'>omnibus</span> 
     </span>
     <span class='ocr_line' id='line_1_52' title="bbox 174 4783 1821 4865; baseline 0.005 -28"><span class='ocrx_word' id='word_1_726' title='bbox 174 4789 264 4838; x_wconf 91' lang='lat' dir='ltr'>morte</span> <span class='ocrx_word' id='word_1_727' title='bbox 280 4783 393 4857; x_wconf 86' lang='lat' dir='ltr'>pallens,</span> <span class='ocrx_word' id='word_1_728' title='bbox 415 4787 484 4845; x_wconf 90' lang='lat' dir='ltr'>liber</span> <span class='ocrx_word' id='word_1_729' title='bbox 511 4789 583 4845; x_wconf 91' lang='lat' dir='ltr'>inter</span> <span class='ocrx_word' id='word_1_730' title='bbox 606 4795 739 4856; x_wconf 91' lang='lat' dir='ltr'>mortuos,</span> <span class='ocrx_word' id='word_1_731' title='bbox 756 4797 783 4845; x_wconf 91' lang='lat' dir='ltr'>et</span> <span class='ocrx_word' id='word_1_732' title='bbox 811 4789 839 4846; x_wconf 92' lang='lat' dir='ltr'>in</span> <span class='ocrx_word' id='word_1_733' title='bbox 867 4789 973 4848; x_wconf 85' lang='lat' dir='ltr'>inferno</span> <span class='ocrx_word' id='word_1_734' title='bbox 1027 4803 1089 4846; x_wconf 89' lang='lat' dir='ltr'>sese</span> <span class='ocrx_word' id='word_1_735' title='bbox 1104 4786 1214 4844; x_wconf 83' lang='lat' dir='ltr'>exhibet</span> <span class='ocrx_word' id='word_1_736' title='bbox 1227 4785 1405 4842; x_wconf 86' lang='lat' dir='ltr'>devotiorem.</span> <span class='ocrx_word' id='word_1_737' title='bbox 1426 4785 1509 4843; x_wconf 82' lang='lat' dir='ltr'>Novit</span> <span class='ocrx_word' id='word_1_738' title='bbox 1528 4787 1599 4843; x_wconf 89' lang='lat' dir='ltr'>eninr</span> <span class='ocrx_word' id='word_1_739' title='bbox 1613 4786 1687 4860; x_wconf 91' lang='lat' dir='ltr'>quod</span> <span class='ocrx_word' id='word_1_740' title='bbox 1700 4786 1821 4865; x_wconf 86' lang='lat' dir='ltr'>sitidelis</span> 
     </span>
     <span class='ocr_line' id='line_1_53' title="bbox 175 4868 1824 4950; baseline 0.007 -26"><span class='ocrx_word' id='word_1_741' title='bbox 175 4868 321 4941; x_wconf 87' lang='lat' dir='ltr'>imperans,</span> <span class='ocrx_word' id='word_1_742' title='bbox 338 4889 386 4931; x_wconf 89' lang='lat' dir='ltr'>seu</span> <span class='ocrx_word' id='word_1_743' title='bbox 406 4874 485 4931; x_wconf 90' lang='lat' dir='ltr'>etiam</span> <span class='ocrx_word' id='word_1_744' title='bbox 501 4876 579 4932; x_wconf 89' lang='lat' dir='ltr'>tertia</span> <span class='ocrx_word' id='word_1_745' title='bbox 596 4875 642 4932; x_wconf 92' lang='lat' dir='ltr'>die</span> <span class='ocrx_word' id='word_1_746' title='bbox 655 4889 813 4949; x_wconf 85' lang='lat' dir='ltr'>resurgens,</span> <span class='ocrx_word' id='word_1_747' title='bbox 828 4885 973 4949; x_wconf 90' lang='lat' dir='ltr'>etaposto-</span> <span class='ocrx_word' id='word_1_748' title='bbox 1027 4876 1110 4934; x_wconf 88' lang='lat' dir='ltr'>luerit</span> <span class='ocrx_word' id='word_1_749' title='bbox 1132 4876 1160 4931; x_wconf 94' lang='lat' dir='ltr'>in</span> <span class='ocrx_word' id='word_1_750' title='bbox 1184 4874 1281 4931; x_wconf 90' lang='lat' dir='ltr'>umbra</span> <span class='ocrx_word' id='word_1_751' title='bbox 1303 4874 1453 4943; x_wconf 78' lang='lat' dir='ltr'>memoria,</span> <span class='ocrx_word' id='word_1_752' title='bbox 1481 4875 1568 4932; x_wconf 89' lang='lat' dir='ltr'>iucem</span> <span class='ocrx_word' id='word_1_753' title='bbox 1592 4877 1745 4950; x_wconf 79' lang='lat' dir='ltr'>presentiae</span> <span class='ocrx_word' id='word_1_754' title='bbox 1766 4880 1824 4936; x_wconf 87' lang='lat' dir='ltr'>sine</span> 
     </span>
     <span class='ocr_line' id='line_1_54' title="bbox 176 4958 1822 5038; baseline 0.006 -24"><span class='ocrx_word' id='word_1_755' title='bbox 176 4958 211 5015; x_wconf 85' lang='lat' dir='ltr'>lis</span> <span class='ocrx_word' id='word_1_756' title='bbox 223 4960 283 5016; x_wconf 89' lang='lat' dir='ltr'>loca</span> <span class='ocrx_word' id='word_1_757' title='bbox 297 4963 435 5022; x_wconf 88' lang='lat' dir='ltr'>clarorum</span> <span class='ocrx_word' id='word_1_758' title='bbox 456 4964 576 5023; x_wconf 82' lang='lat' dir='ltr'>uictoriae</span> <span class='ocrx_word' id='word_1_759' title='bbox 599 4964 677 5038; x_wconf 89' lang='lat' dir='ltr'>signa</span> <span class='ocrx_word' id='word_1_760' title='bbox 700 4963 897 5037; x_wconf 89' lang='lat' dir='ltr'>demonstrans,</span> <span class='ocrx_word' id='word_1_761' title='bbox 921 4982 974 5025; x_wconf 89' lang='lat' dir='ltr'>no·</span> <span class='ocrx_word' id='word_1_762' title='bbox 1028 4967 1110 5024; x_wconf 90' lang='lat' dir='ltr'>dubio</span> <span class='ocrx_word' id='word_1_763' title='bbox 1128 4965 1271 5023; x_wconf 89' lang='lat' dir='ltr'>obtinebit.</span> <span class='ocrx_word' id='word_1_764' title='bbox 1286 4966 1386 5037; x_wconf 91' lang='lat' dir='ltr'>ltaque,</span> <span class='ocrx_word' id='word_1_765' title='bbox 1404 4965 1453 5037; x_wconf 90' lang='lat' dir='ltr'>qai</span> <span class='ocrx_word' id='word_1_766' title='bbox 1474 4966 1679 5024; x_wconf 90' lang='lat' dir='ltr'>reminiscimini</span> <span class='ocrx_word' id='word_1_767' title='bbox 1704 4967 1822 5037; x_wconf 88' lang='lat' dir='ltr'>Domini,</span> 
     </span>
     <span class='ocr_line' id='line_1_55' title="bbox 178 5049 1825 5130; baseline 0.005 -24"><span class='ocrx_word' id='word_1_768' title='bbox 178 5049 290 5107; x_wconf 80' lang='lat' dir='ltr'>tissime</span> <span class='ocrx_word' id='word_1_769' title='bbox 308 5067 396 5110; x_wconf 88' lang='lat' dir='ltr'>coram</span> <span class='ocrx_word' id='word_1_770' title='bbox 418 5053 460 5111; x_wconf 91' lang='lat' dir='ltr'>cis</span> <span class='ocrx_word' id='word_1_771' title='bbox 473 5053 536 5110; x_wconf 85' lang='lat' dir='ltr'>coeli</span> <span class='ocrx_word' id='word_1_772' title='bbox 558 5063 660 5113; x_wconf 89' lang='lat' dir='ltr'>secreta</span> <span class='ocrx_word' id='word_1_773' title='bbox 685 5055 879 5112; x_wconf 86' lang='lat' dir='ltr'>conscendens.</span> <span class='ocrx_word' id='word_1_774' title='bbox 903 5055 973 5124; x_wconf 84' lang='lat' dir='ltr'>Quid</span> <span class='ocrx_word' id='word_1_775' title='bbox 1028 5071 1062 5111; x_wconf 90' lang='lat' dir='ltr'>nc</span> <span class='ocrx_word' id='word_1_776' title='bbox 1078 5055 1201 5122; x_wconf 87' lang='lat' dir='ltr'>taceatis,</span> <span class='ocrx_word' id='word_1_777' title='bbox 1215 5062 1241 5111; x_wconf 90' lang='lat' dir='ltr'>et</span> <span class='ocrx_word' id='word_1_778' title='bbox 1255 5070 1290 5111; x_wconf 93' lang='lat' dir='ltr'>ne</span> <span class='ocrx_word' id='word_1_779' title='bbox 1303 5054 1374 5111; x_wconf 91' lang='lat' dir='ltr'>detis</span> <span class='ocrx_word' id='word_1_780' title='bbox 1388 5054 1536 5112; x_wconf 88' lang='lat' dir='ltr'>silentium.</span> <span class='ocrx_word' id='word_1_781' title='bbox 1547 5055 1680 5113; x_wconf 89' lang='lat' dir='ltr'>Nimirum</span> <span class='ocrx_word' id='word_1_782' title='bbox 1695 5055 1745 5130; x_wconf 89' lang='lat' dir='ltr'>qai</span> <span class='ocrx_word' id='word_1_783' title='bbox 1754 5073 1825 5130; x_wconf 83' lang='lat' dir='ltr'>prae·</span> 
     </span>
     <span class='ocr_line' id='line_1_56' title="bbox 178 5141 1827 5223; baseline 0.004 -27"><span class='ocrx_word' id='word_1_784' title='bbox 178 5141 274 5198; x_wconf 93' lang='lat' dir='ltr'>horum</span> <span class='ocrx_word' id='word_1_785' title='bbox 290 5156 344 5199; x_wconf 92' lang='lat' dir='ltr'>non</span> <span class='ocrx_word' id='word_1_786' title='bbox 359 5160 433 5213; x_wconf 83' lang='lat' dir='ltr'>uere,</span> <span class='ocrx_word' id='word_1_787' title='bbox 462 5159 517 5200; x_wconf 91' lang='lat' dir='ltr'>non</span> <span class='ocrx_word' id='word_1_788' title='bbox 544 5143 600 5215; x_wconf 92' lang='lat' dir='ltr'>pie,</span> <span class='ocrx_word' id='word_1_789' title='bbox 617 5160 672 5202; x_wconf 89' lang='lat' dir='ltr'>non</span> <span class='ocrx_word' id='word_1_790' title='bbox 698 5152 790 5202; x_wconf 88' lang='lat' dir='ltr'>sancte</span> <span class='ocrx_word' id='word_1_791' title='bbox 818 5146 968 5221; x_wconf 77' lang='lat' dir='ltr'>cogitatur?</span> <span class='ocrx_word' id='word_1_792' title='bbox 1028 5153 1132 5203; x_wconf 89' lang='lat' dir='ltr'>sentem</span> <span class='ocrx_word' id='word_1_793' title='bbox 1145 5146 1246 5203; x_wconf 91' lang='lat' dir='ltr'>hahent</span> <span class='ocrx_word' id='word_1_794' title='bbox 1260 5144 1419 5212; x_wconf 89' lang='lat' dir='ltr'>Dominum,</span> <span class='ocrx_word' id='word_1_795' title='bbox 1435 5145 1623 5204; x_wconf 88' lang='lat' dir='ltr'>exhortatione</span> <span class='ocrx_word' id='word_1_796' title='bbox 1636 5160 1692 5202; x_wconf 90' lang='lat' dir='ltr'>non</span> <span class='ocrx_word' id='word_1_797' title='bbox 1704 5145 1827 5223; x_wconf 86' lang='lat' dir='ltr'>indigent</span> 
     </span>
     <span class='ocr_line' id='line_1_57' title="bbox 179 5230 1826 5309; baseline 0.006 -22"><span class='ocrx_word' id='word_1_798' title='bbox 179 5230 320 5303; x_wconf 83' lang='lat' dir='ltr'>Quidquid</span> <span class='ocrx_word' id='word_1_799' title='bbox 336 5232 434 5289; x_wconf 90' lang='lat' dir='ltr'>horum</span> <span class='ocrx_word' id='word_1_800' title='bbox 448 5231 547 5304; x_wconf 90' lang='lat' dir='ltr'>cogito.</span> <span class='ocrx_word' id='word_1_801' title='bbox 560 5233 646 5289; x_wconf 88' lang='lat' dir='ltr'>Deum</span> <span class='ocrx_word' id='word_1_802' title='bbox 661 5234 763 5307; x_wconf 90' lang='lat' dir='ltr'>cogito,</span> <span class='ocrx_word' id='word_1_803' title='bbox 779 5242 807 5290; x_wconf 90' lang='grc' dir='ltr'>ει</span> <span class='ocrx_word' id='word_1_804' title='bbox 820 5251 872 5308; x_wconf 91' lang='lat' dir='ltr'>per</span> <span class='ocrx_word' id='word_1_805' title='bbox 885 5235 976 5292; x_wconf 89' lang='lat' dir='ltr'>omnia</span> <span class='ocrx_word' id='word_1_806' title='bbox 1029 5243 1056 5292; x_wconf 90' lang='lat' dir='ltr'>et</span> <span class='ocrx_word' id='word_1_807' title='bbox 1070 5237 1143 5308; x_wconf 93' lang='lat' dir='ltr'>quod</span> <span class='ocrx_word' id='word_1_808' title='bbox 1158 5237 1195 5293; x_wconf 88' lang='lat' dir='ltr'>ait</span> <span class='ocrx_word' id='word_1_809' title='bbox 1209 5236 1344 5306; x_wconf 84' lang='lat' dir='ltr'>Propheta</span> <span class='ocrx_word' id='word_1_810' title='bbox 1358 5232 1447 5290; x_wconf 88' lang='lat' dir='ltr'>alius:</span> <span class='ocrx_word' id='word_1_811' title='bbox 1466 5236 1573 5304; x_wconf 70' lang='lat' dir='ltr'>Mada,</span> <span class='ocrx_word' id='word_1_812' title='bbox 1590 5237 1757 5309; x_wconf 78' lang='lat' dir='ltr'>Jerusalem,</span> <span class='ocrx_word' id='word_1_813' title='bbox 1771 5240 1826 5297; x_wconf 85' lang='lat' dir='ltr'>Do-</span> 
     </span>
     <span class='ocr_line' id='line_1_58' title="bbox 178 5320 1825 5411; baseline 0.005 -36"><span class='ocrx_word' id='word_1_814' title='bbox 178 5321 239 5393; x_wconf 88' lang='lat' dir='ltr'>lpse</span> <span class='ocrx_word' id='word_1_815' title='bbox 254 5322 297 5377; x_wconf 82' lang='lat' dir='ltr'>‘est</span> <span class='ocrx_word' id='word_1_816' title='bbox 309 5321 382 5376; x_wconf 84' lang='lat' dir='ltr'>Deus</span> <span class='ocrx_word' id='word_1_817' title='bbox 403 5335 493 5377; x_wconf 88' lang='lat' dir='ltr'>meua.</span> <span class='ocrx_word' id='word_1_818' title='bbox 508 5320 573 5377; x_wconf 79' lang='lat' dir='ltr'>Hac</span> <span class='ocrx_word' id='word_1_819' title='bbox 586 5338 638 5397; x_wconf 87' lang='lat' dir='ltr'>ego</span> <span class='ocrx_word' id='word_1_820' title='bbox 651 5323 777 5381; x_wconf 89' lang='lat' dir='ltr'>meditari</span> <span class='ocrx_word' id='word_1_821' title='bbox 792 5323 847 5381; x_wconf 83' lang='lat' dir='ltr'>dixi</span> <span class='ocrx_word' id='word_1_822' title='bbox 867 5325 976 5395; x_wconf 88' lang='lat' dir='ltr'>sapien-</span> <span class='ocrx_word' id='word_1_823' title='bbox 1029 5327 1158 5394; x_wconf 65' lang='lat' dir='ltr'>meacm</span> <span class='ocrx_word' id='word_1_824' title='bbox 1175 5325 1261 5385; x_wconf 82' lang='lat' dir='ltr'>leudo</span> <span class='ocrx_word' id='word_1_825' title='bbox 1270 5325 1360 5382; x_wconf 82' lang='lat' dir='ltr'>Deum</span> <span class='ocrx_word' id='word_1_826' title='bbox 1377 5326 1471 5393; x_wconf 81' lang='lat' dir='ltr'>tuom,</span> <span class='ocrx_word' id='word_1_827' title='bbox 1483 5325 1552 5384; x_wconf 79' lang='lat' dir='ltr'>stan</span> <span class='ocrx_word' id='word_1_828' title='bbox 1566 5326 1654 5398; x_wconf 79' lang='lat' dir='ltr'>(Ptol.</span> <span class='ocrx_word' id='word_1_829' title='bbox 1671 5342 1775 5411; x_wconf 68' lang='lat' dir='ltr'>cantat,</span> <span class='ocrx_word' id='word_1_830' title='bbox 1788 5328 1825 5401; x_wconf 83' lang='lat' dir='ltr'>t),</span> 
     </span>
     <span class='ocr_line' id='line_1_59' title="bbox 180 5408 1825 5495; baseline 0.006 -31"><span class='ocrx_word' id='word_1_831' title='bbox 180 5408 256 5477; x_wconf 78' lang='lat' dir='ltr'>bam,</span> <span class='ocrx_word' id='word_1_832' title='bbox 277 5416 305 5467; x_wconf 87' lang='lat' dir='ltr'>et</span> <span class='ocrx_word' id='word_1_833' title='bbox 336 5408 505 5482; x_wconf 83' lang='lat' dir='ltr'>prudentiam</span> <span class='ocrx_word' id='word_1_834' title='bbox 530 5408 650 5481; x_wconf 82' lang='lat' dir='ltr'>judicari</span> <span class='ocrx_word' id='word_1_835' title='bbox 676 5419 799 5469; x_wconf 83' lang='lat' dir='ltr'>eructare</span> <span class='ocrx_word' id='word_1_836' title='bbox 817 5412 975 5470; x_wconf 89' lang='lat' dir='ltr'>memoriam</span> <span class='ocrx_word' id='word_1_837' title='bbox 1029 5413 1323 5488; x_wconf 85' lang='lat' dir='ltr'>congratulatiouisest</span> <span class='ocrx_word' id='word_1_838' title='bbox 1348 5414 1459 5486; x_wconf 87' lang='lat' dir='ltr'>potius,</span> <span class='ocrx_word' id='word_1_839' title='bbox 1482 5431 1564 5489; x_wconf 85' lang='lat' dir='ltr'>quarn</span> <span class='ocrx_word' id='word_1_840' title='bbox 1596 5412 1825 5495; x_wconf 80' lang='lat' dir='ltr'>commonitiopis.</span> 
     </span>
     <span class='ocr_line' id='line_1_60' title="bbox 179 5495 1825 5578; baseline 0.004 -22"><span class='ocrx_word' id='word_1_841' title='bbox 179 5499 334 5568; x_wconf 65' lang='lat' dir='ltr'>suadetis,</span> <span class='ocrx_word' id='word_1_842' title='bbox 354 5495 474 5574; x_wconf 85' lang='lat' dir='ltr'>qnamln</span> <span class='ocrx_word' id='word_1_843' title='bbox 488 5498 677 5570; x_wconf 70' lang='lat' dir='ltr'>hmuscamedi</span> <span class='ocrx_word' id='word_1_844' title='bbox 690 5499 795 5559; x_wconf 74' lang='lat' dir='ltr'>dadas</span> <span class='ocrx_word' id='word_1_845' title='bbox 805 5500 882 5578; x_wconf 79' lang='lat' dir='ltr'>virga</span> <span class='ocrx_word' id='word_1_846' title='bbox 890 5516 977 5563; x_wconf 65' lang='lat' dir='ltr'>sacer</span> <span class='ocrx_word' id='word_1_847' title='bbox 1029 5502 1082 5575; x_wconf 83' lang='lat' dir='ltr'>Qui</span> <span class='ocrx_word' id='word_1_848' title='bbox 1095 5503 1124 5561; x_wconf 88' lang='lat' dir='ltr'>in</span> <span class='ocrx_word' id='word_1_849' title='bbox 1135 5503 1189 5560; x_wconf 86' lang='lat' dir='ltr'>tide</span> <span class='ocrx_word' id='word_1_850' title='bbox 1208 5499 1356 5571; x_wconf 86' lang='lat' dir='ltr'>ambulant,</span> <span class='ocrx_word' id='word_1_851' title='bbox 1372 5509 1455 5576; x_wconf 87' lang='lat' dir='ltr'>egent</span> <span class='ocrx_word' id='word_1_852' title='bbox 1468 5502 1651 5562; x_wconf 83' lang='lat' dir='ltr'>admonitione</span> <span class='ocrx_word' id='word_1_853' title='bbox 1659 5520 1696 5563; x_wconf 90' lang='lat' dir='ltr'>ns</span> <span class='ocrx_word' id='word_1_854' title='bbox 1708 5504 1825 5565; x_wconf 72' lang='lat' dir='ltr'>iteam.</span> 
     </span>
    </p>
   </div>
   <div class='ocr_carea' id='block_1_5' title="bbox 0 0 1882 5948">
    <p class='ocr_par' dir='ltr' id='par_1_5' title="bbox 0 0 1882 5948">
     <span class='ocr_line' id='line_1_61' title="bbox 0 0 1882 5948; baseline 0 0"><span class='ocrx_word' id='word_1_855' title='bbox 0 0 1882 5948; x_wconf 95' lang='lat' dir='ltr'> </span> 
     </span>
    </p>
   </div>
  </div>
 </body>
</html>
