3734 5948
46 239 99 296 m
565 230 600 288 ta
619 225 717 286 esau.
739 229 795 297 out
811 227 962 291 statrtr
975 223 1092 285 sauro
1110 217 1186 287 xtr.
1206 294 1209 301 ,
1643 238 1696 293 ιιι

48 361 173 434 quedam
188 357 326 430 religionis
346 355 497 421 subversio,
518 362 547 410 et
570 369 645 421 vere,
669 355 746 424 iuxta
769 350 844 408 testi·
862 361 886 441 g
903 362 980 405 amor
999 363 1170 422 expungere,
1186 349 1256 406 solet
1271 349 1351 408 timor
1364 351 1462 409 timore
1475 354 1584 427 depelli.
1599 354 1698 415 Nolite

47 449 170 507 nonium
184 447 371 519 legislatoris,
382 463 523 504 uenenum
537 447 668 518 aspidum
687 441 845 500 insanabile
902 437 1002 494 timere
1015 454 1060 495 eos
1069 441 1229 513 percorpus
1239 438 1385 506 occidunt,
1395 441 1581 514 ailDominus,
1592 445 1698 503 omme

48 542 141 608 (uest.
158 553 253 604 xxxxi,
269 537 326 603 33).
341 536 445 592 Dicitur
459 536 532 608 aspis
548 536 609 589 hine
619 533 844 597 alteramaurem
900 527 1171 584 intercessissent
1181 528 1383 601 quidsociaui:
1395 530 1586 601 etconiestim,
1600 535 1698 591 Osteo-

47 643 125 698 quam
142 627 265 698 pressius
279 630 379 696 potest,
397 633 476 681 terre
491 624 619 698 infigere;
641 624 703 678 inde
717 638 783 680 vero
803 621 847 676 al·
901 612 968 670 diam
982 618 1090 682 actem,
1103 615 1147 684 ait,
1160 619 1234 673 vobis
1244 634 1325 689 qoem
1336 621 1474 677 timeatis.
1489 623 1591 679 Timete
1600 626 1698 680 cutem

48 726 133 772 ieram
148 716 244 771 mudae
262 714 430 770 immissione
455 714 632 770 nihilominus
655 713 795 780 obturare,
812 725 847 765 ne
902 720 966 759 eum
977 704 1397 779 quipotestoicmliobetcorpcs
1411 712 1575 766 cioaimom
1583 714 1699 767 mittere

50 806 154 861 audiat.
176 804 248 871 Quid
270 805 305 858 ad
320 805 378 858 liaec
401 803 563 858 incantantis
587 818 650 872 vox,
666 801 731 872 quid
759 815 849 854 sernro
902 793 933 846 itt
948 793 1115 864 gehennam·
1128 794 1336 863 liadicovobt's,
1357 797 1698 871 consummassem,

50 894 130 949 ledat
146 892 338 965 predicantis?
353 891 445 946 Orabo
460 907 509 962 pro
523 906 567 961 eo,
592 890 739 945 humiliabo
760 888 787 942 in
807 889 850 958 je·
903 883 930 946 4,
942 885 982 952 5).
992 883 1031 937 Ac
1040 882 1062 935 si
1074 880 1242 937 manifestius
1251 883 1339 942 dieat:
1352 884 1431 941 Hunc
1438 887 1542 953 timete,
1554 904 1589 946 ue
1599 888 1659 944 illos
1670 890 1700 945 ti-

48 982 125 1051 ionio
141 981 263 1038 animam
279 995 378 1045 meam,
397 979 554 1051 baptizabor
576 995 625 1050 pro
646 985 752 1034 mortuo
772 977 851 1032 uber·
903 968 1009 1025 mestis.
1026 969 1140 1041 Repleat
1154 985 1202 1026 vos
1216 971 1327 1042 spiritus
1342 973 1447 1030 timoris
1465 976 1584 1046 Domini,
1609 987 1637 1033 ει
1663 979 1699 1034 ti-

52 1071 119 1126 rimo
150 1071 270 1143 quodam
296 1070 428 1141 profluvio
452 1068 642 1140 lacrymarum,
669 1069 741 1139 apud
769 1081 850 1136 quem
904 1074 963 1113 mor
977 1057 1184 1115 alienuslocum
1198 1075 1253 1117 uon
1269 1059 1419 1119 lrabebitiu
1435 1063 1566 1122 vobislit
1581 1081 1633 1138 ego
1648 1083 1700 1125 vo-

10 1184 12 1241 p
51 1160 166 1217 uiderim
190 1160 258 1215 niiril
278 1160 404 1215 humanae
434 1157 625 1214 incantationis
643 1154 793 1228 quamlibet
811 1171 851 1209 sa·
905 1147 947 1202 bis
956 1147 1027 1216 dieo,
1043 1162 1096 1203 nou
1115 1156 1205 1204 autem
1221 1165 1284 1221 ego,
1296 1150 1346 1206 sed
1362 1150 1480 1221 Veritas;
1497 1168 1552 1210 oon
1567 1169 1631 1226 ego,
1647 1156 1698 1211 sed

10 1244 12 1251 ’
49 1240 200 1312 pientiam,
228 1240 293 1294 nibil
320 1246 567 1312 quantamcumque
595 1235 787 1294 admonitionis
805 1234 849 1290 in·
906 1235 1051 1292 Dominus:
1067 1236 1156 1293 Nolite
1171 1237 1250 1294 irasci
1261 1238 1300 1294 eis
1314 1237 1361 1311 qui
1376 1240 1533 1298 transitoria
1547 1242 1624 1300 robis
1649 1259 1701 1299 au-

51 1328 186 1384 dastriam
201 1328 360 1401 praevalere.
377 1327 488 1385 Noverit
496 1337 588 1384 ιιιιιειι
597 1328 638 1385 ιιι
648 1326 782 1398 pertinax,
795 1339 850 1381 non
905 1323 1006 1391 ierunt,
1035 1325 1080 1398 qui
1106 1326 1229 1384 convicia
1254 1326 1386 1396 inierunt,
1418 1329 1463 1401 qui
1484 1328 1613 1402 ingerunt
1631 1331 1702 1390 iorte

51 1417 206 1487 coelosese,
222 1417 272 1472 sed
284 1415 343 1472 solo
358 1414 474 1491 infigere
495 1423 587 1489 caput,
611 1415 685 1488 quod
706 1412 850 1486 sapientia,
905 1413 1045 1486 supplicia,
1070 1422 1099 1471 et
1121 1423 1221 1486 preter
1245 1417 1304 1473 liaec
1327 1415 1423 1489 lolius,
1438 1428 1501 1490 post
1515 1419 1583 1494 hec]
1600 1421 1701 1478 iaciunt

52 1522 111 1576 qnae
127 1504 274 1562 desursum
291 1513 344 1572 est,
360 1521 416 1561 non
431 1504 513 1561 modo
527 1504 635 1577 pudica,
660 1504 709 1561 sed
729 1509 758 1560 et
780 1503 851 1575 paci-
906 1502 980 1559 nihil.
997 1502 1146 1559 Ostendam
1159 1511 1250 1561 autem
1265 1504 1343 1563 robis
1356 1507 1400 1564 cui
1415 1505 1636 1566 debeatisirasci.
1652 1510 1705 1566 lra-

53 1593 103 1649 tica
118 1593 169 1661 sit;
186 1593 345 1652 necantem
358 1593 456 1667 magis,
467 1592 648 1659 utitadicam,
659 1591 788 1663 aspidica,
800 1590 853 1647 nisi
907 1590 1014 1647 seimini
1024 1591 1049 1647 ei
1063 1608 1124 1664 quae
1143 1591 1201 1649 sola
1215 1593 1292 1651 robis
1307 1609 1408 1651 nocere
1422 1603 1523 1667 potest,
1539 1595 1597 1654 sola
1611 1597 1702 1657 iacere

53 1694 166 1738 terrena
182 1697 248 1739 esse
262 1697 317 1738 nou
330 1688 433 1754 potest.
453 1681 508 1738 Sed
521 1697 573 1738 uec
586 1682 656 1737 adeo
670 1679 852 1738 obsurdesce·
869 1672 892 1749 Β
906 1688 937 1736 ιιι
950 1679 1040 1736 omnia
1053 1680 1099 1734 illa
1114 1695 1171 1736 non
1186 1682 1302 1753 prosint.
1318 1683 1406 1740 Vultis
1419 1685 1489 1742 scire
1511 1702 1637 1760 quaenam
1660 1688 1705 1745 illa

54 1780 107 1841 ret,
127 1769 184 1827 uisi
196 1770 283 1826 cauda
297 1787 407 1844 quoque
421 1773 563 1829 obturaret
585 1771 717 1828 auditum.
732 1770 798 1840 Quae
812 1774 854 1826 est
908 1767 960 1824 siti
974 1768 1105 1840 iniquitas
1116 1770 1236 1843 propria.
1260 1771 1300 1828 lta
1324 1772 1386 1830 dico
1409 1775 1498 1844 uobis,
1521 1775 1584 1834 huic
1606 1776 1704 1834 irasci·

54 1862 110 1916 baec
123 1859 233 1917 cauda?
248 1858 321 1914 Finis
337 1859 495 1916 intentionis
507 1861 642 1916 humanae.
659 1861 723 1916 llaec
737 1859 854 1915 surditas
908 1857 982 1914 mini.
998 1858 1076 1914 Nulla
1088 1858 1162 1914 euim
1176 1860 1285 1916 nocebit
1297 1861 1458 1931 adversitas,
1473 1864 1497 1921 si
1510 1864 1584 1922 nulla
1607 1866 1704 1924 Domi-

54 1949 214 2021 desperata‚
235 1948 300 2004 dum
321 1950 384 2005 hinc
405 1949 516 2022 quidem
538 1950 612 2007 velut
640 1956 720 2006 terrae
748 1947 854 2016 inlitus,
908 1955 988 2004 netur
1002 1947 1138 2020 iniquitas.
1153 1949 1205 2019 Qui
1219 1949 1341 2022 perfecte
1364 1953 1426 2008 buic
1448 1952 1584 2022 irascitur,
1598 1956 1706 2013 aetem

54 2039 174 2110 proprie
188 2038 305 2111 quisquc
320 2037 436 2097 inhaeret
450 2039 597 2106 voluntati;
621 2040 686 2095 inde
708 2038 781 2097 velut
806 2053 854 2095 re·
909 2051 964 2092 noo
979 2045 1114 2106 moretur,
1129 2037 1216 2111 magis
1230 2048 1260 2096 et
1272 2038 1444 2112 amplectitur
1457 2056 1500 2098 ea.
1525 2045 1591 2116 Ego,
1605 2042 1705 2117 inquit,

55 2128 171 2185 flectens
184 2127 309 2196 modam,
326 2125 408 2184 linem
423 2127 539 2200 aliquem
555 2129 713 2197 meditatur,
727 2136 755 2184 et
769 2127 857 2200 intigit
910 2129 942 2182 ιἰι
956 2126 1071 2197 fiagello
1079 2132 1200 2198 porcius
1210 2129 1371 2200 scm(Psol.
1386 2145 1479 2199 xxvix,
1499 2131 1555 2203 tc).
1571 2132 1612 2188 Sit
1629 2132 1706 2189 dani·

55 2216 148 2274 animo
175 2215 251 2289 qaod
279 2215 417 2274 desiderat
447 2217 571 2291 adipisci.
599 2217 701 2286 Nolite,
729 2217 854 2284 obsecro,
910 2213 1705 2292 num,siteouuicium,sitlaesiocorporalis;paratussoum,

55 2306 166 2373 iratres,
184 2304 269 2362 nolite
288 2305 414 2362 obturare
428 2321 518 2377 aures,
534 2306 618 2363 nolite
639 2305 784 2377 aliquando
805 2306 856 2362 ob·
912 2312 1005 2360 etnou
1023 2319 1084 2359 sum
1098 2305 1235 2362 turbatus:
1251 2306 1379 2378 quoniam
1397 2308 1475 2365 dolor
1489 2325 1566 2366 meus
1587 2309 1617 2367 in
1639 2325 1708 2367 cou-

55 2396 157 2450 dursre
170 2393 255 2450 corda
270 2401 371 2451 restra.
388 2393 537 2451 indeenim
551 2401 605 2450 tam
620 2395 732 2451 mordax
746 2403 774 2452 et
787 2408 858 2451 ama·
911 2400 1006 2463 spectu
1019 2408 1082 2449 meo
1095 2409 1215 2466 semper.
1239 2393 1339 2464 Quidni
1360 2398 1496 2453 exteriora
1518 2399 1609 2454 omnia
1630 2415 1706 2471 perr

60 2499 105 2539 res
119 2496 216 2538 sermo
229 2481 366 2538 invenitur
379 2481 407 2539 in
423 2497 471 2540 ors
485 2481 601 2540 hominis
623 2481 760 2550 obstinati,
785 2483 858 2554 quod
912 2479 1030 2552 pendam
1044 2480 1072 2536 in
1087 2483 1168 2555 hujus
1179 2482 1360 2541 estimatione
1369 2485 1490 2543 dolorisi
1500 2487 1707 2561 Fttiasdnqutt,

55 2570 855 2644 nulleadcumpenetrarequeatbeuevolentiamonitoris.
912 2570 1711 2644 uterimcipersaqailurmeetconciciorrtircrvcloiodi·

57 2659 124 2717 lade
138 2658 243 2730 aspidis
256 2659 368 2717 virusin
383 2659 482 2736 linguae
492 2661 586 2718 aculeo
603 2669 771 2733 perseverat,
784 2660 859 2734 quod
914 2658 1040 2733 pacior?
1053 2659 1095 2730 (ll
1102 2662 1167 2733 lteg.
1177 2673 1238 2729 ιιι,
1254 2665 1311 2733 ιι.)
1327 2663 1381 2720 Cor
1394 2681 1485 2722 meum
1501 2665 1645 2739 dereliquit
1657 2682 1711 2735 me,

56 2748 857 2825 caremuslinguamiucentetorisrantosestndioobtumrit.
914 2747 1061 2820 dereliquit
1088 2764 1133 2804 me
1166 2750 1250 2806 virtus
1281 2767 1353 2819 mea,
1387 2761 1416 2809 et
1446 2753 1538 2810 lumen
1571 2755 1711 2813 oculorum

91 2843 120 2897 i.
136 2839 173 2895 At
183 2838 334 2906 basiliscus,
350 2837 473 2907 utaiunt,
490 2854 627 2898 venenum
639 2838 668 2894 in
682 2837 857 2911 coningere,
913 2853 1050 2895 meorum:
1066 2838 1200 2894 etdanna
1215 2839 1373 2912 temporalia
1387 2841 1524 2916 plangam,
1540 2852 1586 2901 aut
1601 2844 1708 2902 iucom-

58 2927 209 2999 pessimum
222 2926 333 2994 ammai,
343 2931 371 2984 ει
381 2942 439 2996 prae
450 2927 576 2984 omuibus
583 2925 759 2984 exsecrabile.
771 2927 859 2983 Nosse
914 2927 994 2983 moda
1007 2927 1158 2998 corporalia
1171 2926 1323 2998 reputabo?

58 3017 137 3088 cupis
151 3017 260 3074 oculum
275 3024 452 3085 venenatum,
478 3016 586 3073 oculum
609 3032 733 3088 nequam,
752 3015 860 3074 oculum
876 2986 898 3064 ὓ
949 3020 975 3071 6.
992 3015 1061 3071 ilinc
1076 3015 1202 3073 nimirum
1227 3031 1282 3072 non
1305 3016 1386 3073 modo
1407 3021 1589 3077 mansuetudo
1612 3023 1708 3087 oritur,

58 3103 257 3165 iaadnrntemi
272 3105 402 3164 iuvidiam
417 3105 547 3178 cogitato.
558 3105 629 3176 Quid
644 3121 711 3163 uero
724 3104 859 3173 invidere,
914 3104 958 3160 cui
971 3104 1097 3160 draconis
1110 3104 1189 3161 llatus
1202 3119 1257 3160 nou
1277 3112 1387 3173 noceat;
1404 3107 1453 3163 sed
1470 3106 1550 3164 etiam
1566 3110 1710 3184 magnani-

60 3195 110 3252 nist
125 3195 334 3255 malumvidere
350 3197 410 3251 esti
426 3194 454 3251 Si
470 3211 525 3253 non
547 3200 621 3253 esset
642 3195 689 3251 ille
710 3194 858 3262 basiliscus,
916 3194 1008 3262 mites,
1022 3207 1103 3263 quam
1119 3193 1320 3264 rugitusleonis
1336 3202 1512 3252 conterreat.
1524 3198 1711 3258 Adversarius

59 3300 200 3356 nunquam
208 3301 260 3358 per
273 3286 333 3355 eius
347 3284 478 3340 iuvidiam
493 3300 568 3341 mors
580 3285 709 3341 intrasset
723 3284 750 3339 in
765 3282 860 3341 orbem
915 3288 1006 3340 vester
1022 3286 1162 3355 tauquam
1178 3283 1401 3356 serapionem
1411 3285 1666 3359 Petrusill’ctr.r,
1676 3292 1711 3358 8).

59 3383 204 3430 terraram.
238 3375 286 3431 liae
308 3373 410 3430 homini
436 3374 544 3445 nucero,
565 3373 639 3448 quod
663 3373 783 3430 invidum
805 3387 860 3426 uon
916 3370 1024 3427 Gratias
1038 3386 1138 3442 magno
1152 3370 1189 3427 illi
1203 3371 1287 3429 Leoni
1301 3373 1336 3429 de
1352 3373 1422 3430 tribu
1437 3375 1523 3432 iuda:
1546 3377 1637 3449 rugire
1660 3378 1714 3434 iste

58 3463 196 3535 praeriditi
217 3463 384 3536 Superemus
397 3471 425 3520 et
450 3464 621 3530 vitiumhoc,
638 3464 702 3519 dum
716 3463 804 3518 adhuc
819 3460 861 3518 vi·
916 3466 1016 3531 potest,
1032 3459 1112 3516 ierire
1126 3475 1181 3517 oon
1191 3469 1291 3532 potest.
1309 3462 1408 3535 liugai
1421 3472 1551 3536 quantum
1565 3466 1632 3523 vult:
1655 3473 1714 3523 tau·

59 3552 155 3619 rimus,
179 3552 203 3607 si
227 3563 289 3622 post
313 3561 431 3610 mortem
454 3554 578 3610 uolumus
605 3552 756 3610 ministrum
781 3559 862 3606 tantae
917 3557 973 3606 tum
1006 3564 1061 3605 nou
1088 3548 1174 3624 fugiat
1203 3551 1263 3608 oris
1290 3552 1399 3608 Christi.
1425 3552 1532 3623 Quanta
1559 3553 1711 3611 minitaturi

59 3640 196 3712 nequitie
210 3655 265 3698 nou
285 3642 397 3699 timere.
413 3643 500 3699 Nemo
523 3641 632 3698 alterius
649 3641 749 3698 bonum
770 3639 863 3695 invido
917 3646 1018 3712 quauta
1033 3639 1197 3714 exaggerati
1214 3645 1315 3711 quauta
1331 3640 1460 3697 intentati
1476 3641 1538 3699 Non
1551 3642 1635 3700 simus
1648 3643 1706 3699 bes

61 3728 178 3801 aspiciat
192 3728 282 3786 oculo.
297 3730 405 3802 Nempe
419 3731 471 3789 lroc
485 3731 572 3802 ipsum
594 3730 661 3800 jani,
685 3726 759 3799 quod
783 3728 810 3782 in
833 3743 862 3783 se
918 3728 972 3795 tiae,
987 3737 1016 3783 ut
1031 3741 1082 3783 nos
1096 3736 1252 3798 prosternat
1266 3744 1366 3785 vacuus
1379 3728 1422 3785 ille
1438 3730 1552 3800 rugitus.
1576 3731 1622 3788 Sic
1640 3731 1713 3789 enim

58 3826 112 3889 est,
128 3817 193 3873 tabe
206 3833 256 3874 sua
270 3816 338 3875 illod
356 3818 480 3890 iniicere,
495 3827 524 3877 et
547 3818 665 3890 quodam
679 3817 760 3873 modo
774 3816 861 3872 inter·
916 3816 1062 3889 perhibent
1081 3815 1129 3887 qui
1145 3815 1206 3871 talia
1219 3817 1351 3873 curiosius
1363 3817 1575 3890 vestigaverunt,
1607 3820 1642 3878 ad
1666 3836 1737 3878 ru-v

59 3905 142 3964 iirers
170 3913 224 3966 est.
259 3906 312 3977 Qui
339 3908 477 3965 bominem
505 3909 571 3977 odit,
600 3904 761 3964 homicidam
788 3903 862 3960 illum
919 3905 1005 3978 gitum
1021 3904 1107 3962 leonis
1126 3903 1226 3959 nullam
1246 3905 1362 3962 bestiam
1383 3915 1456 3965 stare
1479 3923 1570 3981 posse,
1594 3926 1630 3968 ue
1653 3925 1715 3969 eam

60 3994 168 4052 Veritas
182 3995 412 4070 ipsatestaturil
423 4001 505 4056 loon.
531 4015 571 4068 ιιι,
591 3998 647 4069 le).
672 3994 743 4066 Quid
766 4002 794 4050 et
818 3992 862 4050 ille
919 3993 1028 4067 quidem
1043 4009 1104 4066 quae
1127 3993 1258 4050 adversus
1279 3993 1363 4053 ictum
1383 3997 1445 4069 ejus
1465 4005 1521 4055 tota
1542 3999 1714 4057 animositate

59 4083 105 4156 qoi
120 4083 224 4140 bonum
238 4086 295 4141 odit
314 4086 341 4142 in
362 4085 491 4144 lrominei
506 4084 594 4145 866
607 4084 730 4158 nunquid
745 4099 800 4141 uon
816 4083 863 4139 ho-
919 4091 1068 4156 repugnat:
1085 4081 1283 4156 etplerumque
1297 4092 1410 4156 superat
1419 4085 1573 4159 ferientem,
1584 4104 1646 4161 quae
1659 4104 1714 4146 noo

63 4172 163 4228 micida
179 4175 279 4245 poterit
301 4175 455 4249 appeNarii
467 4176 563 4232 Adhuc
576 4175 641 4233 vivit
660 4175 752 4240 bomo,
767 4181 795 4229 et
817 4171 862 4228 ille
918 4171 1035 4229 sustinet
1051 4171 1218 4244 rugientem.
1240 4173 1310 4231 llere
1323 4174 1421 4246 bestia,
1445 4191 1510 4235 rere
1534 4178 1647 4235 rationis
1663 4194 1713 4235 ex·

56 4263 114 4331 jam
123 4278 188 4319 reus
198 4272 240 4319 est
248 4265 344 4321 mortis
353 4265 425 4335 ejus.
436 4266 531 4322 Adhuc
541 4264 709 4337 ardetignis‚
721 4279 802 4336 quem
808 4262 863 4318 Do·
877 4294 900 4371 n
919 4278 993 4335 pers,
1010 4261 1056 4335 qui
1073 4267 1126 4316 tam
1141 4261 1320 4334 pusillanimis
1333 4272 1386 4332 est,
1399 4273 1428 4322 ut
1438 4266 1497 4324 solo
1511 4266 1608 4325 timore
1621 4267 1711 4340 cedet,

57 4350 148 4408 minus
161 4353 242 4409 iesus
253 4354 326 4409 misit
341 4353 368 4408 iu
391 4355 578 4426 terramiluc.
591 4351 862 4424 xu,l9),etinuidus
919 4352 966 4424 qui
984 4351 1041 4407 sola
1065 4350 1146 4406 iuturi
1170 4353 1383 4424 exaggeratione
1407 4354 1507 4415 laboris
1530 4355 1628 4427 victus,
1650 4363 1713 4414 ante

61 4448 194 4514 tauquam
209 4441 256 4514 qui
268 4440 393 4514 spiritum
407 4442 580 4509 exstinxerit,
594 4444 650 4513 jam
665 4443 818 4499 damnatur.
919 4441 1083 4512 conflictum,
1094 4454 1149 4496 nou
1164 4440 1229 4507 telo,
1243 4441 1367 4499 sedtuba
1385 4445 1713 4515 pessinuntensium

93 4533 122 4586 5.
139 4532 187 4586 Vae
203 4530 280 4589 robis
295 4549 311 4588 a
326 4531 458 4589 dracooei
482 4532 609 4589 Immanis
623 4539 666 4590 est
680 4533 778 4600 bestia,
797 4533 862 4590 ssatu
921 4531 1069 4589 restitistis
1088 4545 1177 4601 usqae
1191 4527 1230 4586 od
1243 4533 1412 4603 sanquinem
1427 4534 1516 4604 illebr.
1538 4549 1590 4601 ιιι,
1613 4536 1651 4604 l),
1677 4534 1715 4589 ait

58 4618 143 4691 igneo
153 4619 286 4693 quidquid
301 4621 432 4694 attigerit,
454 4632 553 4690 necat3
577 4639 633 4680 uon
655 4622 737 4681 modo
761 4623 861 4680 bestias
919 4627 1048 4676 strennus
1061 4617 1106 4675 ille
1119 4617 1186 4686 dux,
1199 4618 1246 4690 qui
1265 4618 1353 4677 leonis
1376 4621 1456 4692 huius
1478 4632 1591 4679 noverat
1613 4637 1712 4677 vanum
1821 4653 1830 4671 ι

61 4717 158 4772 terrae.
175 4712 225 4766 sed
239 4717 267 4765 et
281 4712 405 4768 volueres
418 4713 489 4769 coeli.
516 4712 595 4768 Haud
618 4713 700 4768 alium
724 4729 776 4785 ego
798 4713 861 4770 dra·
920 4724 982 4766 esse
1003 4706 1131 4783 rugitum.
1155 4709 1191 4763 lit
1212 4708 1282 4764 alius
1303 4709 1427 4781 quidam:
1451 4713 1592 4777 Resistitc,
1615 4711 1712 4781 inquit,

60 4814 163 4856 eonem
181 4799 265 4866 hooc,
279 4815 361 4872 quam
376 4801 499 4872 spiritum
520 4800 665 4859 imcundiae
683 4818 754 4860 reor.
770 4801 860 4872 Quen·
916 4799 1033 4866 dioboio,
1049 4803 1076 4858 ct
1090 4799 1185 4870 [apici
1200 4815 1217 4853 c
1231 4798 1305 4859 cobis
1320 4800 1425 4872 (iacobi
1438 4817 1479 4873 ιιι,
1493 4800 1532 4872 i).

60 4887 200 4943 tosetiam
227 4888 350 4946 sublimis
372 4890 414 4961 (ut
429 4888 581 4959 videbatur)
601 4890 673 4957 vites,
693 4892 757 4946 llatu
780 4886 861 4962 bajus
1199 4906 1316 4964 sgggqo
1334 4909 1407 4965 χιιι,

56 4975 186 5032 dmronis
200 4977 301 5035 misere
329 4978 397 5034 satis
419 4979 540 5045 adustos,
566 4980 678 5050 turpiter
702 4980 730 5035 in
753 4981 809 5050 ejus
829 4996 860 5035 os
918 5000 953 5055 pe
966 4996 1164 5056 permistim„
1175 4998 1267 5065 pergo,
1281 5016 1295 5048 n
1307 4999 1345 5054 gi,
1365 5013 1396 5054 e,
1409 4999 1533 5071 affligem
1550 5002 1579 5056 gg
1596 4998 1710 5056 pagini.

54 5064 230 5137 ingemimus
244 5065 395 5124 cecidisse?
409 5067 496 5138 Quam
509 5067 605 5124 melius
620 5067 671 5124 sibi
692 5068 757 5139 ipsis
779 5068 859 5125 irasci
1145 5084 1212 5124 cam
1225 5014 1389 5137 omdcloiis,
1407 5093 1419 5120 ι
1434 5079 1488 5128 ειε.

56 5160 258 5224 potueruntne
273 5158 443 5228 peccarent?
457 5157 588 5215 Nimirum
607 5157 716 5214 allectio
731 5157 859 5214 naturalis
953 5163 980 5215 l.
996 5159 1127 5229 Agamus,
1147 5155 1255 5228 iratres,
1274 5157 1375 5231 gratias
1392 5159 1487 5218 iactori
1499 5167 1605 5229 nostro,
1623 5161 1709 5216 bene·

57 5244 99 5298 ira
114 5242 257 5300 moinum
271 5253 331 5314 est;
348 5247 396 5303 sed
412 5247 586 5306 abutentibus
597 5248 670 5306 bono
682 5256 784 5304 naturae
797 5263 860 5320 gra·
913 5245 1012 5319 factori
1042 5252 1145 5314 nostro,
1180 5245 1345 5319 redemptori
1377 5256 1481 5324 nostro,
1515 5249 1710 5308 remuneratori

59 5332 100 5388 ris
111 5333 235 5406 perditio
250 5343 300 5403 est,
317 5344 347 5393 et
360 5336 515 5394 miseranda
527 5337 673 5411 pernicies.
688 5336 858 5409 Occupemus
917 5345 1022 5408 nostro,
1033 5343 1078 5392 aut
1088 5334 1178 5409 potius
1191 5335 1252 5407 spei
1264 5345 1373 5396 nostras.
1387 5340 1448 5412 lpse
1462 5339 1536 5397 ειιὶιιι
1550 5339 1707 5405 retributor,

57 5420 157 5492 diam,
172 5421 283 5491 iratum,
296 5425 323 5481 in
339 5425 438 5499 quibus
459 5429 580 5500 expedit,
594 5444 631 5485 ne
645 5427 714 5485 iorte
738 5428 772 5484 ad
794 5427 858 5485 inu·
916 5429 975 5500 ipse
990 5424 1131 5483 retributio
1147 5433 1253 5482 nostre:
1273 5443 1325 5485 nec
1343 5418 1415 5486 aliud
1437 5432 1493 5500 jorn
1516 5443 1597 5502 mam
1619 5428 1708 5502 ipsum

60 5510 121 5568 tilis
130 5511 280 5587 illicitaque
288 5523 458 5588 prorumpat.
470 5518 515 5574 Sic
524 5518 651 5575 nimirum
660 5519 858 5576 soletamorem
920 5521 1108 5590 exspectamus
1126 5515 1161 5572 ab
1179 5516 1248 5589 ipso.
1264 5517 1383 5576 Primam
1396 5519 1470 5592 qood
1484 5518 1563 5576 nobis
1577 5517 1714 5589 mestitit,
