3734 5948
1800 40 1858 217 i

157 199 212 255 nc
631 197 660 254 s.
677 195 855 254 vaunnam
874 192 1017 256 lauans
1036 198 1366 264 cuiun-vammum
1637 168 1641 176 ’
1755 198 1806 269 art
1840 226 1844 259 ι

155 321 258 397 getium
281 321 333 396 ipsi
351 338 402 379 nos
421 327 597 396 genuerunt3
618 336 672 378 non
701 329 793 377 mmcn
816 321 877 389 sibi,
902 322 950 378 sed
967 337 990 417 g
1005 326 1156 399 epodpoilo
1172 327 1200 398 (l
1212 331 1276 388 dor.
1291 347 1310 397 r,
1330 335 1378 401 ta;
1400 333 1416 390 l
1427 333 1538 400 Cannu,
1555 332 1599 406 ι);
1613 300 1815 413 Christiauegid,
1840 358 1847 371 ·

156 413 273 474 Christo,
288 413 352 485 quia
366 428 416 483 per
429 411 607 485 Evangelinm
626 411 736 468 Christi.
752 411 822 467 ilinc
836 417 863 467 ct
878 411 951 485 quod
1005 429 1101 472 omnes
1116 416 1210 474 etheri
1224 421 1329 488 volens,
1346 429 1374 478 et
1392 422 1455 479 dici.
1473 423 1567 496 ltaque
1581 438 1678 481 semen
1692 430 1817 497 aposto·‚

157 503 271 558 moleste
296 501 355 556 tulit
372 499 471 556 Paulus
485 501 616 575 quosdam
636 517 730 559 eorum
745 500 809 569 dici,
825 502 952 575 aquibus
1004 502 1093 560 lorum
1111 523 1205 563 snmus
1228 525 1279 582 per
1293 510 1535 582 praedicationem
1557 512 1606 570 sed
1622 528 1673 585 per
1686 500 1818 586 adoptio-a

156 590 241 666 geniti
256 589 364 646 inerant
377 606 428 661 per
442 591 627 662 Evangelium,
652 589 798 666 indignans
822 591 951 647 adversus
1005 609 1069 649 nem
1083 603 1111 651 et
1133 598 1320 657 haereditatem
1341 617 1435 658 semen
1448 601 1558 670 Christi,
1579 608 1608 659 et
1622 589 1820 676 aposiotornn'

156 695 203 736 cos
216 679 261 751 qui
274 678 401 735 dicebant
417 699 423 735 :
441 684 567 752 Sporum
584 681 676 747 Pauli,
694 693 740 753 epo
756 698 819 738 sum
840 681 950 753 Cephea,
1005 691 1135 754 nepotes.
1809 682 1820 713 ²

676 827 715 890 m
736 789 1013 892 assumptor-n
1022 830 1056 894 a.
1077 831 1113 893 u.
1136 834 1287 900 unnim.

476 931 593 989 sanato
613 932 635 989 l.
1011 936 1062 991 bus
1085 937 1144 1008 ipsa
1165 955 1226 1013 qnae
1240 956 1273 996 ex
1293 942 1352 998 Deo
1371 950 1412 998 est
1426 942 1544 998 charitas
1559 958 1658 1000 novem
1670 942 1814 1002 mensibus

1011 1028 1189 1092 corporaliter
1203 1030 1347 1101 requievit.

1047 1120 1073 1171 3.
1091 1118 1122 1171 Et
1144 1118 1203 1173 lraac
1220 1119 1330 1190 quidem
1348 1127 1462 1192 propter
1479 1136 1531 1177 nos
1549 1120 1674 1187 dixerim,
1701 1119 1812 1190 iratres,

196 1204 222 1259 l.
244 1203 326 1279 Virgo
341 1203 422 1260 hodie
443 1202 564 1276 gloriosa
578 1202 662 1258 coelos
676 1202 837 1268 ascendens,
857 1217 955 1271 super·
1011 1204 1100 1260 sciens
1119 1205 1227 1262 diiiicile
1247 1223 1308 1265 esse
1330 1215 1360 1264 ut
1383 1210 1411 1264 in
1435 1216 1510 1265 tanta
1523 1209 1614 1280 iuopia
1636 1209 1756 1267 charitas
1768 1210 1815 1266 illa

157 1307 254 1351 norum
268 1293 367 1368 gaudia
391 1292 488 1348 civium
504 1290 621 1363 copiosis
644 1291 703 1346 sine
716 1290 799 1347 dubio
813 1290 956 1369 cumulavit
1011 1293 1142 1363 perlecta,
1158 1311 1212 1351 non
1224 1313 1350 1368 quaerens
1363 1314 1424 1369 quaa
1439 1306 1569 1365 suasunt,
1580 1299 1669 1355 valeat
1683 1298 1812 1356 inveniri.

157 1381 320 1455 augmentis.
336 1382 400 1437 ilaec
415 1388 458 1437 est
472 1380 555 1447 enim,
576 1381 654 1451 cujus
667 1379 835 1435 salutationis
853 1396 904 1438 vox
928 1390 956 1436 ει
1010 1381 1045 1438 Ut
1058 1384 1150 1439 tamen
1160 1385 1270 1441 interim
1280 1386 1374 1442 sileam
1385 1387 1527 1455 beneficia,
1540 1386 1743 1460 quaeproillins
1756 1387 1815 1461 glo·

157 1471 232 1544 ipsos
246 1471 382 1527 exsultare
402 1469 464 1525 iacit
478 1470 506 1524 in
520 1470 630 1541 gaudio.
647 1485 716 1541 quos
730 1477 853 1526 materna
868 1470 955 1525 adhuc
1009 1470 1159 1529 rihcatione
1185 1475 1395 1547 consequimur;
1413 1476 1435 1531 si
1450 1491 1510 1532 eam
1525 1476 1671 1552 diligimus,
1686 1476 1815 1548 gaudebi-

158 1561 267 1617 viscera
286 1559 414 1615 claudunt
438 1559 516 1631 (Lac.
531 1576 550 1624 r,
568 1559 624 1630 dl).
639 1558 717 1626 Quod
732 1558 754 1613 si
768 1558 871 1630 parvuli
886 1574 955 1615 nec·
1010 1576 1070 1615 mus
1084 1561 1187 1636 utique,
1212 1563 1275 1636 quia
1299 1564 1373 1619 radit
1392 1564 1424 1620 ad
1441 1565 1546 1621 Filium.
1571 1565 1666 1631 Plane,
1689 1565 1814 1638 iuquam,

158 1650 223 1706 dum
242 1649 298 1704 nati
321 1647 411 1703 anima
434 1646 580 1719 liquefacta
595 1655 637 1704 est
653 1657 683 1704 ut
697 1647 780 1703 Maria
802 1647 890 1704 locuta
902 1652 955 1717 cst,
972 1652 995 1731 fl
1010 1650 1259 1717 congratulabimur
1274 1652 1309 1721 ei,
1324 1653 1375 1708 nisi
1394 1654 1475 1721 sorte,
1499 1653 1572 1727 qnod
1594 1653 1666 1709 absit
1683 1652 1690 1710 Ι
1713 1654 1812 1710 inven-

159 1739 223 1813 quid
245 1744 372 1811 putamus
391 1752 516 1810 quaenam
539 1736 584 1791 illa
599 1737 681 1793 luerit
696 1736 847 1793 coelestinm
861 1736 956 1792 exsul·
1010 1738 1069 1794 trici
1095 1740 1189 1810 gratiae
1217 1741 1378 1797 omnimodis
1406 1742 1576 1799 inveniamur
1601 1742 1712 1819 ingrati.
1726 1741 1814 1811 Οεεεε

159 1829 235 1890 tatio,
257 1843 317 1883 cum
341 1834 368 1883 et
390 1841 486 1882 vocem
508 1825 614 1894 audire,
637 1833 667 1882 et
690 1824 783 1883 videre
806 1826 913 1892 faciem,
931 1833 958 1881 et
1012 1829 1085 1883 enim
1108 1830 1137 1885 in
1160 1830 1299 1887 castellum
1327 1831 1421 1887 mundi
1448 1833 1530 1901 hujus
1561 1831 1709 1888 intrantem
1737 1832 1815 1904 prius

159 1918 240 1973 beata
259 1917 320 1986 ejus
337 1914 390 1970 srui
407 1915 551 1991 praesentia
576 1915 755 1971 meruerunt?
779 1915 862 1971 Nobis
880 1930 956 1983 vero,
1012 1916 1072 1988 ipsa
1099 1927 1267 1990 susceperat,
1292 1921 1327 1975 ab
1351 1934 1384 1977 eo
1408 1920 1554 1991 suscipitur
1580 1919 1661 1976 hodie
1689 1927 1813 1976 sanctam

160 2005 321 2071 charissimi,
345 2020 406 2077 quae
430 2002 458 2060 in
481 2005 540 2074 ejus
565 2003 758 2075 Assumptione
780 2003 959 2060 solemnitatis
1012 2006 1172 2080 ingrediens
1194 2008 1341 2066 civitatem.
1358 2009 1411 2065 Sed
1436 2025 1498 2065 cnm
1534 2016 1635 2080 quanto
1659 2015 1739 2080 putas
1762 2009 1814 2065 ho-

160 2095 276 2161 occasio,
292 2109 352 2166 quae
366 2109 448 2150 cansa
458 2093 568 2160 laetitia,
580 2109 640 2166 quae
655 2092 767 2150 materia
778 2093 957 2166 gaudiorum?
1014 2112 1100 2162 more,
1116 2114 1176 2153 cum
1200 2106 1300 2169 quanta
1322 2107 1402 2170 putas
1416 2097 1606 2164 exsultatione,
1630 2112 1694 2154 curn
1713 2105 1815 2171 quanta

160 2184 252 2240 llariae
271 2183 416 2254 praesentia
435 2190 508 2240 totus
531 2182 677 2237 illustratur
693 2183 767 2237 orbis
783 2201 790 2236 ι
806 2183 876 2237 adeo
889 2189 919 2237 ut
933 2188 960 2238 et
1013 2186 1124 2257 gloria?
1148 2187 1204 2242 Neo
1219 2185 1246 2241 in
1263 2187 1342 2243 terris
1365 2187 1440 2243 locus
1460 2185 1568 2258 dignior
1586 2185 1657 2243 uteri
1674 2182 1836 2262 virginalis'

160 2272 219 2345 ipsa
238 2273 293 2342 jam
322 2272 438 2328 caelestis
466 2271 553 2343 patria
585 2271 684 2327 clarius
712 2271 803 2327 rutilet
832 2269 960 2341 virgineae
1015 2275 1128 2346 templo,
1150 2275 1177 2329 in
1200 2291 1253 2348 quo
1277 2275 1370 2330 Filium
1389 2275 1439 2331 Dei
1461 2275 1544 2331 bieria
1564 2275 1701 2348 suscepit;
1716 2276 1814 2333 necin

160 2361 294 2432 lampadis
316 2359 443 2415 irradiata
467 2360 583 2436 fulgore.
611 2360 706 2417 Merito
720 2360 836 2432 proinde
850 2367 962 2416 resonat
1015 2363 1092 2420 coelis
1128 2363 1211 2436 regali
1243 2364 1320 2432 solio,
1349 2365 1377 2420 in
1405 2379 1458 2438 quo
1482 2364 1592 2420 Manem
1618 2348 1814 2421 hodie-llario.

161 2449 190 2507 in
214 2449 329 2506 excelsis
356 2450 503 2521 gratiarum
531 2449 601 2504 actio
630 2456 657 2504 et
680 2464 733 2504 vox
764 2449 873 2517 laudis;
913 2448 962 2504 sed
1015 2451 1086 2509 filins
1111 2453 1276 2509 sublimavit.
1291 2453 1365 2510 Felix
1388 2454 1514 2510 nimirum
1528 2461 1643 2525 utraque
1658 2453 1813 2524 snsceptio;

162 2539 348 2612 plangendum
371 2539 449 2595 nobis
472 2554 551 2611 quam
579 2537 764 2609 plaudendum
792 2538 879 2609 magis
900 2552 962 2593 esse
1015 2535 1297 2609 ineffabilissimae,
1312 2537 1375 2611 quia
1390 2542 1505 2610 utraque
1532 2536 1813 2609 inexcogitabiliaest.

162 2629 281 2685 videtur.
304 2627 440 2697 Quantum
466 2627 538 2683 enim
561 2626 596 2682 de
620 2628 681 2696 ejus
695 2626 841 2697 praeseutia
864 2625 962 2682 coelum
1016 2625 1117 2696 thuid
1134 2625 1205 2682 enim
1226 2643 1258 2682 ea
1272 2626 1353 2684 hodie
1367 2627 1395 2682 in
1409 2626 1532 2684 ecclesiis
1545 2625 1645 2682 Christi
1658 2624 1814 2698 evangelica

163 2719 290 2785 exsultat,
320 2716 441 2789 nunquid
474 2733 530 2772 non
561 2730 733 2786 consequens
759 2723 814 2783 εει,
841 2724 872 2771 ut
903 2722 963 2770 tan·
1017 2712 1097 2770 lectio
1113 2715 1249 2780 recitatur,
1271 2716 1300 2770 in
1322 2714 1487 2788 quamulier
1509 2714 1655 2772 benedicta
1674 2715 1702 2770 in
1722 2714 1816 2771 mulie·

164 2817 220 2862 tum
234 2807 327 2880 lugeat
343 2807 386 2862 hic
401 2814 495 2861 noster
512 2803 627 2860 inferior
642 2804 759 2860 mundus
773 2805 834 2874 ejus
858 2804 962 2859 absen·
1018 2803 1093 2859 ribus
1119 2805 1258 2876 excepisse
1280 2803 1439 2876 intelligitur
1466 2803 1658 2861 Salvatoremi
1682 2802 1774 2862 Credo
1788 2811 1816 2859 ut

163 2895 251 2952 tiami
269 2897 365 2953 Cesset
387 2903 479 2950 tamen
503 2893 615 2966 quercla
638 2900 740 2958 nostra,
767 2892 830 2964 quia
847 2909 897 2948 nee
911 2908 963 2949 no·
1018 2892 1166 2964 haecquam
1182 2892 1361 2958 celebramus,
1381 2890 1476 2950 axilla
1494 2892 1666 2965 susceptione
1683 2891 1817 2964 aliquate-

1843 462 1858 491 ·.

1841 502 1858 543 Γ

174 1082 214 1137 De
227 1082 338 1152 gemino
351 1079 537 1151 susceptione,
550 1076 656 1134 Christi
669 1077 777 1135 scilicet
796 1077 937 1134 etltora'ae.

164 2984 206 3039 bis
226 2984 269 3041 hic
293 2992 332 3040 est
356 2999 470 3039 manens
490 2982 602 3053 civitas3
626 2982 676 3037 sed
704 2997 763 3037 eam
792 2981 963 3054 inquirimus,
981 2958 1002 3038 e
1019 2997 1070 3036 nus
1099 2980 1256 3046 aestimetnr,
1280 2981 1334 3039 imo
1361 2990 1391 3038 ut
1404 2983 1481 3051 iuxta
1504 2981 1576 3038 illius
1598 2979 1817 3037 inestimabilem

163 3073 295 3146 adquam
316 3071 497 3128 hodiellaria
517 3071 964 3142 benedictapervenit.1nqnasi
1019 3068 1130 3144 gloriam
1161 3070 1356 3126 inaestimabilis
1391 3076 1572 3142 cognoscatur
1599 3078 1627 3127 et
1658 3068 1722 3126 ista.
1750 3067 1817 3138 Quis

164 3163 310 3234 conscripti
330 3162 404 3217 cives
424 3178 527 3226 sumus,
552 3161 664 3235 dignum
683 3158 806 3234 proiecto
828 3167 870 3215 est
884 3160 965 3216 etiam
1019 3158 1103 3227 enim,
1130 3159 1235 3214 etiamsi
1249 3159 1348 3232 linguis
1370 3159 1507 3215 hominum
1530 3157 1747 3230 angelorumque
1773 3157 1816 3213 lo-

163 3250 192 3304 in
215 3250 321 3314 exsilio,
338 3251 419 3304 etiarn
445 3266 530 3320 super
549 3249 661 3305 {lumina
679 3249 825 3321 Babylonis
841 3251 901 3319 ejus
915 3264 966 3305 nos
1019 3255 1127 3320 quatur,
1152 3248 1288 3319 explicare
1312 3256 1394 3320 queat
1428 3249 1657 3321 quemadmodum
1684 3262 1816 3318 superve-

165 3337 314 3404 recordari,
341 3339 400 3407 ejus
419 3337 619 3394 communicare
638 3337 754 3409 gaudiis,
771 3339 832 3407 ejus
850 3337 964 3408 partici—
1020 3336 1112 3392 niente
1140 3338 1250 3409 Spiritu,
1274 3339 1452 3394 obumbrante
1474 3338 1574 3394 virtute
1597 3335 1740 3398 ditissimi.
1755 3350 1818 3393 caro

165 3441 230 3497 pare
253 3424 384 3493 laetitiam,
412 3426 583 3496 maximeque
607 3423 696 3481 996
720 3440 790 3491 cam,
822 3442 882 3496 quae
911 3433 965 3480 tam
1019 3425 1288 3481 iactumsitVerbum
1298 3424 1819 3497 Dei,perqnodiactasuntomnia3ct

164 3513 276 3585 copioso
301 3513 402 3585 impetu
431 3511 549 3569 latificat
578 3513 658 3569 hodie
687 3513 824 3569 civitatem
856 3513 917 3579 Dei,
937 3523 966 3570 ut
1019 3514 1150 3570 Darninus
1159 3515 1310 3586 majestatis
1322 3531 1404 3586 quem
1419 3530 1473 3572 noa
1487 3514 1559 3586 capit
1571 3513 1736 3570 universitas
1745 3528 1819 3570 crea·

165 3603 314 3658 sentiamus
336 3610 364 3659 et
378 3602 428 3674 ipsi
452 3601 588 3658 stillicidia
609 3601 736 3658 stillantia
752 3618 836 3672 suaper
854 3611 965 3659 terram.
1021 3609 1096 3670 turae,
1109 3603 1310 3672 intravirginea
1321 3601 1819 3660 seseclauseritviscerasactnshomoi

164 3693 304 3749 Praecessit
319 3708 370 3748 nos
384 3692 477 3767 regina
493 3701 594 3753 nostra.
620 3691 769 3761 precessit,
787 3698 814 3746 et
836 3699 889 3747 tarn
904 3692 966 3765 glo·
1056 3694 1082 3748 ι.
1098 3693 1152 3749 Sed
1171 3702 1199 3749 et
1217 3692 1282 3748 illud
1299 3691 1360 3764 quis
1383 3692 1426 3748 vel
1450 3690 1572 3766 cogitare
1594 3688 1721 3757 sufficiat,
1737 3706 1820 3762 quam

166 3781 237 3838 riose
256 3790 382 3855 suscepta
397 3791 449 3847 est,
465 3790 495 3836 ut
515 3780 676 3837 fiducialiter
690 3789 840 3852 sequantur
870 3781 965 3836 llomi-
1020 3781 1139 3856 gloriosa
1156 3781 1238 3837 hodie
1260 3781 1352 3835 mundi
1367 3780 1462 3854 regina
1477 3778 1653 3851 processerit,
1672 3787 1702 3834 et
1715 3785 1819 3851 quanto

164 3887 228 3927 narn
237 3871 336 3928 servuli
344 3871 506 3928 clamantes:
519 3871 606 3928 Troiae
616 3887 664 3929 aoa
674 3875 737 3945 post
751 3872 835 3939 te;ia
854 3872 966 3929 odorem
1020 3870 1173 3927 devotionis
1187 3868 1285 3924 aflectu
1304 3869 1402 3924 totuin
1425 3871 1486 3938 ejus
1501 3883 1643 3924 occursum
1665 3865 1820 3924 censuum

165 3967 380 4034 unquentorum
391 3966 664 4017 irroramcarremos
676 3961 772 4029 (dont.
786 3976 806 4024 r,
822 3959 859 4032 3).
877 3961 967 4015 hdvo·
1020 3958 1156 4029 legionum
1179 3958 1311 4029 prodierit
1330 3958 1492 4029 multitud03
1514 3956 1612 4028 quibus
1637 3957 1672 4012 ed
1692 3957 1821 4012 thronum

57 4102 64 4115 ,
165 4057 252 4104 catam
282 4050 411 4120 praemisit
434 4047 618 4122 peregrinatio
643 4057 745 4114 nostra,
762 4057 966 4122 quaetanquam
1020 4047 1114 4120 gloriae
1143 4047 1253 4103 canticis
1276 4047 1311 4101 sit
1333 4047 1467 4112 deducta;
1489 4061 1570 4118 quam
1594 4044 1701 4116 placido
1732 4044 1818 4112 vultu,

164 4138 266 4194 indicis
284 4147 381 4203 mater,
398 4144 426 4192 et
440 4145 527 4192 mater
541 4137 743 4199 misericordiae,
763 4137 919 4208 suppliciter
939 4147 966 4193 et
1020 4153 1101 4207 quam
1118 4151 1215 4192 serena
1239 4134 1317 4202 iacie,
1343 4150 1423 4207 qnam
1442 4134 1510 4190 laetis
1524 4133 1618 4207 inlisa,
1634 4131 1741 4206 divinis]
1759 4149 1820 4189 am-

165 4225 416 4284 elhcacitersalutis
430 4231 531 4281 nostrae
550 4225 659 4297 negotia
670 4225 856 4296 pertractabit.
980 4255 1003 4333 ὓ
1020 4225 1145 4296 plexibus
1160 4233 1285 4293 suscepta
1299 4237 1315 4276 a
1330 4223 1406 4294 Filio,
1432 4232 1461 4279 et
1479 4239 1561 4295 super
1574 4237 1683 4279 omnem
1701 4222 1822 4278 exalmta

200 4319 229 4371 2.
244 4316 394 4374 Pretiosum
410 4315 491 4370 hodie
506 4331 605 4369 munus
625 4326 697 4369 terra
711 4321 803 4367 nostra
818 4313 916 4369 direxit
936 4315 963 4370 in
1019 4322 1181 4379 creaturam,
1203 4328 1264 4368 cum
1284 4328 1317 4368 eo
1337 4313 1452 4376 honore,
1474 4327 1528 4385 quo
1548 4319 1622 4367 tanta
1636 4317 1724 4366 mater
1738 4311 1821 4385 digna

164 4404 274 4473 coelum,
299 4403 432 4460 utdando
456 4414 484 4459 ct
516 4402 674 4474 accipiendo
695 4402 763 4457 latici
786 4402 963 4459 amicitiarum
1019 4404 1078 4463 init,
1101 4419 1163 4458 cum
1185 4417 1218 4458 ea
1239 4401 1336 4476 gloria,
1364 4418 1425 4472 quae
1451 4409 1554 4456 tautum
1578 4399 1668 4456 decuit
1695 4399 1820 4455 Filium?

164 4493 270 4550 ioedere
290 4493 451 4566 copulentur
464 4493 581 4548 hnmana
600 4491 707 4556 divinis,
722 4499 832 4547 terrena
845 4491 963 4548 coelcsti·
1018 4492 1117 4549 Felicia
1137 4506 1250 4562 prorsus
1264 4490 1357 4546 oscula
1376 4489 1452 4545 labiis
1475 4489 1610 4560 impressa
1628 4487 1765 4553 ments,
1776 4491 1821 4547 cui

165 4584 227 4652 bns,
246 4583 301 4639 ima
323 4583 446 4639 summis.
474 4582 521 4638 llio
541 4581 614 4637 enim
629 4581 752 4637 ascendit
768 4581 870 4637 fructus
884 4588 964 4638 terrae
1018 4581 1142 4654 virgineo
1156 4590 1245 4635 mater
1256 4578 1437 4650 applaudebat
1448 4578 1476 4633 in
1497 4577 1614 4650 gremio.
1629 4579 1729 4635 Verum
1750 4592 1821 4632 nnn·

166 4673 297 4738 sublimis,
323 4674 396 4729 unde
420 4671 483 4726 data
503 4671 614 4743 optima,
641 4678 670 4725 at
688 4671 758 4725 dona
777 4670 898 4740 periente
911 4671 963 4727 de·
1019 4670 1084 4743 quid
1099 4684 1153 4724 non
1173 4668 1296 4724 leticiora
1311 4667 1494 4732 censebimus,
1510 4682 1571 4738 quta
1585 4667 1620 4720 ab
1635 4680 1683 4722 ore
1697 4664 1822 4721 sedentis

164 4761 309 4821 scendunt.
338 4759 496 4817 ascendens
521 4774 588 4833 ergo
617 4758 643 4812 in
671 4758 755 4813 altum
778 4758 855 4832 virgo
874 4760 964 4830 beata,
1019 4759 1048 4814 in
1061 4760 1174 4815 dextera
1187 4757 1273 4812 Patris
1283 4757 1364 4812 hodie
1379 4758 1405 4810 in
1418 4757 1497 4812 beata
1512 4754 1677 4812 salutatione
1687 4753 1820 4825 suscepit,

165 4849 240 4905 dabit
263 4849 323 4922 ipsa
345 4865 453 4922 qnoque
475 4849 547 4903 dona
566 4846 730 4902 hominibus.
746 4846 845 4916 Quidni
863 4847 964 4904 dareti
1019 4865 1081 4905 cum
1102 4846 1264 4902 ascenderet
1287 4843 1320 4898 ad
1341 4846 1467 4899 thronum
1490 4843 1594 4917 gloriae,
1614 4841 1821 4914 epithalamium

164 4938 302 5008 Siquidem
317 4955 369 4995 nec
382 4938 495 4995 facultas
505 4936 531 4991 ei
540 4937 638 4992 deesse
648 4935 758 5007 poterit,
768 4950 819 4990 nec
829 4935 963 4993 voluntas.
1019 4952 1131 5004 canens,
1147 4939 1174 4991 et
1188 4934 1299 4989 dicens:
1317 4934 1465 4990 osculetur
1491 4949 1535 4992 me
1557 4933 1652 4989 osculo
1673 4931 1732 4989 oria
1750 4929 1824 4987 rai?

165 5025 270 5098 Regina
283 5027 413 5084 ooelornm
438 5034 491 5092 est,
505 5024 661 5082 misericors
683 5031 743 5088 est;
763 5023 883 5094 denique
906 5040 965 5078 ma·
1020 5026 1117 5096 (Cant.
1132 5039 1152 5087 r,
1169 5024 1210 5093 l.)
1223 5022 1322 5076 Christi
1337 5021 1556 5094 generationem,
1571 5028 1599 5077 et
1613 5019 1705 5076 blarira
1718 5035 1822 5076 assum

165 5123 207 5173 ter
229 5121 271 5172 est
306 5115 429 5188 unigenti
464 5115 523 5172 Filii
544 5113 604 5170 Dei.
629 5112 701 5169 Nihil
725 5112 798 5170 anim
821 5112 967 5185 siepotest
1020 5113 1140 5185 ptionem
1159 5111 1221 5183 quis
1243 5108 1409 5166 enarrabit?
1432 5109 1567 5176 Quantum
1586 5108 1660 5165 enim
1682 5107 1778 5184 gratiae
1792 5108 1821 5163 in

164 5202 308 5278 potcstatis
330 5205 391 5274 eins
405 5221 454 5262 seu
468 5205 575 5278 pietatis
599 5202 813 5278 magnitudinem
828 5217 967 5258 commen-
1021 5201 1101 5259 terris
1126 5201 1225 5272 adepta
1249 5206 1292 5255 est
1305 5213 1361 5268 prae
1385 5199 1503 5269 crateris,
1523 5207 1626 5254 tantum
1642 5208 1671 5254 et
1692 5198 1721 5253 in
1742 5196 1822 5254 coelis

164 5294 247 5352 dare:
269 5293 322 5350 nisi
345 5292 415 5350 forte
434 5302 548 5350 autnon
567 5295 687 5349 creditur
709 5291 758 5347 Dei
779 5291 860 5347 Filius
875 5293 965 5348 hono·
1020 5292 1126 5350 obtinet
1148 5287 1242 5361 gloriae
1256 5286 1414 5356 singularis.
1428 5286 1505 5353 Quod
1520 5287 1542 5343 si
1556 5287 1653 5344 oculus
1667 5302 1724 5343 non
1736 5286 1819 5353 vidit,

165 5400 227 5441 rare
253 5392 388 5451 matrem;
408 5391 454 5438 ant
478 5383 602 5440 dubitare
624 5382 684 5455 quis
706 5388 797 5454 potest
811 5381 922 5438 omnino
936 5381 965 5439 ia
1020 5397 1072 5439 nec
1089 5380 1161 5436 auria
1175 5376 1286 5446 audivit,
1307 5374 1400 5430 necin
1415 5389 1463 5457 cor
1479 5375 1596 5432 hominis
1609 5375 1744 5444 ascendit,
1759 5390 1823 5448 qua

163 5472 291 5531 attemum
304 5471 442 5532 charitatis
455 5471 584 5528 transisse
600 5471 691 5529 daria
711 5471 827 5540 viscera,
851 5470 880 5527 in
905 5470 965 5544 qui-
1019 5466 1181 5543 praeperavit
1207 5467 1280 5522 beas
1298 5461 1473 5535 diligenthus
1491 5478 1541 5520 ae:
1567 5463 1640 5536 quod
1658 5462 1823 5537 preparavit
