3734 5948
50 204 106 266 επ
545 251 548 255 ,
672 192 843 257 saltuosas
862 194 896 258 ΙΝ
915 197 1066 259 crustas.
1646 205 1700 270 ⁸74
1767 253 1769 257 ,

50 329 87 387 de
109 341 223 389 eurem
243 326 373 381 animem
394 337 488 381 meum
511 320 600 394 (Prot.
621 335 694 392 mur,
717 321 757 394 s).
778 320 857 381 Dicat
870 324 1149 416 pitticetmtm'rtcr
1161 339 1240 382 meur
1255 325 1413 396 oritorum
1432 345 1486 401 ιιι,
1499 333 1555 408 tu).
1569 335 1701 398 Dicebant

50 417 179 490 proinde,
202 414 277 472 dicat
299 428 362 471 cum
387 411 488 487 gemitu
512 409 593 467 etiam
616 424 717 484 sponsa
736 428 744 464 r
768 410 854 468 lrelte
906 429 971 487 erqo
984 414 1151 486 gloriantes:
1164 415 1232 471 Eece
1245 428 1296 470 uos
1309 414 1478 490 reliquimus
1491 426 1600 495 omum,
1613 431 1642 486 ut
1655 445 1700 487 ie-

50 525 99 565 nte
113 510 177 579 post
193 511 220 562 te
231 504 313 576 ,·quia
323 515 424 573 corpus
438 500 511 572 quod
522 499 713 569 corrumpitur,
725 509 856 572 aggravat
908 503 971 561 cutt'
986 518 1087 559 sumus
1102 505 1130 558 tc
1142 500 1254 573 (tutte.
1268 517 1330 569 arx,
1344 505 1397 576 til.

50 596 181 661 animam,
213 601 239 650 et
270 589 401 663 deprimit
427 597 533 645 terrena
559 585 718 644 inhabitatio
743 602 854 645 mosum
942 594 969 646 3.
996 591 1041 646 Sic
1068 592 1157 661 itaque
1185 597 1213 645 et
1238 590 1335 648 dilecta
1362 599 1417 665 tua,
1447 595 1549 653 relictis
1575 602 1705 660 omnibus

51 687 139 740 multa
153 683 318 755 cogitantem
328 679 407 752 (Sep.
423 692 461 744 rs,
477 677 531 748 le).
543 675 587 731 llu
599 677 651 732 hoc
661 675 854 748 dicatcupieus
906 688 1067 752 propterte,
1083 679 1249 751 concupiscit
1269 696 1376 753 semper
1395 682 1434 739 ire
1454 693 1515 752 nost
1534 696 1570 758 te,
1593 705 1702 766 semper

52 772 168 830 dissolvi
183 781 209 828 et
228 787 289 828 esse
303 785 366 825 rum
380 766 498 836 Christo,
517 766 668 838 presertim
682 765 746 821 dum
765 765 856 823 rideat
907 768 962 825 tuis
973 768 1103 825 inhaerere
1118 767 1249 842 vestigiis,
1265 784 1297 827 ac
1315 771 1391 843 sequi
1406 781 1431 828 te
1444 791 1605 849 quocunque
1618 779 1700 836 ieris:

53 879 111 928 eas,
122 869 233 934 propter
242 875 310 930 quas
319 872 430 913 manere
440 857 527 927 ipsam
538 853 567 910 iu
580 870 660 910 carne
669 855 853 911 necessarium
907 858 997 912 sciens
1017 856 1145 929 quoniam
1172 857 1225 911 vie
1255 866 1307 913 tuae
1330 858 1378 915 rire
1401 861 1528 932 putenrae,
1551 874 1579 922 et
1605 882 1702 925 omnes

52 949 196 1006 ridebatur
221 945 357 1018 (Philipp.
381 957 401 1011 r,
429 945 475 1008 23,
498 942 555 1011 lt),
584 941 652 996 bene
680 939 854 1012 proficientes
905 948 1009 1001 semiue
1033 953 1086 1002 tuae
1108 944 1244 1017 paridem
1259 954 1287 1001 et
1304 949 1369 1018 quia
1386 951 1434 1020 qui
1453 953 1575 1025 seqnitur
1594 962 1630 1023 te,
1645 973 1700 1014 uon

54 1053 145 1094 armare
163 1038 219 1106 iarn
243 1049 385 1106 sponsum,
408 1044 434 1088 et
460 1041 531 1088 stare
549 1030 577 1086 in
607 1037 664 1085 tuto
691 1030 853 1087 charitatis?
906 1034 1024 1091 ambulat
1038 1033 1065 1089 in
1080 1036 1210 1090 tenebris.
1231 1035 1361 1092 Precatnr
1381 1049 1472 1097 autem
1495 1059 1524 1098 se
1539 1045 1618 1113 tratri,
1633 1063 1702 1118 quo-

55 1127 197 1198 Siquidem
225 1126 277 1180 hoc
301 1121 466 1194 praemiserat
489 1137 497 1174 ε
525 1122 688 1193 Propterea,
716 1118 853 1192 iuquiens,
907 1122 978 1176 uiam
999 1120 1103 1191 justitia
1125 1129 1172 1177 tua
1194 1121 1264 1179 sicut
1284 1136 1390 1181 montes
1411 1128 1471 1198 Dei,
1486 1145 1535 1186 uec
1549 1130 1649 1189 sufficit
1666 1131 1702 1188 sd

54 1215 276 1275 adolescentule
286 1213 452 1270 didicerunt
462 1215 499 1268 te.
510 1209 589 1265 Nunc
600 1224 667 1280 argo
681 1210 756 1281 quasi
770 1208 851 1266 dicat.
906 1212 976 1269 illam
990 1211 1047 1268 suis
1062 1210 1175 1267 uiribus.
1191 1213 1319 1269 Precatur
1328 1230 1358 1270 se
1373 1217 1452 1283 trahi,
1464 1228 1493 1274 ut
1506 1223 1624 1288 assolat;
1639 1222 1702 1294 quia

53 1305 125 1362 Ecce
148 1301 358 1360 adolescentulas
378 1307 469 1355 amant
492 1309 529 1366 tc,
550 1307 576 1354 ot
599 1298 715 1361 maudo
743 1295 854 1355 firmiter
907 1315 987 1357 uarro
999 1300 1113 1356 venitad
1128 1307 1165 1366 te,
1178 1299 1229 1355 nisi
1244 1303 1321 1358 Pater
1331 1312 1393 1360 tuus
1408 1305 1517 1361 traxerit
1530 1324 1594 1367 eum
1608 1310 1700 1383 (donn.

55 1391 191 1450 iuberent
218 1389 280 1455 tibi,
307 1404 404 1459 meque
430 1385 540 1451 minime
567 1385 623 1455 jam
651 1400 722 1456 opus
743 1385 852 1452 hamul,
907 1403 947 1456 rr,
963 1387 1018 1459 tt).
1038 1389 1122 1444 Porro
1135 1401 1204 1460 quos
1217 1390 1296 1445 Pater
1309 1391 1400 1458 trahit,
1419 1394 1503 1451 trahis
1517 1404 1544 1452 et
1557 1407 1596 1453 tn.
1612 1397 1703 1469 Opem

53 1479 210 1536 nudamini
232 1478 356 1536 causatu
379 1476 432 1532 hac
445 1474 499 1532 rita
520 1474 631 1531 ulterius
649 1471 852 1540 commorandis
907 1479 1006 1549 quippe
1021 1477 1172 1548 quererer
1187 1474 1259 1542 iacit,
1274 1478 1333 1534 haee
1345 1488 1372 1534 et
1391 1481 1475 1536 Filius
1488 1483 1614 1541 similiter
1628 1486 1702 1546 tacit.

53 1568 155 1626 idcirco
170 1568 217 1634 ait,
237 1565 323 1624 uate
337 1582 382 1622 ute
395 1568 456 1637 post
472 1567 508 1619 te.
909 1565 963 1622 Sed
989 1564 1147 1620 familiarius
1169 1580 1185 1619 a
1207 1564 1274 1621 Filio
1298 1566 1415 1636 postulat
1435 1570 1514 1637 trahi,
1533 1580 1659 1644 tunquam
1687 1579 1704 1631 s

92 1662 119 1713 2.
145 1657 202 1713 Hoc
223 1654 350 1712 sentirem
375 1652 399 1708 si
425 1652 546 1722 dixisset,
570 1650 660 1705 Trahe
685 1664 728 1704 me
756 1646 790 1702 ad
818 1655 852 1703 lt·
870 1616 894 1695 Β
909 1669 1010 1726 sponso
1030 1653 1140 1726 proprio
1156 1654 1244 1726 llll),
1268 1670 1349 1727 quem
1363 1657 1441 1713 Pater
1461 1661 1536 1715 misit
1548 1661 1656 1720 obviam
1670 1665 1696 1721 ei

55 1747 134 1803 Nunc
148 1760 213 1802 vero
227 1743 291 1818 quia
315 1740 389 1811 dicit,
404 1745 467 1813 post
485 1746 522 1806 tr,
538 1738 625 1811 magis
639 1736 706 1793 illud
726 1735 792 1790 mihi
806 1749 855 1806 po-
909 1743 1005 1799 dnuem
1019 1754 1267 1813 inpreceptorum,
1284 1743 1331 1815 qui
1345 1744 1398 1801 sibi
1412 1747 1522 1817 μείω)
1542 1749 1570 1805 q„
1585 1751 1627 1807 vj,
1643 1767 1703 1809 mo,

55 1834 158 1892 stulare
171 1832 288 1899 ridetur,
305 1838 335 1886 ut
348 1827 562 1887 conversationis
572 1824 731 1899 einsralest
744 1823 856 1897 resipis
909 1847 979 1900 rum,
995 1839 1023 1887 et
1044 1840 1209 1903 praepararet
1224 1833 1275 1888 iter
1293 1832 1433 1903 virtutum,
1454 1843 1482 1892 et
1503 1836 1624 1896 erudiret
1641 1856 1702 1900 enm

57 1922 145 1996 sequi,
159 1928 189 1977 ttt
201 1919 289 1994 possit
302 1918 425 1976 aemttltri
439 1918 615 1985 ιίῐῑΰῑθῦὶιθῑ
627 1929 751 1970 ”mmm
765 1920 857 1969 tenere
909 1919 980 1978 sicut
1006 1918 1192 1990 semetipsum,
1212 1927 1240 1975 et
1269 1919 1341 1975 uiam
1364 1922 1515 1992 prudentiae
1536 1925 1654 1997 doceret,
1676 1937 1704 1985 et

56 2010 131 2076 vitae,
146 2020 173 2066 et
186 2025 294 2066 morum
310 2016 391 2081 queat
406 2006 610 2079 apprehendere
627 2003 810 2076 disciplinam.
825 2001 857 2056 ln
908 2009 1025 2065 uideret
1041 2010 1067 2066 ei
1086 2008 1176 2082 legem
1190 2008 1253 2065 siue
1271 2020 1299 2066 et
1313 2008 1482 2082 disciplinam
1505 2012 1585 2068 etsie
1607 2015 1708 2073 merito·

57 2098 100 2153 his
113 2098 212 2171 quippe
229 2098 346 2155 maxime
369 2112 438 2169 opus
457 2105 498 2153 est
519 2095 665 2166 adjutorio,
689 2108 744 2167 qno
768 2092 857 2149 valeat
910 2097 969 2172 ipse
982 2098 1188 2170 concupisceret
1206 2100 1332 2155 decorem
1345 2099 1416 2170 ejus.

56 2187 194 2260 abnegare
207 2187 393 2260 semetipsam,
407 2194 435 2242 et
448 2183 545 2240 tollere
558 2197 666 2240 crucem
679 2197 766 2249 suam,
783 2188 809 2238 et
817 2177 857 2235 sic
945 2188 973 2243 t.
992 2187 1079 2245 lente
1091 2204 1137 2244 me
1149 2191 1213 2260 port
1227 2191 1266 2254 te,
1280 2190 1312 2245 t'u
1326 2187 1409 2245 edere
1421 2194 1631 2262 unquentorum
1642 2196 1703 2250 tue·

56 2278 135 2351 sequi
161 2278 309 2335 curtatum.
339 2277 388 2332 llic
414 2289 526 2347 prorsus
549 2272 619 2329 naui
642 2287 753 2329 urcoese
775 2271 858 2327 habet
910 2291 976 2332 rum
985 2291 1145 2334 cuneatur.
1155 2277 1377 2348 Proptereaopus
1386 2276 1473 2333 habeo
1488 2278 1568 2350 tratri,
1576 2279 1708 2351 quoniam-

56 2382 169 2438 spousa,
184 2383 233 2422 uec
253 2381 318 2422 sane
333 2364 403 2420 tratri
418 2364 452 2418 ab
467 2363 520 2418 atio
533 2377 616 2435 qnam
638 2362 672 2417 ab
685 2375 718 2418 eo
736 2359 797 2430 ipso
810 2359 856 2431 qui
911 2364 1036 2437 refriguit
1056 2363 1193 2436 paulisper
1215 2363 1244 2418 in
1263 2366 1341 2422 uobis
1354 2365 1427 2438 iguis
1448 2368 1549 2426 auroris
1570 2369 1629 2436 tui;
1655 2385 1706 2427 uec

57 2456 110 2513 ait:
128 2457 193 2514 Sine
203 2454 460 2526 meniiitpotesttt
471 2449 723 2524 interciderunt,
734 2451 773 2522 5).
783 2448 857 2518 Scio,
911 2453 1031 2510 ualemus
1045 2470 1061 2509 a
1075 2452 1141 2511 lacte
1154 2451 1267 2527 trigoris
1289 2450 1371 2526 hujus
1394 2469 1505 2513 currere
1527 2457 1621 2526 modo,
1636 2457 1706 2516 sicut

58 2544 155 2617 iuquit,
170 2560 214 2600 me
232 2558 401 2617 nequaquam
422 2557 502 2614 posse
525 2539 666 2612 pervenire
690 2541 725 2594 ad
749 2548 784 2608 te,
807 2537 858 2593 nisi
911 2542 972 2597 heri
986 2552 1014 2598 et
1031 2541 1234 2598 nudiustertius.
1250 2543 1397 2599 Curremus
1410 2550 1501 2601 autem
1524 2552 1628 2617 postes,
1643 2561 1705 2604 cum

57 2633 207 2709 gradiendo
224 2643 285 2706 post
300 2639 344 2700 te;
360 2631 409 2689 sed
418 2646 506 2704 neque
516 2630 569 2686 hoc
583 2628 704 2701 qnidam,
716 2626 769 2684 nisi
780 2628 858 2698 adiu-
911 2630 1062 2688 reddideris
1075 2630 1199 2687 laetitiam
1213 2630 1338 2688 edutaris
1351 2631 1402 2702 tui,
1411 2647 1474 2689 cum
1485 2634 1596 2690 redierit
1610 2636 1706 2695 melior

59 2733 115 2782 tam
129 2724 177 2780 abs
191 2731 215 2779 te
239 2741 247 2779 ι
264 2721 378 2795 ideoque
398 2736 496 2794 precor
514 2731 544 2776 ut
566 2719 656 2776 uanas
677 2733 721 2774 me
740 2725 801 2789 post
820 2724 856 2773 te.
912 2719 1058 2791 temperies
1071 2719 1176 2791 gratiae,
1187 2735 1249 2775 cum
1259 2720 1305 2776 Sol
1317 2720 1429 2790 justitie
1443 2722 1538 2778 iterum
1553 2723 1704 2795 incaluerit,

59 2815 162 2871 Beatus
176 2811 312 2884 siqnidem
325 2813 409 2884 cujus
422 2816 465 2869 ert
478 2810 624 2868 auritium
638 2808 685 2865 nir
700 2815 744 2878 tc,·
763 2824 859 2867 macu-
911 2816 938 2866 et
952 2811 1135 2884 pertransierit
1149 2809 1305 2867 tentationis
1323 2813 1419 2883 nubes,
1432 2826 1494 2884 quae
1508 2816 1580 2869 hunc
1600 2815 1708 2885 operire

59 2905 151 2965 sicum
166 2919 198 2959 tu
211 2904 292 2960 corde
306 2918 356 2959 ruo
371 2903 508 2976 disposuit
523 2903 555 2957 tn
573 2901 647 2956 unite
666 2900 860 2973 tucryuturum
874 2900 897 2980 c
913 2898 947 2952 sd
961 2900 1053 2954 nomm
1066 2897 1195 2963 cernitur,
1205 2909 1286 2968 atque
1301 2901 1335 2952 ad
1348 2898 1434 2954 leuem
1449 2899 1540 2955 mrum
1553 2902 1709 2958 auroeblan-

61 2995 150 3066 (Psut.
167 3008 282 3060 unxsrn,
297 2995 338 3064 6),
353 3002 535 3064 perventurus
550 2992 711 3064 quaudoque
730 2991 764 3047 ad
788 2998 815 3045 te
829 2989 859 3044 iu
911 2986 1085 3043 diorissolito
1095 2987 1229 3059 coeperiut
1240 2987 1709 3059 ungusnultquescereeraromatr

60 3083 199 3140 montibus
212 3083 381 3157 gaudiorum.
397 3081 484 3153 Quam
497 3080 575 3152 pauci
587 3090 652 3153 post
665 3088 703 3151 ts,
717 3079 860 3137 ollomins
911 3076 1004 3147 tlnere,
1023 3083 1051 3133 et
1074 3078 1138 3132 dare
1161 3084 1273 3133 odorem
1296 3090 1385 3131 suurn.
1410 3077 1486 3133 Tunc
1505 3093 1655 3146 curremus,
1680 3080 1709 3135 in

57 3171 135 3241 Jesu,
150 3175 190 3228 ire
203 3173 298 3229 volunt
311 3170 318 3226 t
332 3187 395 3228 cum
414 3182 504 3228 tamen
526 3174 560 3228 ad
577 3181 604 3227 te
625 3171 766 3242 pervenire
780 3184 859 3225 uerno
911 3166 994 3223 odore
1008 3165 1054 3221 illo
1068 3181 1217 3222 curremus.
1235 3163 1417 3235 Spirautltrus,
1432 3164 1552 3238 iuquam,
1566 3166 1711 3240 unquonde

60 3263 97 3318 sit
107 3263 155 3333 qui
169 3262 245 3335 nolit,
261 3263 313 3318 hoc
327 3261 477 3319 scientibus
491 3259 604 3329 cunctis,
620 3258 684 3330 qnia
698 3257 860 3317 delectatio·
912 3271 1063 3326 currsntns,
1085 3257 1214 3328 qnoniam
1237 3255 1363 3311 abscedet
1385 3265 1478 3327 torpor
1497 3255 1546 3327 qui
1567 3272 1640 3313 nnuc
1657 3263 1709 3325 est,

60 3368 110 3409 uer
123 3348 230 3408 138¹
247 3352 468 3408 indenterutuc
480 3348 704 3422 usquciufinem
717 3348 859 3419 (Pectus,
912 3356 939 3403 et
952 3351 1105 3402 revertetur
1126 3345 1244 3412 devotio,
1270 3352 1299 3399 et
1317 3345 1444 3414 jamnon
1468 3344 1521 3402 erit
1544 3360 1613 3419 opus
1630 3344 1711 3402 uobis

62 3441 322 3511 tl).Etpropterea
345 3439 549 3496 noluntomues
568 3449 595 3495 ta
615 3437 677 3508 frui,
699 3446 727 3494 at
748 3435 860 3493 nonita
914 3441 943 3491 ut
969 3437 1115 3505 trahamur,
1144 3433 1248 3507 quippe
1274 3433 1360 3490 odora
1393 3433 1525 3503 excitatis,
1556 3446 1585 3492 ut
1612 3444 1711 3508 sponte

61 3538 89 3591 et
101 3529 216 3598 imitari3
241 3543 408 3600 conregnare
430 3527 555 3599 cupiunt,
579 3525 628 3583 sed
651 3541 706 3582 uon
731 3525 860 3597 compati.
913 3540 1060 3580 curramus.
1080 3525 1159 3581 Nunc
1173 3538 1236 3581 voro
1249 3521 1358 3578 iuterim
1375 3523 1458 3581 trultc
1470 3538 1518 3581 nte
1529 3528 1595 3597 port
1610 3529 1649 3582 te.
1665 3524 1712 3582 vt-

59 3614 288 3686 Exhiseratille
307 3615 354 3686 qui
375 3613 506 3670 dicebat:
524 3613 775 3669 llort'muruuimc
796 3628 860 3671 mcc
913 3613 998 3670 desue
1023 3613 1099 3670 illum
1130 3613 1176 3686 qui
1203 3612 1232 3668 iu
1258 3612 1356 3684 spiritu
1381 3613 1514 3685 ambulat,
1541 3628 1712 3686 nequaquam

61 3700 861 3780 mortejustorum,etfieutuouusimcmecherumsimilis
913 3718 1071 3777 permanere
1086 3702 1114 3758 iu
1128 3717 1182 3759 uno
1195 3710 1280 3770 statu,
1293 3715 1343 3756 uec
1357 3703 1452 3756 eadem
1461 3716 1571 3775 semper
1584 3701 1712 3762 facilitate

62 3797 158 3869 (Num.
184 3810 260 3863 ιιιιι,
283 3795 340 3866 ro).
360 3792 480 3864 Optabat
502 3791 554 3873 sibi
578 3800 699 3849 extrema
711 3792 858 3863 justorum,
914 3791 1056 3866 prolicere,
1070 3798 1098 3847 et
1120 3792 1193 3863 quod
1215 3791 1318 3846 nonsit
1335 3788 1487 3846 inhomine
1502 3790 1546 3848 tia
1568 3791 1648 3863 ejus;
1663 3792 1712 3851 sed

63 3886 111 3947 sed
122 3901 176 3950 non
191 3885 227 3939 ita
241 3892 269 3939 et
283 3881 426 3954 principia.
442 3883 558 3938 Mortem
571 3879 752 3952 spiritualium
766 3888 863 3953 optant
912 3881 1140 3953 quemadmodum
1163 3878 1188 3935 ei
1211 3880 1323 3951 spiritus
1344 3878 1509 3951 moderator,
1534 3888 1614 3953 prout
1641 3882 1709 3950 uult,

63 3974 116 4031 sibi
133 3975 215 4030 etiam
227 3972 360 4040 carnales,
370 3986 488 4045 quorum
503 3980 592 4027 tamm
606 3969 689 4028 uitam
702 3970 859 4039 abhorrent,
913 3970 1064 4044 dispensat,
1088 3984 1160 4026 nunc
1179 3969 1303 4042 munius,
1327 3983 1399 4025 nnnc
1421 3968 1538 4028 alacrius
1556 3985 1617 4043 quse
1638 3979 1711 4029 retro

63 4067 181 4124 scientes
195 4064 339 4135 pretiosam
349 4072 464 4121 mortem
475 4078 534 4120 esse
549 4071 704 4120 sanctorum
715 4062 862 4136 :qnoniam
915 4067 979 4115 snut
992 4059 1125 4126 obliuisci,
1141 4068 1168 4114 at
1182 4060 1216 4113 ad
1230 4057 1366 4115 anteriora
1380 4072 1441 4114 sese
1455 4057 1625 4116 extenderet
1640 4059 1710 4118 Puto

62 4169 127 4213 cam
145 4150 252 4209 murts
265 4151 378 4210 dilectis
394 4155 452 4210 suis
465 4167 608 4220 somnum,
630 4167 692 4210 ecce
707 4150 858 4211 toereditnr
875 4186 899 4263 Β
915 4149 1000 4221 qnod,
1015 4149 1066 4205 troc
1074 4151 1164 4220 ipsum
1172 4148 1197 4205 si
1204 4148 1352 4217 attenditis,
1365 4157 1453 4204 vestra
1462 4148 1541 4206 robis
1548 4147 1713 4218 experientis

63 4243 177 4302 Domini
186 4242 271 4315 (Paul.
287 4257 376 4309 cunr,
391 4246 418 4310 2,
430 4242 478 4315 3);
490 4241 593 4314 etquis
607 4241 684 4300 beuti
692 4244 801 4302 mertui
809 4245 859 4315 qui
915 4239 989 4296 intus
1002 4239 1147 4309 respondet
1160 4237 1236 4311 qnod
1250 4252 1301 4309 eqo
1315 4235 1381 4293 ioris
1393 4236 1501 4310 loquor.

63 4334 223 4392 tullentino
233 4335 399 4390 moriuntur
409 4334 504 4405 (lpoc.
515 4346 570 4403 ιιι,
583 4334 628 4405 ll)
640 4346 647 4387 :
659 4347 719 4389 cnm
729 4342 860 4389 econtra·
950 4331 977 4384 ts.
992 4328 1065 4401 Ergo
1079 4343 1141 4384 curn
1156 4337 1182 4385 te
1204 4338 1324 4399 torpore,
1348 4325 1450 4395 acedia,
1467 4325 1510 4383 rel
1532 4325 1613 4383 toedio
1639 4323 1712 4385 allici

63 4427 115 4491 rio,
136 4425 215 4494 juxta
230 4423 367 4494 prophete
390 4421 560 4488 seutentiam,
580 4421 652 4479 llere
678 4426 861 4496 peccatorum
914 4419 1009 4489 sentis,
1024 4420 1080 4475 unli
1094 4428 1236 4491 propterea
1250 4416 1373 4473 dillidere
1388 4423 1434 4472 ant
1447 4415 1576 4474 desistere
1591 4432 1607 4471 a
1620 4417 1712 4476 studio

63 4515 186 4588 pessime
199 4512 234 4569 sit
250 4511 338 4584 (Psoi.
355 4525 449 4582 untur,
473 4510 530 4581 22).
545 4510 606 4567 Nun
621 4522 859 4584 curentquaerere,
914 4509 1067 4583 spirituali;
1091 4508 1140 4564 sed
1160 4506 1282 4577 jurantis
1306 4505 1414 4579 require
1439 4522 1556 4575 manum,
1581 4506 1650 4564 trahi
1683 4514 1711 4564 te

64 4621 144 4677 quern
159 4614 247 4660 tumen
257 4601 414 4657 desiderant
427 4600 561 4668 iuvenire3
572 4609 710 4670 cupientes
720 4601 859 4673 consequi,
914 4605 1059 4656 obsecrans
1079 4612 1185 4668 sponsae
1199 4595 1333 4667 exemplo,
1349 4598 1435 4652 donec
1449 4597 1540 4653 denuo
1562 4599 1711 4654 suscitante

64 4696 186 4751 sednon
209 4699 236 4748 et
256 4690 342 4764 sequi.
364 4688 423 4747 Nou
443 4689 482 4745 sic
502 4688 540 4744 illi
563 4688 661 4760 quibus
683 4687 793 4746 uehat:
815 4691 862 4748 Vos
915 4691 1001 4766 gratia
1036 4687 1125 4749 iactus
1160 4691 1310 4758 promptior
1346 4685 1521 4760 alacriorque,
1550 4703 1654 4758 curras,
1683 4695 1710 4746 ct

65 4784 188 4856 rotisqui
198 4777 778 4855 permansistismecumiumutationibus
791 4782 862 4838 meir
914 4779 1012 4837 dicas:
1033 4777 1111 4836 Viam
1130 4775 1333 4832 mundatorum
1353 4777 1471 4832 tuorum
1491 4777 1619 4843 cucurri,
1641 4790 1708 4836 curn

65 4873 142 4945 (luc.
156 4886 223 4938 ιιιι,
234 4870 291 4943 28).
306 4868 378 4924 Beati
388 4868 436 4941 qni
450 4867 525 4940 digni
539 4867 621 4922 habiti
634 4868 862 4929 snuttestimonio
915 4871 1046 4929 diiustuti
1058 4883 1107 4924 cor
1129 4882 1227 4925 mcum
1249 4867 1328 4938 (Psut
1342 4881 1442 4938 uxurrr,
1459 4867 1519 4939 32).
1537 4865 1582 4923 Sin
1607 4876 1709 4940 autem,

67 4955 862 5030 tuomenignetesutlpsirereraibautpostte,stpedibns
915 4962 1034 5035 qnandiu
1057 4962 1134 5016 adest
1160 4958 1257 5036 qratia,
1283 4957 1417 5015 delectare
1442 4957 1471 5013 iu
1490 4973 1532 5030 ea,
1552 4965 1581 5014 ut
1603 4973 1658 5016 uon
1682 4964 1710 5014 ta

67 5045 479 5105 etaltectilrus.Notaseislecisti
489 5046 625 5112 riseritae,
635 5053 863 5122 vocanseospost
916 5053 1051 5109 existimes
1063 5051 1167 5108 donum
1181 5049 1231 5106 Dei
1243 5049 1304 5119 jure
1319 5047 1490 5104 hereditario
1506 5046 1657 5117 possidere,
1671 5046 1711 5105 ita

66 5147 102 5203 te,
118 5134 235 5210 quintia
248 5135 863 5210 estimesetdrcls,Venitepostruc,sccicru
915 5140 1044 5200 videlicet
1066 5154 1179 5197 securus
1206 5142 1240 5193 de
1263 5153 1307 5202 ao,
1337 5136 1415 5208 quasi
1433 5152 1572 5208 uunquam
1595 5139 1711 5210 perdere

67 5243 112 5286 nes
122 5227 187 5297 lieri
199 5228 354 5298 piscatores
367 5226 514 5286 homiuum
525 5225 636 5297 (Mettis.
646 5240 684 5293 rr,
697 5226 760 5300 le);
776 5225 861 5285 itam:
916 5229 1003 5303 possis
1018 5247 1026 5284 ε
1042 5243 1076 5285 ue
1089 5228 1187 5295 subito,
1203 5242 1265 5283 cum
1289 5227 1359 5283 torte
1378 5224 1520 5282 retraxerit
1538 5241 1660 5292 manum,
1684 5234 1712 5283 et

69 5316 204 5389 Quiruilti
217 5316 378 5385 minuerat,
392 5330 438 5374 mc
449 5320 606 5391 sequntur:
622 5319 650 5375 ct
664 5315 713 5374 uit
725 5333 790 5376 sum
803 5333 861 5391 cqc,
917 5317 1078 5378 subnexuit
1097 5317 1210 5390 donum,
1233 5323 1263 5372 tu
1282 5313 1374 5372 auimo
1400 5316 1539 5383 concidas,
1560 5323 1587 5371 et
1611 5314 1714 5371 tristior

102 5497 959 5580 (tituriumrenpuquttumuuieoncupirttdeenenerus.
1467 5563 1473 5571 .

173 5606 486 5668 ressontium.
1593 5609 1637 5660 aa
1709 5620 1713 5625 ·
