3728 5934
474 243 507 309 ru
526 244 766 310 ensroouruuu
786 251 982 313 seueroauu
997 251 1105 311 suane
1119 250 1152 311 ιι.
1587 226 1640 310 eei

81 374 138 448 ipsi
150 372 396 432 Deumeideberrt.
419 373 555 431 Videbunt
567 374 676 446 quidem
691 375 718 431 iu
733 374 825 474 llnefl
844 389 955 453 tempus
975 379 1081 437 ridetur
1104 394 1176 447 esse,
1202 393 1252 435 nec
1274 376 1368 435 uirtus.
1389 378 1542 436 lionoratur
1566 395 1638 435 nunc

81 463 105 520 td
118 463 215 519 taciem
235 482 243 532 3
262 463 391 521 videbunt
405 463 485 520 etiam
502 479 585 531 nunc,
601 463 649 520 sed
663 481 786 537 perspe·
837 470 944 540 justitia
962 468 1049 542 magis
1063 477 1193 539 quantum
1209 467 1238 523 iu
1260 465 1328 524 iacie
1347 476 1400 525 est:
1423 470 1470 524 aut
1492 467 1571 536 nulli,
1591 477 1640 525 eut

91 552 121 607 ln
136 551 298 626 aenigmate3
315 561 340 609 ει
366 569 439 609 nune
457 563 626 625 cognoscunt
640 569 672 609 err
696 566 784 627 parte,
839 559 917 630 pauci
938 574 988 630 pro
1012 574 1045 614 ea
1065 557 1197 613 sustinent
1218 555 1445 627 persecutionem.
1472 556 1577 613 Felices
1597 566 1640 613 ta-

81 648 107 698 te
120 649 216 714 postea
229 641 375 715 cognituri.
386 642 482 699 Omnis
496 642 568 698 enim
583 644 609 697 iu
623 644 703 714 eujus
717 660 786 700 con-

81 731 238 788 inclausum
268 730 356 787 adhuc
371 738 510 802 peecatum
534 731 609 799 risit,
626 740 673 787 aut
694 741 787 801 peccat

82 820 321 891 ,etitasenlitde
342 821 410 887 Deo,
445 828 573 892 tanquam
606 820 628 875 si
657 820 786 879 miuusei

81 925 97 965 a
125 909 310 980 displiceant,
340 918 388 966 aut
415 920 507 979 peccet
533 908 560 962 in
586 907 783 979 desperatione,

81 996 229 1056 tricordem
255 997 375 1054 sentiens
408 998 505 1052 Deum.
535 997 656 1067 Quorum
681 1000 786 1072 utrique

81 1115 83 1133 ι
96 1087 198 1144 dicitur
211 1106 218 1143 ι
231 1087 417 1150 Existimasti
430 1089 536 1160 inique,
546 1087 618 1159 quod
628 1104 675 1145 ere
687 1092 733 1146 tui
745 1092 787 1146 si·

81 1175 166 1249 [Paul.
177 1192 255 1244 xcix,
272 1177 319 1248 21)
340 1193 346 1232 z
362 1178 491 1250 quoniam
501 1186 597 1233 neuter
615 1177 703 1234 Deum
715 1180 788 1234 ridet

81 1267 177 1323 entitur
191 1265 318 1339 iniquitas
339 1266 404 1337 sibi,
416 1265 536 1322 lamneus
550 1265 602 1321 sibi
618 1265 719 1322 idolum
739 1283 787 1339 pro

81 1354 167 1412 duan
176 1360 217 1411 est
228 1356 444 1426 ipse.Beativero
453 1355 555 1411 mundo
568 1356 788 1428 corde,quouiam

81 1442 202 1500 iliDeum
216 1444 318 1509 vident,
335 1444 428 1500 solide
439 1459 472 1501 eo
484 1444 605 1500 sentiunt
614 1445 641 1499 in
653 1445 786 1504 bonitate:

81 1548 134 1591 ere
147 1535 233 1589 bonus
248 1540 299 1600 εει,
316 1533 353 1588 ita
373 1543 402 1589 ut
416 1547 494 1589 nemo
510 1533 598 1590 bonus
614 1532 714 1591 sitnisi
729 1534 789 1606 ipse

81 1623 189 1680 mundo
212 1623 293 1678 eorde
307 1625 440 1696 quereiam
461 1622 518 1695 ipsi
536 1624 624 1678 Deum
643 1623 787 1681 videbunt.

90 1711 209 1785 proinde
223 1711 306 1767 Adam
321 1720 348 1766 et
374 1711 439 1777 Era,
454 1710 501 1784 qui
515 1710 640 1768 courersi
664 1711 692 1767 in
708 1713 789 1768 rerba
805 1682 827 1762 Β

81 1802 144 1857 ead
155 1802 325 1857 excusandas
336 1798 561 1856 exeusationcsin
578 1800 704 1871 peccatis,
725 1801 790 1856 durn

81 1888 167 1946 donis
195 1888 396 1945 mundationem
410 1888 527 1961 inpium,
543 1887 682 1944 immundo
697 1904 787 1945 rema·

81 1979 159 2049 orde,
174 1984 202 2034 et
220 1994 236 2033 e
258 1979 327 2034 faeie
342 1977 450 2034 Domini
463 1976 621 2048 ejiciuntur.
635 1978 762 2049 Sequitur
778 2000 784 2036 :

81 2069 292 2141 beatipacifiei,
309 2067 508 2141 quartia-millii
527 2069 577 2124 Dei
600 2068 786 2125 vocabuntur.

94 2155 143 2212 lilii
159 2158 268 2213 nomine
279 2156 457 2215 vocabuntur.
473 2154 520 2227 qui
535 2154 584 2210 lilii
603 2171 673 2228 opus
691 2155 788 2225 imple·

81 2286 85 2301 .
105 2245 168 2317 lpse
184 2245 257 2301 enim
271 2258 324 2316 est,
351 2259 493 2317 perquem
513 2244 678 2301 reconciliati
692 2259 787 2315 pacem

81 2350 119 2391 ins
139 2335 174 2390 ad
189 2336 274 2391 Deum
294 2351 301 2388 :
319 2334 377 2406 ipse
390 2334 438 2405 qui
449 2331 598 2404 pacificavit
611 2332 639 2389 in
654 2334 787 2408 sanquine

80 2438 113 2480 ree
128 2424 155 2479 in
174 2423 247 2479 caelis
266 2432 339 2490 sunt,
355 2433 453 2495 etquae
468 2437 551 2494 super
569 2423 788 2491 terrem,media·

81 2512 137 2569 iet
150 2512 302 2578 hominum,
327 2514 410 2568 liomo
427 2511 549 2568 Christus
563 2511 651 2567 iesus.
682 2512 716 2568 Et
744 2518 786 2566 at·

83 2603 316 2674 quemadmodum
337 2607 365 2655 in
395 2600 482 2657 tribus
510 2600 619 2671 quidem
651 2600 788 2671 prioribus

839 665 913 715 meu,
947 648 969 705 si
996 648 1136 719 quisunt,
1161 644 1288 719 quoniam
1313 645 1434 714 ipsorum
1460 654 1502 701 est
1524 661 1640 720 reguum

839 737 981 805 eoelorum,
1006 747 1036 792 ut
1063 732 1160 812 [alian
1187 733 1243 807 ubi]
1271 749 1321 791 eoa
1341 749 1422 791 nemo
1450 742 1638 808 persequatur.

839 824 917 895 Quod
945 825 968 881 si
994 823 1134 896 multiplex
1157 823 1239 879 tuerit
1264 822 1411 889 tribulatio,
1440 835 1505 880 tunc
1533 840 1640 897 quoque

841 912 1014 985 multiplicius
1053 907 1256 975 exsultandum,
1288 927 1342 967 nou
1384 912 1548 970 intuentibus
1579 929 1640 986 quae

840 1003 964 1059 ridentur
979 1002 1163 1069 incommoda;
1189 1001 1237 1057 sed
1252 999 1374 1070 praemia,
1390 1016 1453 1073 qum
1466 1016 1521 1057 non
1544 1002 1640 1061 viden·

840 1098 894 1150 tur.
922 1088 990 1159 Quae
1015 1091 1087 1146 enim
1119 1090 1254 1153 videntur,
1288 1089 1446 1160 temporalia
1471 1098 1548 1162 sunt;
1577 1108 1639 1165 quae

840 1189 929 1236 autem
953 1192 1008 1235 non
1028 1177 1164 1244 videntur,
1189 1185 1300 1231 aeterna.
1324 1178 1415 1244 Beati,
1435 1178 1529 1251 iuquit,
1554 1181 1637 1236 eritis

841 1286 906 1325 eum
920 1284 966 1327 eos
980 1267 1092 1326 oderint
1105 1267 1241 1331 homiues.
1253 1269 1357 1322 etcum
1371 1270 1566 1338 separaverint
1580 1286 1638 1334 eos,

841 1364 870 1416 ct
883 1359 1026 1431 ejecerint,
1035 1360 1063 1415 et
1074 1356 1202 1413 dixerim
1212 1371 1294 1412 omne
1309 1355 1420 1411 etatum
1433 1356 1579 1414 adeersum
1594 1374 1639 1418 ees

841 1444 1640 1518 prenitentespropterme.Gaudeteireitladtc,ete:esut·

843 1539 903 1594 tete
913 1555 922 1591 :
932 1550 995 1593 ecee
1009 1535 1085 1590 ereim
1101 1547 1209 1590 merces
1222 1537 1314 1590 vestre
1329 1533 1440 1605 copiosa
1454 1538 1496 1590 est
1507 1536 1539 1590 ira
1551 1537 1638 1606 eoetb,

842 1624 978 1695 copiosior
999 1623 1080 1695 longe
1100 1638 1180 1694 quarn
1205 1621 1239 1677 sit
1262 1621 1340 1677 labor
1365 1621 1500 1678 interris.
1526 1624 1640 1681 Verum-

844 1721 931 1768 tamen
952 1711 1016 1786 quid
1040 1709 1092 1766 sibi
1111 1710 1177 1775 vult,
1201 1709 1274 1782 quod
1295 1710 1388 1766 cadem
1403 1711 1549 1782 promissio
1572 1712 1641 1770 iacta

844 1807 886 1859 est
901 1800 1065 1874 pauperibus
1079 1805 1106 1854 et
1121 1798 1294 1871 martyribus,
1310 1797 1362 1853 nisi
1375 1799 1438 1867 quia
1452 1792 1516 1857 rere
1535 1813 1640 1873 marty-

840 1890 873 1946 rii
889 1906 975 1963 genus
999 1896 1144 1962 paupertas
1162 1887 1312 1944 voluntaria
1326 1888 1388 1943 esti
1409 1889 1510 1945 Beatus
1533 1891 1587 1955 uir,
1604 1891 1642 1948 ait

840 1977 986 2048 Propheta,
995 1979 1116 2050 quipest
1126 1991 1232 2033 aarum
1241 1991 1299 2032 nort
1309 1974 1380 2030 abiit
1398 1989 1449 2032 eree
1468 1979 1594 2049 speravit
1609 1979 1640 2034 ia

842 2066 985 2124 thesauris
994 2065 1132 2138 pecuniae.
1145 2064 1257 2133 Quisest
1266 2063 1321 2132 irie,
1329 2067 1358 2119 et
1369 2062 1546 2122 assaumis
1555 2065 1641 2123 eum?

842 2151 1639 2225 loffli‘ecitcoimmirobiliairiuitesea(decliuem,

841 2248 868 2312 8,
885 2247 922 2314 9).
937 2242 1008 2312 Quid
1027 2242 1186 2308 mirabilius,
1206 2249 1255 2297 eut
1268 2240 1342 2313 quod
1356 2241 1515 2312 martyrium
1530 2245 1641 2314 gravius

840 2342 891 2399 est,
908 2347 989 2404 quam
1003 2332 1079 2387 inter
1093 2331 1189 2402 epulas
1203 2329 1319 2396 esurire,
1334 2328 1404 2386 inter
1426 2337 1517 2387 vestes
1542 2333 1642 2390 multas

840 2430 868 2478 et
889 2420 1020 2493 pretiosas
1033 2421 1134 2492 algere,
1161 2428 1318 2489 paupertate
1337 2418 1425 2489 premi
1440 2420 1510 2475 inter
1523 2421 1640 2491 divitias,

840 2507 995 2582 quasoffert
1007 2508 1135 2574 mundus,
1146 2521 1216 2579 quus
1226 2514 1341 2563 ostentat
1358 2506 1503 2579 malignus,
1518 2524 1585 2580 ques
1595 2513 1643 2567 de-

840 2600 942 2655 siderat
961 2606 1052 2654 noster
1071 2597 1130 2668 ipse
1154 2594 1308 2668 appetitus?
1327 2597 1369 2651 eo
1382 2611 1438 2653 nen
1452 2598 1551 2655 merito
1566 2615 1646 2657 coro-

81 2690 101 2747 εἰ
115 2691 305 2747 reconciliatur
319 2691 419 2760 animm
431 2690 459 2744 in
469 2689 575 2745 duobus
589 2705 651 2762 quae
664 2705 787 2762 sequun-
840 2688 948 2743 nubitur
962 2685 1008 2758 qui
1023 2684 1223 2751 siccertaverit,
1234 2683 1368 2739 mundum
1379 2683 1511 2754 abjiciens
1526 2689 1643 2756 promit·

81 2783 181 2837 urimo
198 2798 205 2846 3
223 2782 250 2834 iu
265 2789 352 2849 sexto,
367 2780 441 2848 Deo;
457 2778 486 2835 in
500 2777 614 2848 septimo
626 2777 788 2834 etiamalios
840 2778 951 2842 lentem,
971 2773 1084 2830 irridens
1099 2773 1240 2829 inimicum
1256 2781 1414 2842 tentantem,
1439 2784 1476 2842 er,
1492 2779 1564 2848 quod
1580 2778 1644 2850 glo-

81 2868 153 2935 ilial,
170 2881 301 2941 tanquam
326 2878 451 2939 receptus
480 2867 637 2942 ingratiam
667 2868 785 2935 Domini,
840 2865 941 2921 riosiue
963 2874 1013 2932 eat,
1034 2862 1068 2918 de
1083 2861 1229 2933 semetipso
1242 2861 1425 2932 triumphans,
1437 2869 1464 2918 et
1479 2863 1645 2938 crucifigens

81 2957 100 3015 ti
114 2957 298 3015 familiaritate
314 2960 439 3012 donatus.
450 2959 520 3012 Nam
535 2963 699 3026 paupertate,
712 2973 790 3012 man·
843 2951 1088 3025 concupiscentiam
1104 2949 1282 3022 prurientem?
1294 2950 1415 3023 benique
1425 2961 1569 3024 propterea
1577 2972 1643 3026 pau·

81 3047 144 3114 bne,
164 3046 228 3103 lietu
243 3056 389 3105 renovatur
404 3047 431 3100 iu
447 3047 538 3100 anime
552 3044 701 3101 similitudo
711 3061 787 3118 quae-
845 3044 954 3114 peribus
968 3042 1069 3112 pariter
1085 3047 1113 3095 ει
1126 3040 1291 3110 martyribus
1305 3054 1418 3111 regnum
1434 3039 1565 3098 caelorum
1580 3059 1644 3115 pro-

81 3144 92 3194 t
114 3137 208 3211 imago
234 3135 392 3192 aeternitatis
407 3135 496 3190 omnia
524 3143 648 3206 tempora
671 3138 788 3207 coreple·
841 3132 967 3201 mittitur,
982 3131 1046 3201 quie
1059 3137 1207 3200 pauperata
1222 3127 1332 3198 quidem
1351 3126 1460 3198 emitur,
1476 3131 1524 3185 sed
1539 3131 1566 3185 iu
1582 3149 1643 3203 pas·

81 3243 97 3296 t,
116 3227 181 3282 dum
207 3234 367 3298 paupertate
394 3223 486 3279 lutura
511 3232 639 3291 meretur,
660 3239 788 3279 mansue·
842 3223 919 3277 sione
933 3234 982 3292 pro
1002 3218 1109 3274 Christo
1132 3216 1237 3287 absque
1257 3215 1330 3270 omui
1345 3215 1473 3273 diletione
1484 3218 1640 3291 percipitur.

102 3315 156 3372 tibi
183 3314 331 3387 prasentia
358 3313 486 3379 uindicat,
514 3312 587 3368 luctu
623 3311 789 3384 peanitentiae
1152 3302 1269 3362 SEllllO
1289 3305 1324 3360 ll.

81 3404 123 3462 'ite
143 3421 251 3476 quoque
278 3410 433 3475 recuperat,
457 3402 526 3458 sieut
554 3399 684 3472 scripturn
708 3410 750 3456 est
778 3422 785 3459 :
913 3401 1045 3457 berteto
1058 3397 1223 3453 sauctorum
1236 3397 1306 3451 ante
1319 3396 1568 3456 resurrectionem.

81 3493 316 3551 itabotibiomrtes
330 3508 420 3549 caeos
443 3505 518 3550 meos
539 3491 572 3546 ire
589 3491 784 3548 amaritudine
878 3494 904 3546 l.
919 3489 988 3562 Quia
1009 3489 1169 3544 Sanctorum
1190 3486 1312 3544 omnium
1334 3483 1461 3542 festivam
1483 3487 1575 3554 bodie,
1596 3488 1640 3544 di·

81 3599 168 3643 emere
178 3584 381 3656 (iaciuntur,
394 3578 660 3651 retransmittas
673 3581 788 3636 etmise-
841 3577 989 3650 lectissimi,
1010 3575 1138 3647 omnique
1157 3573 1343 3648 dignissimam
1371 3572 1515 3631 dovotione
1535 3591 1640 3631 memo-

80 3672 240 3744 ieperiecte
254 3674 377 3744 proximo
394 3669 641 3733 cobaeremus,dum
656 3667 787 3742 quidquid
841 3670 909 3726 riam
923 3668 1101 3730 celebramus,
1127 3678 1218 3737 operae
1234 3662 1349 3734 pretium
1365 3671 1431 3734 puto
1446 3662 1481 3718 de
1503 3666 1639 3720 communi

81 3762 205 3820 usnobis
219 3760 286 3831 lieri,
303 3760 363 3815 aliis
378 3776 431 3815 non
442 3758 573 3815 iaciamus
587 3757 785 3831 perjuatitiem3
840 3772 935 3813 eorum
949 3754 1086 3819 felicitate,
1102 3752 1130 3807 io
1150 3766 1203 3823 que
1220 3752 1298 3806 beata
1309 3753 1365 3820 jam
1380 3749 1474 3822 requie
1491 3750 1639 3822 perfruun-

81 3850 333 3924 ocunquerolumus
348 3858 377 3906 ut
391 3849 491 3905 iaciant
505 3847 585 3903 nobis
609 3845 744 3913 homiues,
758 3855 787 3902 et
840 3855 893 3916 tur,
911 3849 940 3903 et
963 3844 1051 3901 lutura
1072 3857 1153 3912 quem
1182 3839 1370 3910 praestolantur
1394 3840 1637 3907 consummatione,

81 3939 184 3999 samus
198 3940 252 3996 illis
265 3953 315 4011 per
340 3936 562 3995 misericordiam.
581 3937 639 3990 lam
664 3935 786 3992 reconci-
838 3936 980 4006 adjurante
1003 3930 1106 4003 Spiritu
1123 3935 1217 3985 saneto
1236 3942 1391 3985 sermonem
1408 3928 1497 3985 iacere
1514 3929 1638 3988 charitati

81 4028 321 4102 tbispeeonciliati.
341 4027 420 4083 etiam
432 4023 785 4098 proximo,fidueialiterper
839 4033 946 4090 vestrae,
965 4020 1002 4076 ita
1020 4035 1097 4088 sane,
1119 4026 1219 4074 utnon
1241 4014 1379 4087 opinionis
1398 4015 1515 4089 propriae
1541 4024 1637 4086 conje-

82 4118 146 4178 tittm
164 4120 255 4176 cordis
276 4116 482 4174 reconciliamur
510 4116 577 4173 Deo.
608 4114 682 4169 Beati
707 4127 784 4181 vero,
838 4119 937 4178 eturas,
961 4109 1009 4165 sed
1036 4106 1191 4164 divinorum
1222 4104 1352 4159 librorum
1374 4120 1473 4176 sequar
1495 4107 1639 4162 auctorita-

91 4224 142 4265 sue
160 4207 377 4264 reconciliatione
397 4220 452 4262 non
481 4204 589 4277 ingrati,
602 4211 629 4260 et
656 4218 707 4275 pro
725 4201 783 4258 ira-
839 4209 908 4273 tem3
933 4214 969 4256 ιιε
988 4197 1148 4270 prophetare
1166 4194 1259 4249 ridear
1278 4192 1311 4248 de
1332 4193 1413 4248 corde
1438 4208 1508 4263 meo,
1527 4197 1574 4249 sed
1593 4195 1637 4248 in-

96 4296 155 4357 suia
168 4298 212 4370 pie
227 4295 344 4363 solliciti,
364 4310 413 4351 eos
428 4308 547 4367 quoque,
564 4302 694 4366 quantum
709 4306 784 4364 prae·
840 4289 918 4355 nitar,
953 4288 1041 4360 quoad
1086 4292 1192 4357 potero,
1233 4281 1396 4338 testimoniis
1429 4280 1635 4354 Scripturarum.

81 4395 130 4455 ,et
144 4387 208 4456 sibi,
220 4395 247 4442 et
263 4386 320 4441 Deo
342 4383 518 4441 reconciliare
532 4382 664 4438 laborant.
681 4380 785 4451 Quibus
839 4379 900 4433 Erit
925 4379 1009 4449 enim,
1043 4379 1184 4447 prestante
1215 4370 1341 4438 Domino,
1376 4368 1470 4441 triplex
1502 4370 1638 4427 sermonis

81 4475 199 4534 sudibus
213 4476 338 4548 dignum,
354 4480 455 4546 quanto
470 4471 686 4543 amplectendum
705 4482 784 4541 putas

81 4564 306 4631 tiratremillum,
331 4562 453 4636 quisine
479 4559 593 4633 querela
620 4574 784 4616 conversans

81 4655 180 4728 rioms,
196 4663 250 4710 tota
264 4653 444 4710 sollieitudine
460 4660 547 4723 cavet,
569 4649 683 4721 nequid
698 4648 725 4705 iu
749 4663 783 4705 eo

81 4746 151 4802 deb
166 4744 226 4799 aliis
241 4742 341 4814 portari
370 4747 493 4812 oporteat
509 4757 517 4807 3
544 4738 568 4795 ei
591 4738 723 4811 quidquid
756 4738 784 4793 iu

838 4467 919 4537 hujus
941 4465 1053 4528 utilitas,
1068 4469 1200 4535 quatenus
1222 4460 1323 4530 agnita,
1338 4458 1380 4514 vel
1393 4473 1426 4513 ex
1444 4466 1521 4530 parte
1536 4459 1636 4531 aliqua,

839 4555 912 4611 teliei
928 4551 1103 4610 retributione
1116 4553 1283 4612 sanctorum,
1300 4545 1489 4602 abundantiori
1508 4546 1637 4619 deinceps

838 4643 1018 4700 sollicitudine
1046 4640 1164 4710 ipsorum
1193 4634 1326 4690 inhaerere
1353 4634 1485 4710 vestigiis,
1523 4650 1555 4690 ac
1586 4634 1639 4692 ier-

837 4730 953 4791 ventiori
980 4727 1115 4786 desiderio
1143 4726 1176 4781 ad
1204 4739 1300 4780 eorum
1326 4723 1463 4793 suspirare
1490 4723 1626 4779 consortia

838 4818 1007 4894 propensiori
1021 4832 1129 4890 quoque
1153 4814 1299 4870 devotione
1313 4813 1471 4867 eorumdem
1496 4827 1545 4867 nos
1564 4793 1638 4867 com}

838 4910 967 4967 mendara
983 4905 1137 4978 patrociniis
1162 4901 1327 4960 studeamus.
1343 4899 1441 4956 Fidelis
1457 4899 1559 4972 quippe
1582 4914 1639 4956 ser·

839 5015 894 5067 mo,
921 5008 948 5056 et
973 4997 1049 5054 omni
1072 4992 1230 5064 acceptioue
1254 4992 1364 5063 diguus,
1386 5000 1415 5045 ut
1433 5003 1504 5061 quos
1522 4989 1639 5046 solemni

81 4843 99 4892 tt
114 4848 273 4899 onerosum,
286 4831 483 4905 patientissime
493 4837 583 4901 portat
596 4830 611 4883 l
626 4831 671 4900 qui
687 4827 784 4900 singu·

84 4923 212 4982 scandale
226 4939 274 4978 sua
290 4928 395 4991 reputat
410 4940 418 4990 ;
432 4918 480 4990 qui
504 4933 564 4974 cum
583 4917 715 4987 Apostolo
743 4918 785 4971 lo·

90 5030 99 5068 t
118 5012 185 5081 Quis
198 5012 416 5069 scandalizetur
439 5014 466 5067 et
481 5023 528 5080 epo
539 5023 597 5062 nee
616 5005 709 5064 uror?
724 5006 785 5078 quis

81 5104 156 5159 atur
175 5105 202 5159 et
228 5095 515 5175 eporeerrirrfirmor?
531 5095 575 5168 (it
594 5095 708 5162 Comxr,
728 5093 787 5162 29.)
838 5088 1013 5149 veneratione
1045 5082 1245 5157 prosequimur,
1276 5081 1356 5138 etiam
1386 5079 1467 5134 simili
1495 5094 1639 5136 conversa·

89 5190 208 5268 pacifici
228 5191 362 5264 quereiam
376 5189 432 5258 fitis
454 5187 504 5242 Dei
525 5185 710 5240 uocabantur.
726 5182 786 5237 Non
840 5180 913 5234 tione
948 5189 1106 5249 sequamur:
1146 5187 1215 5244 quos
1249 5171 1418 5269 beatissimos
1447 5169 1638 5240 praedicamus,

81 5281 118 5338 im
131 5282 205 5337 Deus
218 5277 404 5345 dissensionis,
416 5276 465 5332 sed
478 5274 555 5347 pacis
570 5273 706 5344 :ideoque
716 5269 788 5326 filios
841 5268 875 5323 ed
899 5281 992 5323 eorum
1021 5260 1214 5319 beatitudinem
1244 5266 1300 5316 lota
1328 5260 1454 5315 aviditate
1480 5273 1637 5314 curramus:

85 5369 138 5428 bei
151 5385 259 5444 quoque
271 5368 342 5425 filios
355 5367 468 5438 dignum
483 5374 525 5421 est
538 5361 680 5437 appellari.
842 5372 957 5430 quorum
984 5353 1151 5409 delectamur
1168 5347 1321 5420 praeconiis,
1343 5349 1517 5405 sublevemur
1546 5360 1641 5402 eorum

82 5459 144 5517 iem
166 5475 230 5534 quae
252 5459 377 5531 sequitur
400 5462 495 5514 actara
521 5450 670 5520 beatitudo,
686 5454 788 5520 marty·
843 5443 1009 5519 patrociniis.
1039 5440 1096 5498 Nec
1126 5454 1190 5495 sane
1216 5453 1307 5510 parum
1342 5437 1480 5493 fructuosa
1507 5435 1642 5491 invenitur

81 5544 317 5629 temporaraneum
336 5566 344 5606 ε
365 5544 444 5616 cujus
457 5543 542 5601 nobis
569 5539 722 5599 solemniis
738 5552 789 5595 nec
843 5535 974 5594 memoria
991 5531 1088 5591 testim
1115 5539 1280 5598 atomorum,
1309 5525 1479 5602 languorem,
1503 5532 1641 5600 teporem,
