3734 5948
534 224 577 287 bs
592 225 749 293 tumltu
764 227 881 291 notum
896 229 1007 293 mutto
1024 228 1082 292 vtl.
1599 229 1635 291 5l

101 346 231 401 membru
253 356 357 413 nostra,
386 363 462 402 arms
494 346 641 420 iniquitatis
667 360 783 421 peccato
800 380 824 458 Α
842 359 912 409 tatus
930 368 1000 421 sum,
1016 350 1080 409 iecit
1100 367 1208 409 mecum
1226 351 1455 422 misericordiam
1483 360 1512 408 et
1532 352 1636 410 uanam

83 448 128 499 rr,
143 436 200 505 1³),
216 434 292 490 etsie
307 434 379 490 nulla
394 437 531 493 damnatio
546 444 587 498 est
605 438 647 497 his
660 437 706 510 qui
719 446 784 495 sunt
840 440 973 497 retribuat
985 455 1036 512 pro
1049 456 1094 497 me
1118 439 1252 497 Dominus
1274 455 1361 496 meus.
1385 440 1475 496 Primo
1500 439 1635 512 siqudem

83 521 144 579 ιιιο
160 522 246 581 lesu:
267 523 317 579 sed
343 539 398 580 nou
421 523 532 595 ejicitur
554 523 604 581 nisi
626 524 655 581 iu
683 537 781 599 morte,
838 530 929 585 omnia
943 544 1003 597 sua,
1019 528 1120 587 debinc
1132 528 1215 585 ethra
1230 527 1407 600 semetipsum
1427 528 1551 601 exposuit
1559 528 1635 586 utili·

83 610 146 669 usic
160 612 343 685 discerpimur
361 621 390 668 ut
409 613 501 670 anima
523 622 666 686 separetur
681 630 697 670 a
715 631 781 673 cor·
837 618 940 675 tatibus
953 616 1032 684 meis,
1049 633 1104 674 nou
1119 632 1236 689 mansus
1251 617 1302 673 sibi
1312 625 1426 689 propter
1440 634 1494 685 me,
1509 617 1537 673 iu
1560 619 1635 689 jeju·

838 705 889 763 niis
903 705 993 763 multis
1006 705 1033 761 iu
1047 704 1186 765 laboribus
1209 705 1378 779 frequenter,
1393 705 1534 778 invigiliis
1554 722 1636 778 supra

83 786 157 843 abes
172 786 209 841 ad
228 787 293 858 quid
313 788 421 845 venerit
440 788 575 859 Christus,
590 799 618 846 et
631 792 675 847 cui
693 791 783 848 inteu-
837 795 959 861 modum,
972 793 1001 849 in
1019 793 1088 851 lama
1103 798 1131 848 et
1144 791 1200 860 siti,
1215 792 1297 850 etiam
1311 793 1339 849 in
1349 792 1488 865 frigoreet
1498 793 1635 850 nuditate.

83 874 168 933 altem
181 875 361 933 Christianus.
377 878 526 950 Propterea
547 877 614 942 noli,
636 894 654 935 ο
673 893 781 951 corpus,
836 881 906 953 Quid
915 880 1149 955 igituriProlecto
1158 896 1212 937 uon
1220 880 1366 939 mentietur
1375 882 1523 954 Scriptura,
1532 883 1635 954 quadi·

83 965 210 1037 nupero
220 972 344 1038 tempora
356 984 362 1022 :
375 975 453 1038 potes
463 967 537 1024 enim
545 967 680 1040 impedire
686 970 784 1026 animas
835 972 918 1029 citur:
936 972 1116 1030 Voluntatem
1128 972 1295 1029 timentium
1309 988 1338 1028 se
1354 973 1452 1044 sucht,
1464 978 1493 1030 et
1504 974 1637 1045 deprecd

83 1056 180 1120 utem,
192 1062 267 1108 tuam
281 1053 369 1123 ipsius
383 1055 491 1124 operari
511 1070 565 1113 non
580 1066 669 1127 potes.
685 1055 784 1112 Omnia
837 1062 945 1118 emnem
958 1076 1057 1117 eorum
1072 1060 1209 1117 exaudiet
1219 1059 1307 1130 (Psoi.
1323 1073 1418 1123 oxmv,
1431 1060 1488 1130 19).
1498 1058 1521 1116 0
1531 1060 1554 1116 si
1564 1060 1634 1119 iorte

83 1156 89 1199 t
101 1142 212 1198 habeut
226 1144 329 1213 (Peste.
346 1157 388 1213 ru,
405 1146 443 1214 l).
457 1146 554 1201 Patere
569 1153 680 1202 utnunc
694 1144 784 1201 anima
836 1155 947 1223 gustare
957 1147 1131 1204 dulcedinem
1141 1149 1221 1216 lianc,
1230 1147 1635 1218 siiortegloriamistsmvaleus

83 1230 210 1299 taboret,
222 1231 308 1304 magis
321 1241 412 1290 autem
427 1233 510 1289 etiam
523 1232 661 1291 collabora
671 1234 705 1302 ei,
717 1249 784 1307 quo-
835 1236 971 1295 aestimare
981 1233 988 1291 Ι
1000 1235 1068 1293 liira
1076 1236 1150 1292 enim
1159 1236 1280 1293 dicturus
1293 1235 1420 1301 sum,sed
1431 1242 1521 1291 nmen
1532 1251 1596 1293 vera
1606 1246 1635 1294 et

83 1318 284 1390 icumpateris,
299 1330 327 1377 et
345 1321 538 1394 conregnabis.
564 1323 702 1389 Quantum
721 1325 783 1395 ejus
836 1321 950 1379 omnino
963 1322 1114 1383 indubitata
1128 1323 1266 1381 fidelibus.
1279 1324 1342 1397 lpse
1354 1324 1486 1381 Dominus
1503 1325 1633 1383 Sabaoth.

83 1408 324 1480 treparau'onem,
345 1414 451 1467 tantum
465 1409 582 1482 impedis
597 1421 688 1481 toam;
709 1413 783 1483 quod
835 1410 968 1468 Dominus
981 1410 1109 1469 virtutum
1124 1420 1153 1470 et
1166 1429 1214 1470 rex
1229 1412 1336 1488 gloriae,
1352 1414 1410 1485 ipse
1426 1413 1577 1471 descendet
1599 1415 1634 1471 ad

83 1510 107 1553 ι
119 1504 188 1555 ants
200 1497 324 1569 reparari
334 1513 389 1555 nou
399 1500 518 1570 poteris,
529 1500 703 1556 donecsuam
716 1501 784 1557 inea
837 1497 1013 1557 reformanda
1027 1516 1145 1572 corpora
1158 1510 1262 1569 uostra3
1279 1510 1307 1558 et
1321 1501 1518 1576 configuranda
1526 1505 1635 1575 corpori

83 1584 219 1656 ruginem
234 1584 325 1643 videat
340 1587 525 1645 reformatam.
540 1588 665 1646 Nobilem
686 1589 782 1661 hospi-
837 1586 964 1644 claritatis
978 1605 1044 1645 suae.
1061 1590 1170 1663 Quanta
1184 1590 1239 1647 erit
1253 1590 1299 1646 illa
1319 1591 1418 1664 gloria,
1438 1607 1519 1664 quam
1534 1590 1635 1649 inuiis·

83 1674 621 1747 bss,ocaro,n0bitemva1ue,ettota
642 1679 715 1734 salus
737 1687 782 1735 tua
798 1714 821 1791 B
836 1674 898 1732 bilis
917 1677 1073 1747 exsultatio,
1100 1680 1211 1751 quando
1231 1680 1346 1737 Creator
1367 1679 1563 1748 universitatis,
1587 1680 1634 1754 qui

91 1761 133 1820 dc
146 1764 211 1833 ejus
224 1763 321 1823 salute.
334 1765 512 1822 Datronorem
527 1766 627 1838 hospiti
642 1775 728 1824 tauto.
739 1767 781 1825 Tu
836 1780 886 1836 pro
897 1766 1043 1824 animabus
1059 1767 1238 1838 justiticandis
1262 1768 1370 1825 homilis
1389 1776 1453 1825 ante
1476 1777 1592 1827 venemt
1604 1777 1634 1825 et

83 1850 216 1911 thabitas
236 1852 265 1908 in
289 1853 480 1925 regiouetua:
510 1855 675 1912 animatore
699 1873 781 1927 pere·
835 1852 1027 1925 occultus,pru
1043 1862 1069 1910 te
1093 1854 1282 1928 glorificanda,
1298 1873 1315 1914 o
1333 1857 1434 1915 misera
1457 1873 1533 1928 caro,
1550 1856 1635 1912 subli-

83 1939 197 1999 usxml
207 1942 279 2013 apud
295 1948 374 1998 teest
387 1943 534 2014 hospitata.
549 1944 648 2014 Qumso
663 1952 701 2012 te,
720 1946 781 2018 quis
835 1941 887 1997 mis
901 1943 992 2001 veniet
1008 1951 1035 2000 ct
1045 1944 1215 2015 manifestus,
1231 1960 1287 2000 nou
1301 1944 1394 2015 jamin
1404 1943 1572 2010 infirmitate,
1582 1946 1632 2002 sed

83 2044 110 2095 ι,
134 2028 162 2085 si
183 2028 256 2086 lorte
287 2031 384 2087 nobilis
408 2040 436 2086 et
458 2040 614 2104 praepotens
648 2034 780 2107 quispiam
835 2031 863 2087 in
877 2032 964 2105 gloria
978 2041 1006 2090 et
1019 2035 1164 2106 maiestate
1178 2034 1246 2091 sual
1263 2033 1331 2104 Quis
1352 2034 1482 2109 cogitabit
1492 2034 1566 2091 diam
1580 2033 1632 2089 ad-

83 2132 129 2174 uua
144 2117 262 2172 voluerit
276 2120 418 2190 hospitari,
434 2136 489 2176 non
503 2121 622 2178 libenter
636 2121 665 2176 in
679 2122 780 2196 angulo
835 2130 932 2179 ventus
956 2123 1038 2191 iliius,
1065 2126 1175 2197 quando
1199 2125 1352 2181 descendet
1375 2140 1437 2180 com
1464 2123 1631 2194 plenitudine

86 2219 160 2271 aare,
176 2213 223 2261 aut
234 2206 286 2261 sub
300 2207 431 2281 gradibus
446 2208 512 2277 suis,
528 2210 572 2265 vel
585 2209 692 2280 inipsis
705 2210 780 2267 ciue·
834 2210 953 2278 luminis,
969 2212 1201 2282 praecurrentibus
1216 2212 1333 2286 angelis,
1348 2218 1377 2267 et
1402 2212 1473 2267 tubae
1497 2218 1631 2268 concentu

83 2294 236 2363 accubabit,
265 2295 368 2352 cedens
393 2297 493 2368 hospiti
514 2313 563 2354 suo
586 2297 675 2356 locum
700 2299 780 2369 (sicut
834 2299 1017 2357 excitantibus
1031 2301 1065 2356 de
1080 2301 1192 2372 pulvere
1202 2316 1303 2371 corpus
1316 2299 1408 2372 inops,
1424 2308 1451 2356 et
1463 2299 1632 2372 rapientibus

83 2384 165 2454 test)
178 2383 338 2455 potiorem?
352 2385 389 2441 lit
403 2392 432 2440 tu
450 2385 573 2459 argolas
587 2385 722 2443 similiter.
739 2389 788 2443 inv
833 2385 897 2442 illud
913 2387 1023 2444 obviam
1033 2388 1142 2444 Christo
1156 2389 1184 2443 in
1198 2388 1286 2446 aera?

83 2470 124 2529 ιιι
155 2471 295 2528 molestias
323 2482 383 2529 tuas
410 2490 446 2531 nc
470 2473 650 2546 reputaveris,
675 2482 778 2532 tantum
868 2479 896 2529 θ.
911 2473 1059 2548 Quousque
1073 2476 1155 2548 igitur
1177 2491 1240 2533 caro
1256 2476 1366 2543 misera,
1385 2475 1528 2548 insipiens,
1548 2492 1630 2550 casca,

83 2576 123 2619 ss
138 2568 204 2617 tuus
217 2561 367 2620 honorifice
382 2563 469 2637 possit
483 2563 557 2636 apud
577 2572 604 2619 te
629 2563 777 2622 demorari.
833 2563 950 2619 ‹lemens
964 2570 993 2619 et
1007 2579 1119 2635 prorsus
1132 2564 1227 2621 insana
1241 2580 1316 2632 caro,
1333 2564 1539 2623 transitorisset
1553 2564 1633 2623 cadar-

83 2646 136 2713 unt
150 2656 206 2716 est,
219 2658 249 2706 nt
263 2665 314 2722 pro
332 2651 484 2709 eointerim
510 2660 536 2709 te
554 2652 684 2709 exhibeas
697 2650 779 2710 inho·
833 2667 879 2707 cas
893 2651 992 2723 qaaerit
1003 2653 1216 2722 consolationes,
1232 2652 1287 2711 imo
1306 2652 1500 2723 desolationes,
1516 2655 1538 2710 si
1561 2655 1632 2712 lorts

83 2780 86 2791 .
833 2739 976 2814 contingat
990 2741 1096 2811 repelli,
1112 2748 1140 2798 et
1157 2743 1299 2815 iudignum
1316 2743 1431 2814 judicari
1454 2743 1505 2799 hac
1532 2743 1629 2819 gloria,

83 2828 228 2883 cnelorte
239 2827 374 2898 despicias
388 2835 435 2883 aut
449 2827 632 2900 parvipendas
642 2829 777 2900 hospitem
833 2827 921 2899 magis
948 2835 1041 2885 autem
1069 2829 1246 2886 nibilominus
1276 2830 1408 2887 ineffabili
1439 2831 1467 2886 iu
1499 2839 1630 2887 aeternum

83 2928 135 2986 pru
149 2929 183 2970 eo
193 2915 266 2985 quod
277 2916 495 2989 peregrinustibi
505 2915 613 2972 videtur
623 2917 777 2984 eladvena,
833 2916 982 2973 excruciari
992 2921 1093 2989 poena?
1122 2922 1180 2975 Non
1206 2920 1254 2985 sie,
1287 2920 1414 2985 obsecro,
1445 2920 1543 2975 iratres
1566 2920 1630 2984 mei,

83 3008 130 3060 lex·
144 3004 257 3060 attende
271 3004 337 3076 quid
352 3006 465 3077 hospitis
480 3006 559 3076 hujus
567 3006 617 3062 tibi
632 3006 779 3078 praesentia
833 3021 889 3061 non
903 3005 961 3072 sic;
977 3008 1043 3080 quin
1056 3007 1111 3065 imo
1126 3007 1278 3065 delectetur
1302 3010 1330 3064 in
1347 3009 1503 3079 hujusmodi
1518 3009 1630 3064 medita·

83 3108 117 3150 tr.
137 3092 201 3162 lpse
218 3092 292 3148 enim
317 3100 359 3150 est
383 3094 429 3166 qui
454 3095 547 3150 tribuit
566 3094 652 3151 oculis
677 3095 776 3162 visum,
834 3093 951 3151 tionibus
965 3095 1056 3150 anima
1071 3103 1182 3162 nostra;
1206 3097 1272 3167 quin
1289 3095 1370 3151 etiam
1388 3111 1452 3152 caro
1468 3104 1561 3152 nostra
1587 3113 1629 3151 ro-

83 3179 436 3254 nauribusproestat3ipse
449 3182 657 3254 estquiliuguae
670 3198 777 3251 vocem,
833 3180 955 3251 quescat
984 3180 1011 3237 in
1035 3198 1093 3254 spe,
1123 3182 1292 3240 salvatorem
1315 3190 1464 3254 expectans
1485 3181 1628 3237 mininam

83 3274 207 3341 gustum,
223 3280 326 3325 motum
341 3272 471 3327 membris
493 3272 619 3327 omnibus
642 3272 778 3328 submini-
832 3279 955 3325 nostrum
981 3271 1073 3327 lesum
1104 3271 1253 3338 Christum,
1278 3272 1324 3342 qui
1355 3269 1513 3327 reformabit
1545 3270 1626 3334 illam,

83 3356 183 3430 u'qutd
201 3358 273 3425 vitm,
290 3360 314 3414 si
333 3360 516 3432 quidsensos,
531 3361 555 3416 si
573 3361 674 3433 quidiu
690 3361 777 3418 tede-
832 3357 1026 3430 conliguratam
1048 3359 1158 3432 corpori
1181 3360 1310 3418 claritatis
1336 3376 1403 3415 suoe.
1431 3359 1475 3415 Sic
1497 3359 1571 3415 enim
1591 3360 1629 3414 ait

83 3452 127 3515 st,
150 3446 233 3518 hujus
255 3449 372 3520 hospitis
402 3450 564 3507 beneficium
600 3465 777 3522 recognosce.
831 3447 981 3519 Propheta:
999 3449 1093 3506 Silieit
1107 3450 1360 3519 interementes,
1371 3450 1629 3522 quammullipliei·

83 3534 252 3594 sdisoessus
261 3539 323 3607 ejus
334 3540 434 3611 probat
449 3540 515 3612 quid
527 3540 675 3612 pressantis
685 3539 778 3596 conie·
832 3536 1628 3608 tertibiroronveo.(Psul.cxrr,u,)llssidarabatsiquidem

83 3623 215 3681 Pretium
229 3627 305 3682 euim
323 3627 414 3682 anima
430 3628 598 3695 discedente,
614 3627 777 3701 lingussiie-
831 3624 920 3680 anima
934 3627 1105 3697 prophetatis
1125 3627 1273 3683 adventum
1288 3627 1419 3698 priorem,
1433 3640 1488 3698 quo
1503 3642 1533 3682 se
1543 3641 1628 3682 nove-

83 3711 109 3770 u
123 3713 193 3768 nibil
207 3714 350 3782 videbunt,
367 3716 567 3773 obsurdescent
576 3732 669 3782 aures,
679 3731 779 3787 corpus
831 3722 872 3769 rat
887 3714 1094 3782 redimendam3
1112 3716 1161 3771 aed
1173 3715 1259 3772 multo
1273 3714 1391 3786 amplius
1408 3729 1472 3770 caro
1485 3713 1627 3770 desidera·

83 3800 195 3875 rigabit,
214 3803 298 3860 iacies
316 3805 492 3874 expallescet.
519 3808 550 3860 ln
569 3804 646 3861 brevi
664 3820 777 3877 quoque
831 3801 877 3858 bat
890 3803 1226 3875 adrsntumposteriorem
1242 3813 1272 3860 et
1293 3800 1521 3873 glorificationem
1537 3817 1626 3858 susm.

83 3890 196 3948 nadaver
210 3893 349 3963 putridum
367 3894 446 3949 simol
469 3903 493 3950 et
520 3894 642 3965 putidum
670 3893 730 3959 fiet,
749 3900 778 3950 et
831 3891 906 3948 Tunc
920 3891 993 3951 eninr
1007 3891 1191 3963 implebuntur
1204 3892 1341 3949 dmideris
1368 3898 1471 3960 nostra,
1495 3900 1524 3948 et
1546 3892 1627 3964 plena

83 3984 177 4036 omnis
195 3983 223 4036 in
250 3981 355 4038 saniem
379 3991 559 4040 convertetur.
585 3982 685 4054 thuid
710 3998 776 4053 ergo
831 3979 883 4035 erit
896 3980 1039 4049 maiestate
1054 3980 1160 4035 Domini
1184 3980 1274 4036 omnis
1292 3988 1375 4036 terra.
1400 3979 1443 4035 ad
1465 3994 1546 4051 qaam
1565 3979 1626 4054 glo

83 4067 180 4141 parali
194 4070 315 4141 qualibet
330 4069 405 4128 ⁷8!
426 4071 607 4128 delectatione
626 4070 773 4127 contristas
831 4068 908 4133 riam,
924 4068 1055 4140 adquam
1071 4069 1279 4138 beatitudinem,
1300 4071 1429 4141 adquam
1444 4070 1628 4141 deniquepa·

83 4172 99 4213 ι
113 4158 249 4229 hospitem
269 4160 363 4226 istum,
379 4177 461 4232 quam
477 4176 528 4217 nec
543 4160 646 4216 sentire
666 4159 776 4231 quidem
830 4173 899 4225 cem,
916 4172 978 4228 qum
991 4165 1139 4228 exsuperat
1152 4174 1262 4215 omnem
1276 4174 1399 4228 sensum,
1422 4157 1481 4228 ipse
1503 4172 1552 4215 suu
1575 4173 1626 4213 nos

83 4244 129 4304 ulo
138 4256 251 4319 poteras
265 4249 316 4305 nisi
326 4266 376 4322 per
389 4249 478 4320 ipsum
488 4251 503 4304 ‘l
513 4250 555 4304 Ad
567 4247 656 4304 hacsi
671 4256 775 4304 tantum
830 4245 1016 4305 misericordia
1031 4247 1171 4316 perducat,
1188 4264 1240 4304 nec
1252 4246 1401 4304 scamnum
1416 4247 1510 4304 nosab
1523 4260 1625 4316 susm·

83 4332 154 4391 niert
183 4336 269 4407 exsul,
293 4348 321 4394 et
345 4337 544 4395 inimicitiarum
565 4352 678 4394 causae
705 4335 775 4392 facie
789 4354 814 4431 u
830 4335 948 4392 ctatioue
963 4344 1056 4391 nostra
1070 4335 1203 4403 Salvator,
1222 4352 1303 4409 quom
1322 4342 1522 4408 exspectamus,
1545 4332 1625 4391 lesus

96 4423 262 4495 suiejectus,
281 4432 412 4497 quantum
432 4426 480 4481 tibi
493 4424 636 4497 prestabit
650 4425 774 4482 reconci·
829 4423 951 4481 Christus
963 4422 1098 4482 Dominus
1109 4435 1213 4491 noser,
1225 4425 1272 4497 qui
1287 4431 1330 4481 est
1343 4424 1523 4497 superomnia
1540 4424 1626 4480 bene·

88 4510 165 4577 noti,
180 4526 197 4567 o
211 4528 320 4585 corpus,
341 4514 396 4571 noli
420 4514 554 4586 impedire
575 4512 775 4572 reconciliatio·
829 4512 916 4570 dictam
933 4512 961 4568 in
974 4513 1082 4571 saecula.

83 4598 152 4666 Ιιιιι,
179 4601 308 4674 quoniam
334 4603 446 4675 mandis
475 4602 523 4659 tibi
559 4603 660 4660 exinde
688 4603 774 4678 gloria
1131 4601 1247 4659 suauo
1267 4601 1324 4660 vlt.

83 4694 158 4745 ntur.
170 4690 318 4759 Patienter,
343 4693 397 4750 imo
413 4700 442 4749 et
459 4693 577 4750 libenter
602 4693 774 4764 temetipsum
918 4693 957 4749 be
972 4690 1082 4763 triplici
1102 4692 1233 4751 utilitate
1252 4694 1396 4752 Adventus
1411 4692 1532 4749 mount.

95 4778 132 4835 ad
147 4781 240 4837 omnia
255 4800 262 4837 z
279 4783 509 4840 nihildissimules
522 4782 664 4856 quodhuic
678 4783 774 4840 videa·
867 4784 891 4835 ι.
909 4779 938 4836 Si
963 4779 1062 4837 devote
1083 4779 1254 4837 celebramus
1272 4781 1428 4837 Adventum
1455 4777 1574 4844 Domini,
1594 4779 1623 4834 id

83 4866 247 4926 nncsshtioni
261 4886 344 4943 posse
360 4872 501 4943 prodesse.
518 4871 567 4928 Dic
586 4869 688 4941 hospiti
704 4876 749 4926 tuo
766 4886 772 4924 :
830 4869 1023 4943 facimusquod
1037 4878 1164 4942 oportet:
1180 4870 1312 4944 siquidem
1334 4884 1388 4925 non
1403 4868 1484 4925 modo
1507 4868 1542 4924 ad
1561 4883 1622 4938 nos,

83 4957 249 5015 mutuabitur
263 4962 393 5017 Dominus
422 4961 470 5031 tui,
499 4969 526 5018 et
550 4960 678 5017 restituet
697 4966 724 5015 te
747 4958 774 5014 in
829 4959 877 5015 sed
892 4968 920 5014 et
934 4965 1047 5031 propter
1067 4973 1118 5014 nos
1141 4959 1224 5024 venit,
1240 4958 1287 5031 qui
1309 4958 1442 5014 bonorum
1467 4962 1621 5014 nostrorum

83 5064 89 5103 ι
102 5047 258 5119 pristinum,
269 5059 298 5106 et
312 5058 340 5106 tu
355 5057 493 5107 memento
508 5050 560 5106 mei
570 5051 651 5120 (Gen.
663 5065 703 5113 ιιι,
718 5050 772 5118 13).
830 5062 884 5103 non
898 5056 970 5120 egat.
987 5049 1088 5104 Verum
1102 5056 1203 5104 nostrae
1216 5045 1326 5117 quidam
1342 5046 1500 5118 indigentia
1514 5045 1625 5118 quanti·

83 5134 174 5194 mnino
188 5137 262 5196 enim
281 5155 386 5196 memor
401 5139 453 5195 erit
470 5138 498 5194 in
524 5135 635 5203 bonum,
651 5137 674 5192 si
704 5137 773 5192 bene
829 5145 912 5194 tatem
930 5137 1099 5195 manifestius
1113 5137 1173 5209 ipsa
1187 5135 1351 5208 dignationis
1369 5138 1430 5208 ejus
1450 5135 1551 5191 indicat
1564 5149 1624 5189 ma-

83 5220 167 5285 ἸίΙΙι
184 5231 212 5277 et
224 5239 286 5279 cum
300 5225 459 5295 pervenerit
479 5224 512 5279 ad
526 5223 671 5279 Dominum
683 5236 773 5290 suum,
828 5226 952 5299 gnitndo.
969 5227 1025 5283 hier
1041 5226 1121 5281 modo
1139 5225 1289 5298 pericnlum
1314 5225 1484 5298 aegritudinis
1506 5238 1539 5279 ox
1562 5223 1626 5293 ipso

83 5309 155 5366 ttei
174 5309 208 5366 de
234 5319 272 5381 te,
302 5322 329 5368 et
353 5313 480 5386 loquetur
501 5314 602 5369 bonrvm
631 5325 680 5381 pro
701 5309 773 5364 boun
828 5314 916 5386 pretio
930 5312 1116 5370 medicaminis
1137 5314 1292 5381 innotescit,
1317 5315 1366 5371 sed
1391 5320 1420 5371 ct
1441 5311 1625 5369 selandicum

83 5399 205 5466 ,dicens
217 5422 223 5456 :
237 5401 306 5456 Cum
318 5402 345 5457 iu
359 5404 489 5460 ultionem
501 5401 587 5472 canipa¹
597 5415 653 5456 satvr.²
668 5396 773 5454 exsulu-
827 5419 957 5459 uumarns
970 5418 1004 5460 eu
1027 5403 1200 5460 multitudine
1220 5404 1414 5461 remediorum.
1431 5398 1530 5472 thuid
1551 5399 1624 5456 enim

83 5502 132 5547 ns
146 5495 219 5557 tuus,
235 5507 337 5563 pauper
347 5493 467 5567 qnidam,
479 5491 551 5564 apud
566 5506 648 5563 quem
675 5484 769 5558 hospi·
825 5492 974 5551 divisiones
986 5492 1134 5565 gratiarum
1148 5500 1220 5561 sunt,
1236 5493 1329 5553 sinon
1350 5493 1458 5550 videtur
1471 5489 1623 5548 nemesits·
