3734 5948
13 260 18 311 ι
58 244 110 297 205
595 240 630 296 ΙΝ
643 240 740 297 PSAL.
760 241 817 309 otll
828 240 979 298 blattas
988 239 1105 299 SERHO
1115 240 1174 299 vlt.
1656 254 1708 309 206

13 350 16 357 ’
56 366 145 433 (Paul.
163 379 243 432 cxxi,
263 364 302 435 9).
317 362 400 418 Plane
409 362 444 418 ad
459 363 571 419 nihilum
585 364 735 421 deducetur
748 364 775 420 in
789 379 858 419 con-
872 380 896 458 g
915 367 984 422 Esco
998 367 1057 438 ejus
1068 367 1156 425 electa
1166 388 1175 435 ,·
1187 376 1214 424 et
1228 367 1327 424 itemm
1344 369 1518 429 :absorbebit
1535 374 1665 443 fluuium,
1681 383 1715 436 et·

56 461 155 524 spectu
179 454 240 522 ejus
261 451 406 524 malignus,
427 451 466 508 sic
486 452 613 508 timentes
632 469 662 509 se
684 450 856 527 glorificabit.
913 453 1486 531 aonmirabitur,etbcbclfiduriamqood
1500 462 1711 531 intluotlordu·

57 542 199 597 Praesente
224 548 260 607 te,
283 540 398 598 Domine
421 541 497 605 lesu,
530 543 728 615 quantumlibet
754 542 860 598 irruant
913 544 1319 617 nisiaosejurllobxu,18).
1348 545 1427 621 Agit,
1443 549 1563 620 inquam,
1587 555 1639 608 etsi
1654 536 1715 612 non¹

56 632 164 697 hostes,
180 630 235 687 imo
249 645 305 686 non
320 630 433 695 irruant,
449 631 499 687 sed
514 640 606 704 ruant3
624 632 762 689 conlluant
775 632 857 688 undi-

57 736 121 792 que,
144 720 195 778 sed
210 728 240 776 ut
254 720 350 785 fluant,
367 730 394 776 et
408 726 552 792 percauta
566 730 713 793 conspectu
737 721 856 792 Domini,

12 884 15 889 1
57 809 290 881 quemadmodum
306 808 365 864 lluit
379 824 472 865 ceraa
492 809 560 865 faeie
575 810 656 882 ignis.
678 808 749 879 Quid
771 806 857 865 842

12 892 15 899 '
57 898 132 953 enirn
146 902 266 955 metuam
281 897 464 955 deficientes?
475 899 541 969 quid
556 906 705 955 trementes
719 897 859 970 paveam?

58 987 125 1060 quid
139 1002 239 1044 verear
256 987 388 1044 cadentes
402 988 417 1041 ‘l
430 987 488 1042 Etsi
519 987 694 1044 ambulavero
715 987 743 1042 in
768 987 858 1043 medio

57 1076 163 1131 umbrae
173 1074 278 1140 mortis,
289 1091 344 1132 non
354 1075 455 1133 timebo
467 1075 547 1147 inula,
558 1076 704 1133 dummodo
714 1084 743 1132 tn
752 1091 859 1134 mecum

15 1230 17 1235 ,
60 1164 109 1232 sis,
124 1163 244 1222 Domine
258 1165 332 1220 Dens
346 1180 423 1220 meus
450 1166 537 1234 (Psoi.
563 1180 633 1231 xxn,
662 1167 699 1232 l).
719 1164 859 1236 Siquidem

59 1251 185 1325 protinus
199 1251 331 1324 aspirabit
340 1252 410 1322 dies,
427 1260 455 1309 et
469 1252 672 1308 inclinabuntur
690 1253 805 1318 umbrae,
815 1270 860 1310 ca·

58 1343 125 1400 dent
133 1342 199 1398 hinc
208 1341 271 1398 inde
277 1340 413 1412 principes
425 1341 608 1396 tenebrarum.
620 1339 695 1408 Quos
705 1340 778 1396 enirn
788 1357 859 1398 nunc

13 1460 16 1497 ;
58 1446 182 1506 quoque,
211 1430 274 1486 dum
300 1431 372 1486 inter
394 1429 526 1504 malignas
558 1445 654 1486 eorum
688 1429 860 1507 occultasque

913 631 972 686 sine
992 638 1066 686 certa
1081 631 1164 687 divini
1178 632 1381 704 dispensatione
1396 636 1514 705 consilii,
1530 639 1577 710 qui
1600 639 1710 714 quidem

912 735 964 775 nec
983 718 1207 791 imperfectiores,
1231 738 1313 792 supra
1334 723 1361 779 id
1387 725 1461 797 quod
1485 726 1558 783 ferre
1583 740 1708 802 possunt,

913 808 1011 863 tantari
1023 808 1164 880 permittit,
1181 808 1282 867 iaciens
1296 827 1358 866 cum
1369 814 1519 872 tentatione
1530 828 1709 892 proventum3

912 903 941 953 et
959 895 1167 968 perfectioribus
1182 914 1236 955 non
1255 899 1336 955 modo
1351 899 1536 973 gloriosiores,
1551 907 1600 964 sed
1616 917 1645 966 et
1658 926 1711 966 nu·

913 985 1076 1042 morosiores
1091 995 1168 1057 parat
1187 1003 1219 1043 ex
1250 988 1326 1043 boste
1356 988 1514 1060 triumphos.
1550 997 1617 1053 Tota
1643 1015 1712 1075 ergo

914 1074 1014 1146 pariter
1047 1075 1195 1132 electorum
1222 1077 1345 1135 Ecclesia
1375 1081 1562 1153 coronabitur,
1577 1086 1653 1157 quod
1677 1104 1712 1145 ex

914 1171 1028 1234 utraque
1044 1171 1119 1234 parte
1134 1164 1176 1221 sui
1193 1165 1313 1239 legitime
1327 1168 1485 1240 certaverit,
1499 1178 1615 1244 utroque
1631 1173 1711 1231 nimi-

914 1268 974 1308 rum
1002 1267 1086 1310 cornu
1114 1261 1169 1310 tam
1196 1260 1323 1327 potenter
1337 1256 1445 1314 interim
1457 1258 1593 1317 ventilans
1621 1259 1712 1320 iuimi-

914 1357 971 1410 cos,
987 1349 1016 1397 ut
1029 1341 1109 1413 paulo
1137 1352 1199 1414 post
1225 1344 1394 1401 manifestius
1412 1346 1511 1404 cadere
1526 1348 1669 1407 videantur
1696 1369 1713 1408 a

916 1430 1000 1486 latere
1016 1431 1076 1501 ejus
1091 1431 1173 1499 mille,
1186 1443 1215 1490 et
1229 1432 1325 1489 decem
1340 1434 1419 1489 millia
1434 1450 1450 1490 a
1466 1436 1568 1499 dextris
1582 1439 1652 1509 ejus.
1665 1440 1711 1499 Sic

59 1517 253 1597 suggestiones
266 1534 317 1591 per
330 1517 412 1575 iidem
427 1519 525 1589 adbuc,
541 1534 597 1574 non
608 1534 657 1589 per
670 1518 790 1591 speciem
805 1535 863 1574 am·
917 1518 1042 1574 nimirum
1061 1518 1125 1576 olim
1140 1521 1197 1592 jam
1212 1521 1322 1594 quidem
1337 1522 1422 1579 David
1431 1524 1594 1596 perfectiore
1610 1529 1709 1588 virtute

59 1609 195 1680 bulamus,
208 1607 276 1664 fides
289 1615 380 1664 tamen
396 1606 540 1664 victoriosa
551 1607 708 1679 triumphat
725 1608 862 1681 quomodo
917 1607 1041 1679 probata,
1056 1609 1172 1664 necdum
1188 1626 1253 1666 vero
1267 1612 1408 1684 propalata
1426 1615 1454 1668 in
1468 1614 1554 1673 lsrael
1579 1621 1712 1689 reproba·

59 1714 114 1755 nou
128 1696 233 1755 lucilius
251 1696 310 1766 ipsa
321 1697 377 1768 jam
400 1703 464 1753 tunc
483 1696 631 1767 propalatae
654 1695 773 1770 cognitio
785 1695 859 1752 veri·
879 1695 902 1772 Β
919 1697 991 1754 tione
1006 1698 1103 1765 Saulis,
1120 1699 1254 1755 canebant
1267 1700 1296 1756 in
1309 1702 1393 1759 cboro
1412 1702 1549 1773 dicentes;
1569 1708 1715 1767 Percussit

61 1786 122 1843 tatis
141 1786 255 1844 evidens
264 1802 326 1843 cum
340 1785 395 1841 suis
404 1785 457 1840 illis
472 1785 625 1841 tenebrosis
646 1783 864 1858 ferrugineisque
919 1788 1087 1854 sedimine,
1103 1791 1131 1845 et
1145 1789 1235 1847 Dauid
1248 1790 1342 1848 mem
1353 1794 1483 1865 millioli
1499 1797 1564 1867 Reg.
1581 1812 1661 1864 xvrrr,
1675 1802 1714 1871 7),

59 1875 224 1948 imaginibus
240 1872 684 1932 exsufflabit?Naccauserislorte
695 1875 729 1931 de
739 1889 864 1939 numero,
955 1881 999 1932 tl.
1029 1877 1076 1932 Sin
1091 1885 1181 1935 autem
1200 1879 1235 1935 ad
1249 1879 1372 1952 singulos
1390 1883 1476 1954 magis
1497 1882 1653 1954 placethoc
1668 1904 1715 1944 re·

60 1966 100 2023 rel
119 1968 208 2040 ipsam
226 1965 323 2022 saltem
349 1963 550 2020 multitudinem
572 1963 705 2022 verearis.
729 1966 866 2020 llemento
920 1964 996 2033 ferri,
1010 1981 1067 2021 non
1080 1966 1156 2022 vobis
1171 1966 1249 2024 deest
1262 1984 1296 2026 ne
1312 1969 1339 2024 in
1353 1971 1404 2026 bac
1419 1971 1529 2042 quidem
1540 1980 1620 2045 parte
1633 1977 1716 2048 spiri·

63 2072 128 2112 sane
143 2054 220 2129 quod
234 2053 269 2108 ad
283 2070 366 2110 uuum
385 2051 533 2110 Salvatoris
547 2052 690 2125 imperium
703 2054 738 2108 ab
753 2054 866 2109 obsesso
921 2053 998 2110 tualis
1017 2054 1203 2127 intelligentiae
1226 2056 1279 2128 via,
1296 2056 1444 2115 dummodo
1468 2060 1606 2133 proprIam
1630 2079 1717 2136 super

61 2148 148 2216 iamet
157 2144 205 2200 diu
221 2158 347 2215 possesso
361 2143 443 2223 unius
454 2142 571 2198 hominis
585 2157 700 2214 corpore
714 2141 866 2199 daemonum
921 2144 973 2199 boc
991 2143 1185 2214 experientiam
1200 2145 1356 2202 consulatis.
1380 2146 1472 2220 Longe
1497 2148 1632 2220 siquidem
1654 2167 1716 2207 am·

64 2233 135 2307 legio
146 2231 352 2298 totadiscessit,
367 2241 395 2287 et
406 2230 523 2303 neipsos
539 2230 649 2303 quidem
672 2239 799 2302 amnesi,
816 2229 866 2297 nisi
921 2230 1002 2302 pliori
1024 2231 1216 2301 sollicitudine,
1245 2244 1273 2290 et
1296 2234 1442 2292 calliditate
1478 2235 1618 2308 multiplici
1653 2254 1718 2313 pars

61 2324 94 2377 ab
104 2337 140 2379 eo
148 2324 237 2393 jussa,
251 2321 415 2396 contingere
427 2335 526 2392 porcos
535 2319 697 2391 (Psotxxrr,
711 2320 753 2391 tl:
765 2327 867 2392 quanto
920 2320 1034 2377 adversa
1055 2320 1199 2377 vulnerare
1220 2321 1313 2395 [clius
1331 2322 1455 2397 amnem]
1475 2323 1504 2381 in
1521 2326 1602 2383 nobis
1619 2328 1702 2387 dexte

59 2413 144 2486 magis
166 2411 228 2484 ipso
251 2410 330 2477 duce,
345 2416 478 2483 quotquot
493 2408 605 2474 luerint,
619 2409 740 2480 undique
768 2408 866 2465 cadent
920 2424 979 2463 ram
1006 2408 1114 2481 satagit,
1143 2426 1224 2480 quam
1257 2411 1415 2468 sinistram:
1432 2428 1484 2469 nec
1508 2422 1562 2472 tam
1592 2419 1715 2490 corporis

57 2496 638 2573 cumiugentiadmiratinneetconlusione,
648 2497 770 2554 dicentes
782 2517 788 2552 :
800 2499 866 2568 Qaoe
920 2498 1053 2568 protecto,
1071 2514 1153 2572 quam
1167 2499 1258 2556 cordis
1276 2500 1383 2557 laborat
1402 2501 1510 2560 auterre
1524 2505 1703 2565 substantiam

59 2596 99 2648 cst
114 2589 381 2664 iswmeoecsceadit
394 2591 468 2646 suat
481 2601 778 2658 uaroracortsurgcas‚
800 2587 865 2659 pul·
921 2586 1067 2660 Utramque
1091 2587 1216 2645 nimirum
1243 2590 1453 2663 prosperitatem
1477 2591 1597 2651 humano
1620 2597 1717 2668 generi

58 2681 124 2740 cluo
140 2684 177 2736 act
194 2678 274 2746 lanu,
292 2678 383 2735 electu
396 2682 429 2733 nt
442 2677 494 2745 sol,
511 2676 646 2734 terribilis
660 2679 693 2731 ut
705 2679 864 2734 castrorum
919 2676 1039 2733 invidere
1054 2684 1225 2735 noscuntur:
1247 2686 1362 2751 utraque
1377 2694 1428 2736 nos
1451 2678 1542 2753 [olion
1559 2681 1618 2756 eos]
1632 2683 1717 2743 lelici·

59 2766 400 2839 ocicaordtnctuilldorc.
417 2782 443 2832 v,
461 2767 547 2836 l-lb.)
561 2763 714 2836 intrepidus
724 2764 816 2838 itaque
836 2770 863 2822 et
919 2772 973 2822 tate
987 2764 1074 2823 813
1088 2767 1194 2838 privare
1209 2767 1387 2838 contendunt,
1404 2778 1431 2825 et
1445 2770 1549 2826 coelcsti
1579 2772 1718 2847 videlicet,

59 2858 171 2916 omnino
200 2855 362 2928 impavidus,
389 2855 476 2927 magis
490 2860 581 2910 numm
600 2852 816 2924 gratulabundus
836 2862 864 2909 et
918 2861 946 2908 ct
960 2861 1069 2909 terrena
1085 2869 1093 2919 ;
1109 2854 1158 2909 sed
1168 2853 1249 2928 longe
1263 2857 1378 2928 amplius
1392 2873 1453 2914 rore
1468 2858 1540 2925 cccli,
1564 2876 1646 2932 quarn
1659 2862 1719 2935 pin,-

59 2947 184 3013 laudans,
198 2944 285 3002 ocubs
299 2946 352 3001 tuis
364 2942 552 3000 considerabis
568 2962 575 2997 :
595 2958 648 2999 nec
662 2958 728 2999 sane
744 2943 800 3014 jam
818 2943 863 2998 vel
917 2940 1036 3013 guedine
1052 2951 1141 2999 terre.
1177 2947 1220 2998 An
1234 2960 1301 3001 vero
1314 2945 1468 3018 incongrue
1493 2946 1551 3002 haec
1566 2949 1717 3009 dixerimus

60 3033 295 3109 impugnationem
310 3032 465 3101 sustinebis,
478 3029 521 3087 vel
535 3029 655 3086 furorem
671 3030 792 3102 parebis,
814 3031 863 3087 sed
878 3002 901 3082 Β
918 3046 972 3102 quo
991 3030 1085 3099 latera,
1101 3032 1198 3104 quibus
1217 3032 1343 3088 nimirum
1357 3033 1491 3105 duplicem
1511 3034 1630 3093 bominis
1652 3037 1717 3093 sub-

59 3126 143 3200 magis
159 3122 368 3182 retributionem
384 3129 558 3193 peccatorum
572 3119 689 3175 ridebis.
917 3119 1045 3176 stantmm
1071 3128 1183 3176 constat
1205 3120 1299 3188 inniti,
1325 3136 1375 3178 vos
1399 3120 1529 3190 judicate.
1559 3123 1628 3179 Nam
1641 3126 1716 3198 quod

77 3219 120 3272 lo.
137 3215 174 3271 Et
187 3213 299 3287 quidem
314 3211 440 3267 ridentur
454 3207 582 3265 sufficere
597 3223 677 3279 posse
699 3207 780 3263 bodie
802 3224 863 3279 quae
916 3208 1065 3280 spiritualia
1080 3208 1189 3280 quidem
1204 3209 1277 3267 bona
1290 3209 1463 3266 attribuimus
1484 3210 1618 3284 dexterae,
1633 3214 1721 3272 sinis·

62 3304 223 3360 dictasunt:
240 3301 289 3357 sed
303 3300 392 3356 adbuc
402 3314 469 3354 sane
478 3297 584 3370 aliquos
595 3303 716 3353 vestrum
730 3296 862 3354 nonnulla
916 3313 968 3352 srae
982 3312 1048 3355 tero
1066 3298 1196 3366 carnalia,
1216 3297 1329 3356 minime
1355 3315 1466 3370 prorsus
1479 3317 1576 3358 vereor
1595 3319 1717 3375 arguen„

60 3393 180 3449 arbitror
194 3387 399 3462 exspectatione
413 3385 555 3456 suspendi.
570 3385 661 3441 lloret
676 3385 748 3439 enim
763 3384 862 3440 studio
916 3379 995 3451 dum;
1012 3379 1162 3451 praesertim
1183 3396 1199 3435 a
1218 3379 1307 3452 vobis,
1329 3381 1426 3453 quibus
1441 3396 1552 3454 semper
1565 3383 1646 3439 studii
1662 3394 1717 3458 est,

64 3482 153 3538 siores
167 3494 304 3552 quosque,
321 3476 349 3532 ni
364 3474 453 3540 lallor,
474 3472 603 3546 quidnam
623 3473 674 3529 sibi
689 3473 764 3540 velit,
788 3473 861 3547 quod
916 3484 968 3524 1¹0⁰
992 3466 1134 3524 dexteram
1153 3468 1302 3541 aliquando
1327 3470 1476 3537 sinistram,
1501 3488 1553 3528 nec
1576 3472 1716 3530 sinistram

60 3566 423 3643 adextrisquidemdecem
438 3563 531 3630 millia,
547 3579 563 3619 a
578 3562 695 3623 sinistris
708 3579 774 3620 vero
788 3563 863 3619 mille
916 3556 1058 3613 dexteram
1082 3565 1220 3629 reputare.
1246 3561 1304 3616 Nec
1327 3575 1393 3617 vero
1417 3560 1497 3616 aliter
1520 3576 1586 3617 vera
1605 3562 1717 3634 quidem

59 3661 186 3734 perbibet
201 3675 262 3715 esse
277 3671 399 3714 casuros.
414 3656 481 3711 Nam
496 3653 567 3709 latus
581 3668 647 3709 sane
665 3653 738 3724 quod
758 3651 861 3724 simpli·
914 3645 1054 3717 Sapientia
1067 3646 1175 3718 probat,
1205 3664 1287 3720 quam
1315 3654 1345 3704 nt
1368 3648 1397 3704 in
1421 3648 1529 3706 sinistra
1565 3650 1664 3707 divitie
1688 3658 1718 3708 et

58 3753 125 3808 citer
139 3750 250 3814 dicitur,
262 3746 369 3804 nonnisi
384 3746 522 3801 sinistrum
541 3742 594 3802 boc
607 3741 670 3798 loco
680 3740 763 3798 licere
774 3741 858 3814 accipi
914 3735 1010 3807 gloria,
1025 3735 1054 3790 in
1065 3736 1179 3792 dextera
1189 3745 1280 3793 nutem
1290 3735 1325 3791 sit
1339 3735 1528 3808 longiturnitas
1544 3737 1606 3795 vite
1618 3740 1713 3810 (Pron.

58 3851 132 3912 puto,
149 3836 301 3911 praesertim
315 3835 389 3908 quod
404 3835 528 3890 dextrum
543 3830 654 3904 quidem
678 3828 860 3886 incontinenti
914 3840 952 3892 ιιι,
967 3825 1022 3895 lb).
1038 3824 1106 3880 Nam
1127 3831 1155 3881 et
1168 3827 1220 3882 boc
1234 3841 1300 3881 sane
1316 3825 1471 3881 nullatenus
1486 3827 1599 3899 expedit
1614 3828 1714 3900 ignora

57 3929 168 4001 proprio
183 3926 343 4001 designetur
355 3940 389 3980 ex
405 3923 526 3979 nominc.
543 3922 576 3978 llt
594 3919 705 3993 quidem
727 3935 783 3974 non
801 3919 859 3976 sine
914 3928 955 3984 rc,
974 3929 1091 3984 quanam
1106 3914 1183 3970 vobis
1197 3914 1385 3971 vehementius
1409 3914 1493 3972 instet
1507 3917 1636 3987 pervicax
1651 3919 1714 3976 bos·

56 4019 122 4076 certi
137 4017 244 4074 ratione
258 4013 380 4086 mysterii
403 4010 548 4069 asinistris
570 4009 677 4076 multos,
701 4008 749 4064 sed
775 4008 859 4066 multo
915 4002 980 4057 tium
993 4001 1146 4058 multitudo.
1163 4001 1220 4058 lllic
1230 4019 1329 4074 nempe
1339 4003 1484 4059 studiosius
1494 4006 1712 4077 repugnandum,

57 4108 152 4180 plures
161 4121 178 4160 a
187 4102 290 4161 dextris
305 4117 417 4160 casuros
431 4115 491 4157 esse
502 4098 661 4172 praedixisse
671 4096 787 4154 ridetur.
801 4095 860 4152 Nisi
914 4089 958 4146 nbi
969 4090 1077 4166 gravior
1087 4091 1334 4164 urgetneccssitas,
1346 4090 1393 4148 ubi
1412 4099 1500 4148 totum
1513 4094 1578 4149 belli
1588 4093 1713 4152 imminet

58 4193 129 4251 torte
145 4192 206 4266 quis
220 4201 274 4248 tam
285 4190 370 4247 hebes
380 4187 461 4244 luerit
475 4194 503 4243 et
512 4186 641 4250 insulsus,
656 4191 686 4239 ut
696 4184 723 4239 in
738 4198 772 4240 eo
786 4184 859 4256 quod
913 4182 1029 4253 pondus,
1042 4180 1088 4236 nbi
1102 4179 1301 4236 colluctationis
1324 4181 1392 4237 ratio
1412 4182 1542 4241 universa
1563 4183 1711 4242 consistit:

55 4283 166 4355 dicitur,
182 4282 272 4348 mille,
284 4282 312 4334 ei
326 4278 420 4335 decem
429 4274 523 4333 millio
535 4275 630 4344 (Cant.
646 4287 686 4338 vr,
703 4275 741 4342 9),
754 4279 858 4327 certant
874 4311 897 4390 Β
913 4271 986 4326 unde
1006 4268 1082 4327 vobis
1102 4277 1212 4341 paratur
1229 4277 1286 4326 tota
1299 4277 1347 4325 aut
1361 4269 1440 4328 victis
1468 4272 1651 4344 ignominiosa
1665 4289 1712 4330 ca·

55 4372 172 4445 exprimi
190 4378 266 4442 putet
281 4367 385 4424 numeri
403 4365 577 4429 taxationem,
594 4369 622 4419 et
638 4376 693 4418 non
709 4361 797 4433 magis
807 4375 857 4416 su·
912 4359 1032 4431 ptivitas,
1047 4366 1093 4413 aut
1107 4358 1276 4415 vincentibus
1289 4359 1376 4432 gloria
1393 4360 1571 4432 triumphalis.

55 4454 546 4534 perabundantemcomparationem.
576 4450 721 4508 Nosenim
736 4449 775 4505 sic
801 4465 857 4505 non
950 4452 993 4503 ll.
1005 4447 1127 4519 Denique
1137 4455 1250 4517 propter
1264 4449 1326 4513 boc,
1341 4463 1397 4504 non
1409 4448 1519 4520 quidem
1533 4450 1569 4506 ad
1581 4450 1713 4523 insipien-

55 4549 164 4605 divinas
179 4546 334 4619 Scripturas
357 4542 516 4614 accipimus,
541 4540 590 4596 sed
613 4555 703 4611 neque
737 4536 858 4593 Ecclesia

54 4639 117 4694 Dei.
135 4637 242 4694 Cadent
255 4651 322 4709 ergo
338 4651 353 4689 a
366 4630 483 4690 sinistris
497 4630 608 4703 quidem
626 4627 710 4692 mille,
725 4643 741 4682 a
755 4626 859 4682 dextris

56 4736 151 4784 autem
178 4726 275 4783 decem
292 4723 395 4780 millia:
426 4722 499 4795 quod
512 4720 639 4777 videlicet
667 4714 859 4773 abundantiori

57 4818 239 4893 malignitate:
253 4825 282 4874 et
309 4818 382 4874 uelut
395 4814 550 4887 copiosiore
573 4828 655 4869 manu
669 4808 772 4866 dextris
794 4807 859 4864 insi-

58 4923 133 4968 stere
144 4907 277 4981 partibus,
287 4908 414 4964 dextrum
423 4905 492 4962 latus
502 4915 632 4977 appetere
642 4899 857 4958 consuevissent.

58 5001 139 5072 Quod
153 5000 265 5073 quidem
279 4999 302 5055 si
315 5014 443 5072 magnum
458 4995 522 5052 illud
536 4993 662 5049 Ecclesiae
676 5007 775 5062 corpus
788 5004 859 5045 con·

59 5090 184 5145 siderare
197 5087 273 5156 libet,
289 5086 369 5143 facile
383 5086 452 5143 satis
475 5083 653 5148 advertimus,
669 5081 751 5155 longe
770 5078 860 5136 acrius

59 5177 214 5250 impugnari
232 5176 384 5249 spirituales
413 5175 486 5233 viros
513 5173 597 5245 ipsius
624 5170 750 5241 Enclsiue,
779 5182 860 5241 quam

59 5275 187 5333 carnales
215 5278 301 5348 {quae
319 5273 448 5330 nimirum
461 5272 518 5327 duo
533 5272 592 5341 ojus
606 5269 704 5333 latera,
732 5268 861 5322 dextrum

35 5364 256 5437 ·sinistrumque
278 5371 344 5435 puto
371 5378 428 5421 non
448 5362 674 5419 inconvenienter
700 5357 858 5431 accipimus.

60 5455 122 5526 Agit
148 5456 203 5513 boc
228 5468 297 5510 sane
325 5453 444 5525 superba
457 5467 567 5524 semper
589 5448 724 5513 invidiosa
744 5445 858 5515 malitia,

60 5531 861 5617 perfectioresquosquerebemeutiuspalsans,justaillud

915 4539 978 4595 tiam
993 4537 1078 4604 vobis,
1096 4537 1264 4604 tundendum
1290 4538 1377 4594 libere
1400 4539 1558 4597 adversario
1582 4541 1713 4598 videmini

912 4629 983 4684 latus
994 4626 1152 4700 exposuisse
1168 4627 1319 4698 sinistrum,
1331 4632 1361 4680 ut
1371 4625 1514 4685 dexterum
1526 4630 1642 4702 proinde
1656 4637 1713 4687 tota

913 4716 1093 4774 sollicitudine
1103 4714 1285 4775 conservetis.
1301 4715 1365 4771 llaec
1380 4714 1506 4772 nimirum
1520 4717 1713 4775 commendata

913 4824 929 4863 a
942 4808 1059 4873 Christo,
1071 4813 1100 4862 et
1113 4804 1274 4862 Christianis
1288 4805 1415 4861 omnibus
1431 4804 1560 4861 imitanda
1575 4807 1712 4877 serpentia

914 4896 1057 4969 prudentia
1071 4904 1122 4962 est,
1135 4903 1164 4951 ut
1179 4901 1261 4966 caput
1275 4893 1361 4951 solum
1373 4902 1439 4964 toto,
1455 4893 1478 4950 si
1489 4910 1605 4952 necesse
1620 4894 1712 4968 inerit,

914 4985 1037 5058 exposito
1052 4999 1168 5056 corpore
1183 4991 1298 5040 tueatur.
1312 4983 1375 5039 llaec
1386 4998 1451 5039 vera
1465 4982 1649 5056 philosophia,
1661 4985 1713 5042 boc

913 5076 1053 5133 consilium
1068 5072 1213 5146 Sapientis,
1227 5081 1258 5128 ut
1275 5072 1349 5128 omni
1372 5071 1493 5129 custodia
1507 5082 1632 5131 servetur
1653 5088 1712 5140 cor,

914 5167 979 5239 quia
992 5181 1025 5222 ex
1039 5165 1098 5237 ipso
1113 5164 1169 5220 vita
1188 5161 1310 5233 procedit
1322 5164 1414 5231 (Pron.
1430 5177 1469 5229 tv,
1486 5164 1542 5234 ιδ).
1558 5164 1622 5220 llaec
1636 5161 1715 5218 deni-

914 5273 967 5333 que
982 5256 1070 5331 gratis
1084 5262 1112 5311 et
1124 5251 1311 5308 misericordia
1325 5251 1375 5307 Dei
1393 5251 1422 5308 in
1441 5268 1536 5311 servos
1544 5254 1614 5322 ejus,
1631 5259 1660 5308 et
1668 5266 1713 5308 re·

913 5355 1023 5423 spectus
1041 5344 1070 5399 iu
1084 5344 1187 5400 electos
1201 5338 1282 5408 illins;
1298 5347 1436 5397 uteorum
1451 5340 1560 5399 interim
1575 5339 1715 5409 sinistram

914 5439 1023 5514 quidem
1037 5433 1111 5494 velut
1124 5429 1308 5501 dissimulans,
1326 5428 1446 5487 dexterae
1456 5445 1565 5502 semper
1575 5429 1716 5487 studiosus

914 5533 1053 5604 protector
1067 5522 1186 5585 assistat,
1194 5519 1262 5578 ilinc
1275 5527 1318 5576 est
1331 5519 1405 5592 quod
1418 5519 1453 5576 de
1463 5535 1493 5576 se
1506 5508 1712 5592 ipsopropbeta
