3734 5948
113 209 165 264 ,ῃ
649 201 1262 264 εεειεεεεετοειεεεεεεεεο.,
1719 221 1773 279 sss

114 337 286 403 consurgent
309 332 403 386 contra
429 342 478 386 vos
501 325 529 383 in
551 325 670 399 judicio;
693 334 843 401 propterea
866 324 918 400 ipsi
933 343 958 425 Α
974 327 1003 385 in
1016 327 1082 387 ittet
1095 328 1123 385 Si
1137 329 1319 406 negligentias
1326 332 1488 407 planximus,
1504 334 1568 410 quid
1583 354 1672 397 causae
1685 349 1728 400 est
1741 349 1771 400 ut

112 419 222 494 judices
243 416 326 480 vestri
348 423 439 486 erunt,
465 415 527 489 quia
550 416 689 489 prophetae
709 416 917 490 obtemperave-
973 417 1126 475 recidamus
1141 437 1214 477 nuuc
1223 421 1250 477 in
1261 423 1393 479 casdeml
1408 425 1582 482 Inveniemur
1591 445 1664 487 nunc
1673 431 1770 489 iterum

114 517 190 578 runt,
210 524 260 566 vos
274 522 326 563 nec
340 505 456 562 Domino
478 507 680 576 prophetarum.
972 507 1070 565 curiosi
1084 518 1114 566 ut
1127 519 1200 579 ante,
1217 511 1324 569 verbosi
1343 522 1373 570 ut
1385 522 1458 582 ante,
1474 515 1545 588 pigri
1559 525 1587 573 ct
1600 519 1772 592 negligentes

152 603 196 657 13.
218 597 270 654 Ubi
285 604 326 654 est
341 594 414 669 quod
428 594 560 650 dicebatis
581 613 587 653 :
608 595 765 652 Descendnl
777 592 810 651 de
822 611 916 664 cruce,
972 606 1001 654 nt
1019 606 1093 665 ante,
1113 599 1184 669 vani,
1201 600 1352 673 suspiciosi,
1368 603 1546 671 detractores,
1567 605 1698 675 iracundi,
1714 625 1769 667 cre·

113 694 142 748 et
156 687 302 746 credimur
317 685 369 743 ei?
384 685 492 755 (llottlr.
508 699 598 751 xxviv,
615 684 673 757 la.)
687 684 779 741 Crucis
792 684 918 757 signacu·
972 685 1091 761 terisque
1105 687 1226 762 impliciti
1239 690 1319 758 vitiis,
1337 707 1397 764 quae
1410 699 1464 748 tam
1474 692 1553 748 anxie
1569 694 1770 768 deploravimus

114 775 173 832 lum
191 775 348 847 dirumpere
367 772 500 841 voluistis,
521 773 709 844 promittentes
723 774 757 828 ad
773 773 854 830 fidem
869 789 917 830 voa
970 778 1136 836 hisdiebus.
1157 781 1220 837 Lavi
1239 781 1324 853 pedes
1343 797 1431 851 meos,
1452 783 1588 856 quomodo
1611 785 1709 843 iterum
1725 789 1772 845 in·¹

113 862 287 922 introituros.
309 864 379 920 Ecce
400 870 536 936 apertum,
555 880 610 920 non
629 862 765 935 diruptum
789 872 830 919 est
846 880 854 923 :
870 862 914 918 in·
970 868 1089 939 quinabo
1112 867 1183 925 eos?
1206 868 1269 926 erui
1292 887 1335 927 me
1358 871 1474 927 tunicam
1502 888 1603 941 meam,
1631 879 1769 950 quomodo

114 957 207 1013 troile.
231 953 358 1027 Alioquin
380 953 404 1010 si
428 969 482 1010 non
506 953 616 1010 creditis
639 954 802 1028 resurgenti,
822 952 916 1026 utique
969 956 1079 1013 induam
1102 960 1183 1014 earn?
1202 960 1297 1029 (dont.
1321 976 1348 1028 v,
1369 960 1409 1032 3.)
1427 960 1488 1018 Non
1507 970 1549 1017 est
1568 966 1769 1038 transmigratio

112 1061 165 1103 nec
179 1043 365 1103 credidissetis
384 1042 570 1100 descendenti.
586 1043 614 1100 Si
628 1043 668 1100 sic
682 1060 729 1101 vos
747 1042 914 1099 scandaliza·
969 1047 1036 1116 haec,
1061 1045 1159 1104 iratres
1171 1066 1177 1105 ;
1189 1062 1245 1103 non
1264 1047 1302 1103 sic
1326 1048 1460 1105 videbitur
1482 1051 1612 1122 Christus,
1638 1069 1693 1110 non
1716 1054 1769 1112 hoc

111 1134 158 1191 bat
172 1133 365 1202 crnberisti;
380 1131 577 1190 verbumenim
591 1133 914 1206 crucistnooetcpntucm
966 1134 1020 1191 iter
1055 1152 1110 1209 quo
1137 1137 1263 1193 ostendat
1298 1136 1376 1192 nobis
1412 1139 1486 1195 Deus
1522 1139 1638 1198 salutare
1671 1158 1763 1200 suum.

110 1224 281 1282 aaudctom
299 1231 352 1288 est,
371 1221 408 1278 ait
421 1221 567 1294 Apostolus
582 1223 608 1292 (l
626 1225 688 1280 Cor.
708 1220 914 1294 1,23)3excitet
967 1225 1089 1299 Denique
1110 1227 1155 1299 qui
1174 1235 1249 1284 retro
1272 1225 1391 1298 respicit,
1415 1227 1543 1301 indignus
1557 1235 1598 1285 εει
1614 1247 1701 1303 regno
1716 1231 1768 1291 Dei

110 1327 159 1368 vos
173 1312 270 1369 saltem
289 1311 397 1367 novitas
416 1311 633 1368 resurrectionis.
654 1310 809 1367 Invenimus
822 1325 871 1365 nos
884 1308 912 1365 in
966 1317 1045 1388 (Luc,
1061 1330 1101 1382 rx,
1118 1314 1173 1388 aa).

110 1418 191 1460 cruce
210 1400 335 1474 gloriam.
350 1401 436 1457 Nobis
454 1400 501 1474 qui
519 1401 666 1467 salvamur,
686 1399 736 1457 Dei
758 1400 844 1457 virtus
858 1405 910 1466 est,
1003 1407 1046 1460 ιι.
1063 1403 1107 1460 Sic
1136 1409 1271 1460 amatores
1298 1403 1398 1471 sacculi,
1422 1402 1523 1461 inimici
1545 1405 1634 1463 crucis
1654 1406 1766 1479 Christi,

110 1498 138 1548 ct
158 1490 291 1559 omnium,
312 1498 341 1547 ut
365 1490 542 1558 ostendimus,
556 1491 697 1563 plenitudo
714 1489 853 1548 virtutum.
871 1488 912 1544 Sit
966 1493 1044 1563 cnjus
1061 1492 1089 1548 in
1102 1508 1202 1551 vanum
1216 1500 1329 1563 accepto
1343 1494 1454 1549 nomine
1470 1493 1597 1551 dicuntur
1609 1495 1765 1565 Christiani,

109 1581 188 1641 vobis
197 1596 261 1654 pars
275 1580 319 1637 vel
333 1580 362 1636 in
377 1580 588 1638 resurrectione.
604 1580 659 1637 Sed
669 1580 739 1637 forte
749 1587 777 1636 ct
791 1578 845 1648 illa,
858 1578 911 1636 irno
966 1587 1021 1639 toto
1033 1584 1085 1639 hoc
1096 1590 1218 1654 tempore
1228 1582 1456 1659 quadragesimali
1466 1583 1500 1638 ad
1514 1583 1648 1640 instantes
1662 1583 1767 1641 inhiant

111 1671 196 1728 multo
212 1669 299 1746 magis
312 1670 357 1726 illa
372 1686 420 1727 vos
438 1670 612 1738 scandalizat,
635 1675 662 1726 et
675 1670 743 1727 odor
758 1669 818 1726 vitae
833 1669 912 1725 nobis
927 1661 949 1739 Β
965 1671 1024 1727 dies
1044 1670 1271 1741 Resurrectionis,
1300 1673 1354 1729 heu
1370 1669 1376 1727 l
1407 1678 1438 1729 ut
1469 1672 1580 1730 liberius
1606 1672 1767 1750 indulgeant

108 1761 137 1818 in
162 1762 255 1830 vitam,
280 1761 356 1817 vobis
381 1769 408 1818 et
430 1761 499 1817 odor
521 1761 616 1817 mortis
638 1761 665 1817 in
689 1769 814 1818 mortem.
840 1759 911 1830 Quid
964 1759 1103 1831 voluptati.
1125 1759 1282 1829 obnubilat,
1309 1760 1417 1831 iratres,
1443 1761 1622 1818 solemnitatis
1644 1762 1766 1820 laetitiam

109 1865 176 1923 ergo
195 1849 369 1906 insistimus?
389 1850 452 1905 Non
476 1849 593 1906 sustinet
612 1849 706 1906 audire
721 1849 911 1922 symphoniam
964 1850 1079 1906 rnatcria
1102 1848 1224 1917 tristior;
1250 1849 1299 1905 εει
1318 1849 1403 1921 ipsius
1415 1850 1568 1924 plangimus
1586 1850 1766 1909 solemnitatis

109 1949 135 1997 et
153 1941 270 1997 chorum
289 1938 380 1997 senior
399 1939 492 2007 irater,
512 1939 633 1996 occisum
656 1939 735 1995 nobis
758 1938 910 2012 saginatum
963 1938 1099 2010 iuJ'uriam,
1124 1955 1206 2012 quarn
1227 1938 1397 1996 dissimulare
1416 1954 1473 1996 non
1497 1955 1641 2010 possumus
1663 1939 1765 1998 necin

107 2029 222 2086 vitulum
242 2029 407 2101 indignatur.
424 2027 502 2085 Foris
515 2035 578 2096 stat,
602 2029 712 2085 omnino
726 2043 781 2085 non
797 2028 909 2101 acquie-
963 2028 1031 2100 ipsa,
1053 2029 1106 2084 imo
1118 2028 1207 2084 minus
1225 2028 1253 2083 in
1268 2029 1339 2100 ipsa.
1352 2028 1423 2085 Prolt
1441 2027 1535 2084 dolor!
1555 2028 1685 2099 peccandi
1699 2035 1766 2085 tem·

108 2118 158 2175 scit
171 2118 275 2174 intrare
291 2119 367 2191 (Luc.
384 2134 433 2187 xv,
451 2117 505 2189 ιδ).
524 2117 711 2193 lngrediamur
725 2134 786 2188 nos,
802 2118 908 2187 iratres,
963 2135 1025 2189 pus,
1047 2117 1179 2175 terminus
1198 2117 1337 2174 recidendi
1353 2117 1423 2173 lacta
1438 2127 1479 2174 est
1494 2116 1656 2173 resurrectio
1671 2117 1764 2174 Salva-

109 2214 136 2262 ει
150 2206 296 2278 epulemur
314 2206 341 2260 in
360 2205 461 2278 azymis
484 2204 647 2263 sinceritatis
666 2215 692 2262 et
707 2207 847 2277 veritatis;
865 2216 909 2263 ει-
963 2206 1049 2263 torisl
1074 2207 1115 2262 Er
1138 2208 1189 2263 hoc
1211 2222 1311 2278 nempe
1335 2206 1546 2263 comessationes
1569 2213 1597 2261 ει
1616 2205 1765 2263 ebrietates

109 2295 182 2354 enim
198 2297 301 2351 Pascha
316 2303 439 2352 nostrum
451 2295 603 2352 immolatus
614 2304 656 2352 est
670 2297 791 2354 Christus
806 2295 831 2369 (l
847 2299 909 2356 Cor.
963 2296 1088 2364 redeunt,
1109 2295 1207 2351 cubilia
1220 2302 1248 2353 et
1265 2295 1437 2368 impudicitiae
1447 2303 1616 2369 repetuntur,
1630 2301 1658 2351 ct
1671 2295 1765 2351 laxan-

109 2404 135 2453 v,
159 2388 200 2458 7).
226 2384 429 2457 snplcctanrur
449 2386 654 2441 commendatas
676 2386 754 2441 nobis
777 2386 805 2440 in
829 2402 908 2443 cruce
963 2394 1006 2441 tur
1029 2384 1253 2456 concupiscentiis
1272 2384 1349 2442 frene
1365 2403 1372 2440 ε
1389 2385 1466 2458 quasi
1491 2399 1557 2441 vero
1580 2383 1614 2439 ad
1637 2382 1689 2440 hoc
1703 2400 1764 2441 surr-

110 2475 234 2547 rirtutcs,
259 2474 447 2546 humilitatem,
473 2475 639 2547 patientiam,
663 2475 855 2545 obedientiam,
881 2484 910 2534 et
963 2478 1064 2533 rexerit
1082 2475 1216 2546 Christus,
1239 2483 1267 2533 et
1286 2491 1342 2532 non
1361 2475 1448 2548 magis
1466 2484 1579 2549 propter
1591 2472 1764 2546 justificatio·

110 2564 281 2622 charitatem.
961 2581 1024 2623 nem
1039 2574 1171 2623 nostram.
1188 2566 1232 2622 Sic
1246 2565 1396 2635 honoratis,
1412 2563 1513 2634 miseri,
1526 2563 1671 2630 Christum,
1682 2579 1765 2637 quem

141 2655 190 2711 ιι.
205 2654 237 2710 ln
251 2655 301 2711 bac
314 2669 424 2727 quoque
440 2659 494 2710 tam
509 2653 645 2728 praecipua
659 2653 829 2713 solemnitate
843 2655 908 2729 quid
961 2656 1143 2729 suscepistis?
1160 2655 1279 2713 Venturo
1293 2656 1409 2728 parastis
1431 2653 1586 2727 hospitium,
1599 2652 1764 2711 confitentes

109 2742 319 2801 commendetur
337 2745 425 2814 nobis,
451 2745 544 2801 sedula
563 2745 728 2817 cogitatione
751 2763 907 2819 pensemus.
961 2754 1072 2817 peccata
1096 2762 1157 2802 cum
1179 2744 1292 2820 gemitu,
1313 2745 1477 2817 castigantes
1496 2759 1621 2816 corpora,
1647 2745 1765 2801 eleemo-

108 2835 216 2907 Nempe
248 2835 433 2906 resurrectio,
470 2834 600 2891 transitus
633 2845 660 2892 et
689 2836 904 2908 transmigratio.
961 2849 1043 2907 synas
1057 2833 1271 2905 impendentes:
1293 2841 1321 2888 et
1336 2848 1399 2889 ecce
1414 2838 1569 2905 susceptum
1583 2832 1698 2905 proditis
1712 2831 1764 2887 ini·

109 2925 231 2981 Christus
251 2924 333 2992 enim,
357 2923 465 2993 iratres,
488 2941 542 2981 non
565 2924 663 2981 recidit
680 2925 770 2994 hodie,
791 2928 840 2983 sed
862 2943 907 2983 re·
962 2924 1046 2993 micis,
1058 2923 1112 2980 imo
1125 2922 1197 2980 crire
1214 2921 1382 2994 compellitis,
1400 2921 1505 2992 priores
1517 2921 1653 2994 nequitias
1666 2922 1765 2980 admit·

109 3014 252 3071 surrexit:
282 3029 338 3069 non
361 3013 449 3082 rediit,
473 3015 522 3070 sed
545 3012 669 3085 transiit;
696 3014 907 3090 transmigravit,
924 2975 945 3055 c
963 3013 1053 3071 tendo.
1066 3014 1161 3086 Neque
1180 3012 1251 3069 enim
1260 3010 1424 3068 cohabitatio
1438 3026 1501 3067 esse
1511 3015 1600 3082 potest
1614 3010 1667 3067 luci
1677 3010 1711 3065 ad
1723 3017 1761 3067 te·

108 3120 162 3161 non
183 3103 324 3161 remcavit.
348 3103 471 3176 Denique
494 3112 521 3160 ct
541 3103 631 3175 ipsum
650 3104 723 3176 quod
738 3104 909 3162 celebramus
960 3102 1177 3172 nebras,Christi
1191 3098 1765 3176 cumsuperbia,cumavaritia,cumamhi-

109 3194 222 3259 Pascha,
254 3191 393 3260 transitus,
410 3209 465 3249 non
499 3193 601 3250 reditus
628 3193 826 3267 interpretatur
850 3213 857 3250 ι
881 3202 909 3251 ει
962 3192 1046 3261 hone,
1067 3208 1127 3249 cum
1152 3189 1273 3247 fraterno
1294 3189 1366 3257 odio,
1388 3204 1448 3244 cum
1463 3187 1577 3255 luxuria,
1596 3203 1656 3243 cum
1676 3186 1763 3244 iorni·

108 3282 233 3353 Galilaea,
248 3281 296 3336 ubi
314 3280 448 3338 videndus
467 3281 546 3338 nobis
567 3281 733 3354 promittitur
750 3283 797 3356 qui
815 3299 908 3340 resur·
962 3282 1079 3339 catione.
1103 3280 1173 3352 Quid
1191 3280 1263 3337 enim
1283 3280 1372 3335 minus
1389 3276 1517 3351 praesenti
1535 3277 1660 3347 debetur,
1681 3292 1763 3351 quam

108 3372 188 3437 rexit,
212 3386 268 3427 non
292 3371 485 3427 remeationem
509 3378 599 3438 sonat,
623 3372 672 3429 scd
692 3373 907 3449 transmigratio·
961 3373 1102 3431 venturo?
1139 3372 1209 3442 Quid
1235 3371 1324 3427 minus
1356 3368 1518 3428 reverentiae
1552 3368 1764 3426 resurrectionis

107 3478 182 3519 nem.
203 3461 294 3519 Credo
315 3462 372 3532 jam
391 3460 543 3534 aliquorum
565 3461 674 3533 ingenia
698 3463 861 3535 praevolant,
881 3473 908 3522 et
962 3471 1069 3536 tempus
1083 3460 1176 3534 erigit,
1191 3478 1272 3535 quam
1292 3459 1449 3534 passionis?
1469 3459 1524 3516 Sed
1535 3475 1594 3532 vos,
1604 3462 1635 3514 ut
1648 3457 1765 3515 manile·

107 3568 238 3626 quorsum
257 3552 315 3607 baec
333 3549 416 3607 velint
435 3550 558 3619 tendere,
583 3551 764 3623 suspicantur.
788 3553 909 3610 Dicimus
961 3559 1032 3608 stum
1047 3559 1097 3620 est,
1115 3560 1240 3607 neutram
1253 3550 1401 3607 honoratis.
1417 3549 1496 3618 Nam,
1508 3548 1531 3604 si
1540 3546 1764 3619 compateremini

107 3649 200 3697 tamen
215 3639 333 3697 breviter
350 3657 356 3693 :
372 3640 524 3711 praesertim
543 3657 578 3697 ne
599 3641 773 3698 devotionem
788 3651 908 3701 vestram
961 3649 989 3698 et
1012 3639 1232 3715 conregnaretis,
1254 3639 1277 3696 si
1296 3637 1541 3706 commoreremini,
1567 3643 1595 3694 et
1618 3640 1764 3692 conresur4

106 3731 133 3788 in
159 3738 232 3786 tanta
260 3727 430 3786 solemnitate
457 3729 592 3787 sermonis
620 3730 742 3787 videatur
770 3732 909 3805 prolixitas
961 3728 1073 3805 geretis·

105 3836 235 3878 onerare.
249 3819 348 3890 Sipost
363 3819 623 3877 consummationem
642 3819 730 3877 crucis
743 3820 772 3876 in
786 3830 908 3879 nostram
998 3817 1042 3875 17.
1061 3817 1141 3874 Nunc
1159 3823 1250 3873 antem
1273 3831 1307 3872 ex
1331 3813 1388 3872 sola
1411 3810 1607 3871 consuetudine
1631 3811 1764 3885 temporis

106 3913 178 3967 hauc
191 3908 383 3966 mortalitatem
397 3916 424 3966 et
441 3909 503 3966 vitae
517 3910 660 3981 presentis
673 3927 809 3968 aerumnas
829 3913 907 3969 Chri·
961 3917 989 3967 et
1017 3907 1186 3966 simulatione
1213 3904 1330 3980 quadam
1357 3902 1505 3960 humiliatio
1538 3902 1581 3958 illa
1607 3902 1761 3975 processit,

106 4008 166 4055 stus
194 3996 325 4053 Dominus
350 3996 509 4069 revixisset,
534 4014 586 4071 ego
614 4015 687 4070 eum,
717 3999 825 4071 iratres,
852 4018 907 4060 non
961 4014 1042 4074 quam
1063 4014 1118 4057 non
1141 4004 1263 4070 sequitur
1289 3993 1431 4053 exsultatio
1457 3993 1613 4067 spiritualis.
1641 3996 1763 4068 Propter

105 4086 245 4143 transiisse
261 4085 389 4150 dicerem,
410 4086 459 4143 sed
478 4085 591 4144 rediisse
605 4110 611 4158 ;
627 4104 681 4144 non
701 4089 908 4165 transmigrasse
963 4089 1058 4156 boant
1071 4087 1108 4143 ait
1121 4086 1276 4160 Apostolus,
1287 4084 1374 4144 mulli
1386 4083 1497 4158 infirmi
1510 4089 1536 4142 et
1549 4083 1713 4150 imbecilles,
1734 4089 1762 4142 et

102 4178 132 4235 in
145 4175 287 4233 sublimius
304 4175 416 4247 aliquid,
432 4177 482 4232 sed
503 4178 536 4232 ad
557 4184 656 4234 statum
676 4195 812 4236 remeasse
833 4181 908 4253 prio·
961 4178 1106 4236 dormiunt
1121 4177 1208 4234 multi
1223 4179 1246 4247 (l
1262 4178 1323 4236 Cor.
1339 4189 1378 4244 ει,
1400 4173 1455 4247 30).
1471 4174 1586 4246 Propter
1600 4173 1650 4229 hoc
1665 4173 1762 4229 crebra

105 4284 174 4323 rem.
195 4266 273 4323 Nunc
291 4273 382 4321 autem
402 4265 465 4338 quia
485 4265 590 4322 transiit
613 4267 641 4322 iu
665 4267 813 4324 novitatem
833 4269 904 4341 vitae,
962 4267 989 4322 in
1004 4265 1117 4324 diversis
1136 4265 1293 4337 regionibus
1307 4263 1445 4320 hominurn
1461 4261 1620 4328 mortalitas,
1636 4261 1760 4333 speciali·

104 4372 156 4412 nos
175 4371 283 4428 qnoque
297 4354 392 4411 invitat
405 4354 440 4410 ad
455 4355 606 4423 transitum,
622 4363 701 4415 vocat
712 4357 740 4414 in
754 4358 904 4415 Galilaeam.
963 4366 1004 4415 ter
1025 4357 1067 4412 his
1086 4355 1192 4412 diebus.
1209 4354 1280 4424 Quid
1299 4352 1397 4409 enim?
1417 4349 1587 4425 Deprehensi
1602 4350 1667 4406 estis
1689 4351 1762 4407 inter

104 4449 254 4520 Propterea
268 4445 402 4517 siquidem
417 4446 490 4519 quod
504 4455 625 4504 mortuus
641 4456 683 4505 cst
698 4457 820 4521 peccato,
835 4465 906 4506 mor·
960 4446 1106 4519 angustias,
1121 4444 1351 4518 prevaricatores,
1368 4458 1423 4499 non
1439 4443 1484 4515 qui
1503 4440 1760 4514 praevaricaticem,

105 4545 168 4592 tuus
182 4543 225 4592 est
239 4535 343 4603 semel,
363 4536 426 4609 quia
446 4536 518 4610 quod
532 4538 588 4608 jam
604 4537 677 4603 vivit,
697 4538 763 4596 vivit
777 4554 831 4596 non
846 4556 905 4596 car-
959 4538 1009 4594 sed
1033 4535 1078 4609 qui
1097 4532 1241 4606 persistitis
1260 4532 1286 4588 in
1308 4540 1428 4603 peccato,
1452 4531 1586 4587 addentes
1603 4531 1761 4603 praevarica-

104 4626 143 4692 ni,
158 4626 209 4681 sed
224 4624 291 4682 Deo.
960 4626 1070 4693 tionem,
1086 4632 1133 4679 aut
1146 4621 1256 4695 penitus
1270 4620 1481 4693 impoenitentes,
1498 4627 1544 4674 aut
1558 4619 1650 4691 tepide
1667 4620 1759 4693 preni-

141 4719 186 4772 15.
209 4713 280 4785 Quid
298 4728 348 4772 nos
366 4713 489 4783 dicimus,
511 4715 557 4787 qui
572 4727 676 4772 sacram
694 4716 802 4774 Domini
817 4734 905 4774 resur·
959 4722 1066 4781 tentes;
1082 4710 1293 4784 nccjpericulosa
1311 4709 1394 4783 [elios
1412 4708 1541 4782 pericula]
1556 4707 1700 4780 fugientes,
1717 4709 1759 4766 vel

104 4804 256 4862 rectionem
275 4804 385 4860 Paschae
403 4804 540 4876 privamus
554 4805 674 4873 nomine,
691 4814 722 4863 ut
733 4808 770 4863 sit
783 4808 862 4865 nobis
876 4809 903 4864 in
958 4811 1020 4877 post
1033 4803 1160 4859 miseram
1174 4799 1380 4874 experientiam,
1404 4798 1540 4855 incentiva
1559 4796 1672 4870 peccati.
1688 4798 1759 4852 Irre-

102 4892 221 4950 reditum
253 4891 339 4966 magis
367 4907 449 4963 quam
471 4891 499 4946 in
521 4892 685 4949 transitum?
712 4895 840 4951 Luximns
862 4896 904 4952 his
958 4893 1016 4950 tivit
1034 4909 1082 4949 vos
1100 4890 1225 4948 inimicus
1239 4887 1389 4963 perplexis,
1404 4897 1433 4944 ut
1448 4886 1484 4942 ait
1504 4885 1653 4960 Scriptura,
1667 4885 1759 4944 nervis

100 4981 211 5049 diebus,
231 4980 431 5051 compunctioni
450 4990 478 5039 et
495 4981 622 5051 orationi,
637 4983 763 5056 gravitati
777 4991 805 5041 et
818 4986 902 5041 absti-
956 4981 1142 5042 testiculomm
1155 4981 1223 5055 (lob.
1240 4996 1286 5048 xa,
1306 4981 1360 5052 ta).
1380 4978 1409 5033 Si
1428 4976 1479 5033 hac
1496 4974 1662 5034 conscientia
1675 4975 1756 5033 Chri-

102 5069 203 5127 nentiae
225 5069 318 5137 dediti
348 5079 509 5126 caetcromm
539 5071 720 5146 negligentias
749 5078 902 5145 temporum
956 5073 1175 5130 stisacramenta
1196 5068 1329 5142 refugitis,
1350 5065 1512 5123 nihilvobis
1531 5081 1757 5124 commonacum

100 5175 180 5218 sacro
202 5160 253 5216 hoc
275 5159 495 5234 quadragenario
519 5161 653 5218 redimere
673 5169 701 5218 et
720 5161 823 5219 diluere
850 5179 900 5221 cu·
956 5162 1074 5234 Christo,
1093 5176 1148 5217 non
1166 5158 1272 5216 habetis
1290 5157 1371 5215 viam
1390 5156 1419 5212 in
1439 5155 1527 5214 vobis
1549 5155 1642 5229 Ipsum
1664 5155 1757 5214 audite

102 5249 222 5323 pientes.
237 5248 500 5307 Communicavimus
513 5251 686 5324 passionibus
700 5251 809 5320 Christi,
824 5269 900 5310 com-
954 5248 1416 5311 dicentem:Nisimunducnueritis
1425 5263 1542 5307 cornum
1549 5247 1756 5315 Filirlromr'nis,

103 5337 219 5412 plantati
239 5338 265 5395 ei
287 5340 377 5397 denno
400 5356 492 5397 sumus
506 5358 556 5414 per
574 5340 737 5415 baptismum
756 5342 901 5417 quemdam
955 5343 1118 5403 etlibcrr'tis
1132 5343 1192 5414 ejus
1207 5342 1374 5412 sanguinem
1388 5355 1446 5396 non
1466 5338 1601 5397 habentis
1615 5340 1704 5395 uitam
1723 5339 1756 5397 in

100 5430 292 5502 lacrymarum,
309 5431 488 5505 poenitentiae,
502 5433 690 5491 consessionis.
707 5433 736 5489 Si
747 5449 813 5508 ergo
828 5449 902 5492 mor·
954 5434 1027 5494 coln
1041 5431 1133 5506 (toan.
1150 5447 1188 5498 vr,
1203 5429 1259 5505 bl).
1283 5429 1311 5487 Si
1334 5429 1445 5503 indigne
1464 5427 1609 5501 suscipitis,
1623 5425 1753 5500 iudicium

102 5518 141 5577 tui
161 5533 257 5576 sumus
274 5517 359 5579 898
379 5529 501 5596 peccato,
521 5525 659 5596 quomodo
678 5522 799 5582 vivemus
811 5522 903 5583 adhuc
955 5523 1032 5583 vobis
1045 5519 1224 5590 manducatis,
1244 5527 1367 5579 sanctum
1381 5535 1482 5595 corpus
1496 5517 1603 5578 Domiru
1615 5532 1671 5579 non
1685 5517 1755 5591 dijn·
