3734 5948
174 217 233 289 aa.

175 339 241 407 Quis
254 353 294 404 er,
310 332 449 394 Domine?
462 331 531 389 Hinc
545 330 666 404 protecto
680 331 759 387 datur
772 330 887 402 intelligi
910 328 973 402 quia
988 340 1011 418 st

170 444 237 484 vere
257 424 419 493 circumfusa
437 429 496 478 erat
515 420 552 476 illi
575 421 692 487 claritas,
716 436 772 476 non
798 419 897 475 inlusa.
918 420 974 474 Λιι-

170 516 263 571 diebat
292 513 390 569 Paulus
414 527 506 566 recem
540 509 657 577 Domini,
673 509 720 566 sed
746 509 841 565 facicm
867 507 973 564 Domini

172 621 227 659 nen
241 601 367 668 videbat;
386 599 514 672 quoniam
533 599 708 656 erudiebatur
727 598 761 652 ad
781 597 877 654 fidem:
898 604 925 653 et
943 605 973 653 ut

170 692 229 764 ipse
244 698 340 762 postea
354 688 458 755 docuit,
472 687 552 746 Fides
579 704 615 744 ex
633 686 734 744 auditu
752 689 841 756 (nom.
864 703 893 755 x,
916 688 970 755 ll).

171 778 238 848 Quis
263 795 303 848 ee,
326 777 433 849 inquit?
458 778 582 848 Ignotum
602 775 673 831 enim
694 777 918 848 persequebatur,
944 783 971 831 ct

169 867 232 926 ideo
259 874 421 925 consecutus
435 873 477 921 est
503 864 727 932 misericerdiam,
753 864 818 938 quia
841 865 971 935 ignorans

168 956 198 1025 in
213 954 402 1013 incredulitate
417 953 468 1008 boc
493 952 565 1008 iecit.
592 952 694 1010 Discite
718 970 753 1010 ex
775 955 839 1018 bec,
859 953 968 1020 fratres,

168 1047 271 1116 justum
284 1040 405 1113 judicem
425 1041 524 1106 Deum,
542 1056 596 1096 nen
616 1042 696 1098 mede
714 1041 779 1114 quid
799 1041 854 1111 fiat,
875 1042 970 1098 sedet

169 1149 223 1205 quo
238 1128 395 1196 animabat,
412 1129 604 1196 considerare;
620 1138 646 1188 et
664 1139 759 1187 cavete
779 1130 919 1201 deinceps,
934 1146 968 1187 ne

170 1221 231 1293 quis
244 1235 329 1292 parva
343 1226 462 1289 reputet,
477 1219 627 1290 quamlibet
642 1235 725 1290 parve
745 1218 863 1277 scienter
881 1219 968 1285 delin-

169 1323 254 1381 quere
278 1306 455 1364 cenvincatur
473 1305 566 1378 letius,
586 1307 728 1380 videaturl.
746 1307 833 1364 Nemo
851 1307 923 1363 dicat
940 1308 967 1364 in

629 208 658 265 S.
679 207 853 267 emanant
872 203 1016 263 ereans
1037 205 1369 284 eman-vattnnsls

1774 217 1831 289 aaa

1029 330 1114 400 parati
1129 340 1192 388 sunt
1218 331 1343 405 obsequi,
1357 347 1410 389 non
1421 330 1570 412 peremnia
1583 333 1661 408 sequi
1674 351 1830 410 preposue-

1028 428 1091 474 runt
1126 436 1199 487 eum,
1219 421 1337 493 quinon
1357 436 1442 490 suam,
1464 422 1513 477 sed
1532 421 1621 479 Patris
1640 425 1716 482 venit
1737 412 1830 489 tacere

1027 508 1201 568 veluntatem.
1233 510 1394 566 Discernuut
1416 518 1443 566 et
1471 510 1620 580 dijudicent
1642 513 1778 592 eligentes
1800 518 1830 595 iq

1027 597 1125 668 quibus
1139 599 1269 655 obediant
1283 598 1436 671 imperanti,
1451 597 1505 654 imo
1519 600 1546 653 in
1561 600 1659 671 quibus
1673 615 1828 678 praecepte·

1026 701 1083 739 rem
1109 703 1186 741 suum
1211 688 1330 759 ipserum
1353 687 1467 743 obedire
1491 689 1661 745 accessesit
1683 690 1825 767 voluntati.

1024 773 1183 843 Huiusmodi
1202 776 1303 847 itaque,
1324 768 1377 832 etsi
1395 776 1504 832 tolerari
1523 793 1552 832 se
1572 777 1691 845 rideant,
1707 789 1737 837 et
1756 766 1833 839 cone

1024 861 1152 919 descendi
1166 880 1197 919 ae
1219 880 1323 920 morem
1345 866 1404 938 geri
1423 865 1574 923 infirmitati
1592 882 1657 934 suae,
1671 867 1825 940 proficiant,

1024 952 1148 1023 obsecre,
1174 953 1328 1026 pudeatque
1352 970 1461 1025 semper
1484 953 1611 1026 parvulos
1635 955 1762 1026 inveniri,
1789 950 1834 1017 ne

1023 1041 1132 1112 quando
1154 1041 1224 1097 lone
1239 1043 1358 1099 audiant.
1382 1041 1452 1112 Quid
1475 1042 1556 1099 debui
1580 1044 1657 1100 vobis
1681 1044 1782 1113 iacere,
1799 1054 1835 1104 et'

1024 1145 1078 1184 nen
1092 1128 1143 1185 ieci
1168 1130 1182 1183 ‘l
1205 1139 1234 1186 et
1254 1130 1428 1186 abutentibus
1451 1130 1581 1203 patientia
1604 1139 1632 1187 et
1655 1133 1826 1207 benignitate

1023 1217 1138 1288 praelati,
1154 1217 1201 1273 fiat
1216 1219 1324 1275 tandem
1339 1219 1482 1276 mullitudo
1496 1219 1623 1276 exhibitae
1643 1221 1836 1301 miserationis.

1023 1305 1147 1362 cumulus
1162 1308 1242 1377 justae
1257 1307 1449 1364 damnationis.

167 1396 251 1453 corde
268 1408 331 1451 sue:
348 1394 429 1451 Levia
447 1402 510 1450 sunt
523 1395 585 1465 ista,
601 1410 655 1451 nen
671 1410 736 1451 cure
750 1394 967 1468 corrigere;nen
1056 1399 1082 1451 7.
1095 1398 1220 1465 Domine,
1234 1397 1362 1469 euidens
1380 1399 1421 1454 uis
1439 1397 1554 1467 secere?
1574 1400 1609 1454 nt
1626 1386 1767 1457 'Dominus
1788 1378 1833 1457 dd

168 1492 210 1541 est
224 1499 350 1558 magnum
365 1482 388 1538 si
409 1483 438 1536 in
458 1482 500 1538 bis
517 1498 642 1538 maneam
661 1483 811 1540 venialibus
833 1482 966 1539 minimis·
1020 1485 1228 1558 ittuor:Surpc‚
1239 1489 1268 1542 ct
1276 1485 1638 1563 iupredmeeieitetem;ibi
1647 1487 1763 1544 ductor
1773 1488 1826 1563 tide‘

80 1602 89 1613 =
168 1589 221 1645 que
236 1570 363 1643 peccatis.
387 1572 450 1627 llaec
472 1581 514 1626 ast
534 1571 618 1638 enim,
642 1571 819 1640 dilectissimi,
838 1561 965 1643 impoeni-
1018 1574 1086 1643 quid
1106 1577 1134 1629 te
1159 1577 1286 1645 operteat
1301 1576 1407 1644 secere.
1427 1573 1451 1630 0
1471 1574 1608 1645 Sapientia
1625 1575 1744 1631 suaviter
1757 1568 1837 1643 rerej

169 1661 264 1732 tentia,
288 1661 347 1716 baec
368 1658 535 1730 blasphemia
557 1659 585 1722 in
604 1660 733 1731 Spiritum
754 1669 887 1726 sanctum,
907 1663 964 1718 bla·
980 1643 1002 1721 Β
1018 1661 1145 1717 universa
1158 1660 1319 1733 disponens!
1330 1661 1446 1718 liumcui
1461 1661 1629 1737 tuloqueris,
1642 1650 1838 1734 erudiendum,

169 1747 293 1820 sphemia
312 1747 514 1804 irremissibilis.
540 1749 638 1804 Paulus
665 1749 776 1821 quidem
791 1748 965 1820 blasphemus
1018 1749 1053 1805 de
1068 1749 1207 1806 voluntate
1227 1759 1272 1807 tua
1286 1749 1372 1806 mittis
1385 1749 1419 1804 ad
1432 1750 1582 1821 bominem,
1596 1760 1627 1808 ut
1640 1751 1747 1809 socialis
1760 1752 1824 1810 vitre

170 1836 228 1904 tuit,
250 1836 299 1892 scd
318 1851 373 1892 non
392 1835 420 1890 in
439 1835 569 1907 Spiritum
589 1845 722 1906 sanctum,
747 1837 812 1910 quia
835 1837 965 1909 ignorans
1018 1838 1224 1905 commendetur
1243 1839 1355 1902 utilitas;
1373 1847 1400 1895 et
1421 1838 1534 1895 edoctus
1553 1855 1603 1912 per
1624 1840 1762 1898 bonrinem
1782 1826 1836 1915 di'

166 1924 230 1981 iecit
256 1924 284 1979 in
313 1921 511 1981 incredulitate.
544 1924 604 1980 Non
631 1925 660 1980 in
687 1925 816 1998 Spiritum
842 1934 965 1983 sanctum
1018 1934 1075 1982 scat
1090 1936 1117 1982 et
1132 1927 1350 1997 ipscsecundum
1366 1928 1456 1983 damni
1471 1927 1523 1983 sibi
1537 1928 1653 2002 gratiam
1667 1929 1824 1988 bominibus

165 2013 233 2068 dixit
246 2012 457 2084 blasphemiam,
479 2013 542 2070 ideo
556 2021 719 2072 consecutus
741 2022 783 2071 est
805 2013 963 2072 misericer—
1018 2016 1173 2072 subvenire.
1193 2014 1279 2073 958
1300 2017 1445 2090 Ingredere
1457 2019 1614 2076 civitatem.
1633 2016 1747 2093 Videtis,
1763 2016 1834 2097 ira--¹

167 2101 248 2159 diam.
1018 2113 1084 2170 tres,
1101 2120 1156 2160 non
1169 2105 1229 2161 sine
1248 2105 1339 2161 divine
1368 2105 1480 2162 consilio
1498 2104 1596 2162 iactum
1613 2122 1684 2175 esse,
1707 2115 1736 2163 ut
1746 2108 1836 2187 banc,

201 2194 228 2246 6.
253 2192 318 2259 Quis
340 2205 378 2252 es.
394 2189 530 2247 Domine?
544 2193 577 2248 Et
593 2194 731 2250 Dominus
750 2192 786 2249 ed
805 2209 887 2250 eume
906 2194 963 2267 Epo
1018 2192 1152 2249 civitatem
1174 2194 1282 2250 Domini
1305 2194 1433 2250 virtutum
1457 2194 1681 2270 ingrederemini,
1700 2196 1836 2264 divinam,

164 2295 226 2336 sum
236 2280 314 2336 lesus
325 2279 589 2351 deaurataeque
599 2288 630 2336 tu
639 2285 823 2356 persequeris.
834 2283 963 2353 Egosum
1017 2283 1123 2355 discere
1143 2282 1320 2340 voluntatem.
1341 2283 1421 2338 Plane
1437 2284 1482 2356 qui
1504 2291 1530 2340 te
1550 2285 1694 2342 salubriter
1712 2287 1836 2361 terruit„

163 2366 297 2437 Salvator,
317 2381 399 2437 qnam
415 2373 442 2421 tu
462 2368 653 2438 persequendo
672 2371 752 2440 petis.
768 2372 828 2446 Ego
840 2387 911 2438 sum,
927 2372 962 2427 de
1017 2380 1044 2427 et
1063 2370 1199 2428 correertit
1212 2387 1260 2428 cer
1279 2378 1352 2427 tuum
1372 2370 1406 2425 ad
1425 2371 1634 2442 desiderandam
1652 2373 1820 2449 veluntatem

163 2472 216 2528 quo
231 2464 259 2512 tu
274 2456 300 2511 in
314 2455 376 2525 lege
396 2461 440 2510 tua
454 2455 522 2528 legis
540 2458 698 2528 praedictum
713 2461 786 2531 qued
802 2461 893 2517 nescis
906 2461 961 2515 im·
1016 2477 1104 2527 suam,
1118 2460 1175 2531 ipse
1190 2459 1323 2516 libidini:
1339 2461 1437 2533 Surge,
1457 2466 1484 2518 et
1497 2461 1642 2533 ingredere
1659 2465 1817 2535 civitatem.

161 2548 278 2621 pletum:
298 2546 369 2614 Quia
383 2545 546 2612 Neueroeue,
565 2547 711 2604 receditur
725 2549 837 2618 (natet.
854 2564 885 2617 ιι,
902 2551 960 2620 23).
1016 2550 1069 2606 Sed
1084 2550 1147 2604 audi
1174 2565 1255 2621 quarn
1269 2548 1411 2605 manifeste
1433 2549 1461 2604 in
1476 2548 1517 2604 bis
1532 2558 1753 2624 quaescquuntnr
1765 2550 1834 2630 ves

161 2634 267 2712 Etillc:
283 2635 410 2698 Domine,
425 2634 491 2706 quid
502 2651 546 2691 me
560 2638 601 2692 uis
614 2637 962 2709 succretilaecplane,ira·
1015 2639 1130 2696 leoteria
1150 2638 1296 2710 sinplicitas
1309 2645 1337 2695 et
1350 2639 1500 2694 Christiana
1515 2640 1722 2696 commendatur
1737 2655 1819 2697 man·

158 2735 224 2790 tres,
239 2722 360 2797 perlecta
374 2722 558 2779 conversionis
575 2732 617 2779 est
633 2724 730 2780 torma.
749 2728 900 2791 Purotum,
922 2727 962 2782 in·
1016 2728 1141 2783 suetudo.
1158 2727 1363 2800 Apertisocutr's
1373 2727 1446 2782 nteit
1458 2727 1581 2784 uidebat:
1597 2727 1633 2784 ed
1645 2745 1752 2803 manue
1767 2747 1821 2788 ou·

161 2819 229 2890 quit,
243 2836 291 2877 cor·
305 2831 407 2882 meum,
424 2816 515 2884 Deue;
534 2824 669 2890 peretum
692 2835 740 2876 cor
757 2836 853 2877 ereum
873 2820 960 2891 (Prot.
1016 2816 1294 2875 tonstrelreioturot
1312 2817 1413 2889 hirqui
1429 2816 1817 2876 eomitatantereum.l³elix

159 2909 274 2979 cvn,t).
284 2910 409 2964 Paratus
418 2920 483 2960 sunt
493 2911 522 2962 et
532 2925 590 2964 uou
600 2924 664 2963 suen
674 2910 814 2972 turbatus,
829 2912 861 2963 ut
870 2915 962 2966 custo-
977 2947 999 3025 c
1015 2908 1132 2972 caecitas,
1155 2921 1208 2975 qua
1229 2904 1298 2977 male
1322 2906 1460 2976 quondam
1474 2904 1614 2961 illuminati
1637 2905 1664 2961 in
1686 2908 1838 2991 pravari-¹

158 2995 658 3067 diemntoudotetuetl'set.cxvrn,
676 2999 960 3069 determinantia
1014 2996 1130 3062 catione,
1161 2993 1268 3049 tandem
1298 2994 1324 3046 in
1353 2994 1533 3065 conversione
1559 2994 1629 3051 oculi
1667 2996 1837 3077 salubriter¹

158 3106 205 3144 nte
220 3091 260 3144 uis
274 3088 391 3161 furere?
415 3087 566 3142 Ovcrbum
590 3088 684 3154 breve,
699 3088 749 3142 sed
763 3088 884 3158 plenum,
911 3090 959 3144 sed
1014 3091 1194 3140 excurentur.
1210 3083 1283 3138 Sane
1304 3083 1374 3154 quod
1390 3084 1478 3139 tridue
1494 3083 1590 3140 Paulus
1604 3085 1664 3142 sine
1676 3083 1740 3142 cibe
1752 3082 1837 3149 'maa

157 3176 248 3233 vivum
263 3177 465 3251 eteilicax,sed
480 3177 676 3248 dignumomni
687 3174 859 3247 acceptione!
871 3177 958 3244 Quam
1014 3182 1059 3230 net
1074 3173 1222 3245 persistens
1237 3172 1264 3225 in
1279 3171 1414 3241 eratione,
1430 3172 1463 3227 nd
1480 3188 1528 3229 eos
1548 3173 1664 3231 maxime
1683 3175 1816 3246 pertinet,

158 3265 239 3337 pauci
252 3264 426 3322 inveniuntur
440 3268 467 3320 in
482 3267 533 3319 hac
548 3265 674 3335 perlectae
683 3266 846 3321 obedientiae
861 3265 956 3336 ferma,
1012 3263 1058 3335 qui
1069 3264 1174 3319 noviter
1189 3261 1288 3317 saecule
1298 3261 1529 3331 abrenuntiantes,
1538 3263 1653 3319 necdum
1668 3263 1696 3319 in
1710 3263 1818 3321 coelesti

159 3352 205 3424 qui
228 3369 305 3408 suam
329 3353 366 3408 im
388 3353 540 3425 abjecerint
566 3352 724 3424 volutatem,
748 3361 777 3406 ut
804 3370 839 3409 ne
867 3354 957 3425 ipsum
1012 3351 1198 3409 consolatione
1224 3350 1366 3422 respirant.
1392 3349 1550 3407 Sustineant
1564 3358 1671 3425 ergoet
1694 3353 1746 3424 ipsi
1761 3354 1818 3408 Do·

156 3439 268 3513 quidem
281 3456 330 3496 cor
344 3442 482 3513 proprium
493 3441 622 3507 babeant,
638 3447 667 3495 ut
682 3457 737 3496 non
752 3441 817 3512 quid
832 3442 895 3512 ipsi,
907 3444 957 3499 sed
1011 3443 1112 3496 minum
1128 3441 1157 3494 in
1172 3440 1246 3494 omni
1261 3438 1405 3510 patientia,
1423 3447 1502 3495 orent
1520 3439 1579 3496 sine
1599 3441 1816 3509 intermissione,

156 3529 222 3601 quid
239 3529 367 3585 Dominus
388 3529 463 3594 velit,
488 3528 562 3583 omni
578 3529 643 3584 hora
659 3529 809 3601 requirant,
834 3530 957 3587 dicentes
1012 3537 1178 3599 quaerentes,
1199 3535 1335 3599 petentes,
1362 3528 1512 3600 pulsantes,
1537 3529 1599 3601 quia
1624 3530 1752 3586 exaudiet
1767 3546 1817 3587 ees

155 3618 214 3674 sine
231 3618 442 3686 intermissione,
459 3620 586 3686 Domine,
603 3620 671 3690 quid
684 3636 729 3676 nte
753 3622 793 3675 oia
808 3623 957 3691 toreretet
1012 3621 1091 3675 Pater
1106 3618 1227 3674 coelestis
1240 3617 1268 3671 in
1284 3624 1405 3687 tempere
1421 3627 1583 3689 opportune.
1600 3618 1659 3675 Nen
1670 3616 1818 3677 oblivisce·

156 3708 221 3765 illud
235 3709 378 3776 Samuelis,
392 3712 522 3783 Loquere,
540 3711 667 3775 Domine,
682 3712 750 3782 quio
764 3710 844 3766 uadit
861 3726 956 3768 seruus
1012 3717 1054 3764 tur
1068 3724 1161 3765 cerum
1186 3707 1212 3761 in
1229 3706 1325 3772 tinem3
1345 3707 1446 3775 veniet,
1462 3715 1489 3767 et
1504 3723 1558 3763 non
1569 3708 1695 3764 tardabit.
1719 3708 1748 3765 Si
1763 3709 1815 3764 tri·
1831 3750 1837 3759 .

158 3798 248 3855 tuus?
264 3800 489 3871 (triennale).
506 3799 577 3854 Heu!
594 3798 686 3870 plures
701 3800 959 3871 habemusevange-
1012 3799 1066 3854 duo
1088 3795 1248 3853 sustinueris
1270 3812 1331 3851 eum
1356 3811 1411 3852 nen
1439 3797 1544 3853 habens
1567 3797 1642 3870 quod
1654 3798 1816 3869 manduces,

158 3885 201 3941 lici
214 3884 284 3939 illius
297 3887 372 3951 ceci,
389 3901 469 3957 quam
484 3887 547 3943 novi
568 3887 682 3957 apostoli
701 3886 861 3944 imitatores.
887 3888 957 3956 Quid
1011 3887 1118 3944 conlido
1138 3884 1201 3957 quia
1216 3885 1359 3940 miserator
1373 3891 1401 3940 et
1421 3884 1577 3956 misericors
1593 3886 1724 3943 Dominus
1737 3888 1824 3960 jeje.

161 3977 211 4042 uis,
226 3973 263 4027 ait
278 3973 409 4029 Dominus
422 3976 456 4029 ad
474 3990 575 4031 caecum
597 3976 683 4044 illum,
707 3982 741 4033 ut
757 3977 873 4048 sermm·
884 3977 957 4033 titt?
1012 3992 1076 4031 num
1091 3981 1118 4029 te
1134 3988 1188 4028 non
1198 3974 1323 4028 dimittet.

156 4065 234 4133 (bur.
250 4078 331 4128 xvrn,
350 4064 405 4134 tl).
422 4062 528 4130 Quanta
548 4070 589 4118 est
604 4064 748 4120 miseratio
757 4073 813 4138 tua,
829 4065 955 4135 Domine,

157 4159 258 4226 quanta
280 4152 403 4224 dignatio
427 4153 486 4208 tuel
512 4152 618 4208 Siccine
643 4154 773 4208 Dominus
796 4155 903 4226 quaerit,
930 4161 959 4210 ut

1048 4070 1074 4120 8.
1091 4062 1197 4119 Exinde
1205 4063 1316 4134 jubetur
1327 4063 1448 4120 Ananias
1461 4080 1557 4122 manus
1567 4065 1706 4138 imponere
1716 4064 1816 4137 smum

1014 4155 1063 4211 sed
1074 4162 1201 4225 tanquam
1211 4153 1282 4209 bene
1293 4153 1426 4222 eruditus,
1441 4169 1495 4210 nen
1511 4154 1640 4211 continue
1652 4154 1815 4227 acquiescit.

157 4240 230 4298 servi
249 4240 330 4297 iaciat
348 4241 533 4297 voluntatem?
550 4243 620 4297 l'erc
638 4257 727 4297 caecus
746 4243 801 4311 ille,
820 4242 885 4314 quin
902 4258 958 4298 non
974 4249 997 4328 ῃ
1013 4244 1080 4300 Vide
1095 4243 1166 4298 enim
1183 4242 1205 4296 si
1220 4259 1274 4298 non
1294 4243 1375 4299 etiam
1389 4243 1487 4300 l’aulus
1501 4244 1561 4316 ipse
1575 4243 1727 4303 doctrinam
1743 4245 1815 4301 maa

157 4330 350 4398 consideravit,
377 4344 430 4386 nen
450 4333 569 4401 expavit,
595 4347 649 4387 non
679 4331 852 4389 exclamavit:
880 4332 959 4388 Absit

158 4421 220 4488 hoc,
236 4419 361 4489 Domine,
379 4428 406 4474 tu
421 4421 567 4495 magisdic
582 4423 647 4495 quid
662 4438 705 4479 me
716 4422 807 4479 iacere
822 4422 902 4479 velist
915 4422 960 4479 Sic

159 4510 231 4565 enim
256 4509 345 4576 dccet,
369 4510 407 4565 sic
425 4511 535 4567 omnine
550 4512 663 4586 dignum
683 4521 735 4581 est,
758 4528 813 4568 non
835 4528 959 4568 meama

159 4608 196 4664 te,
212 4598 262 4655 sed
277 4614 293 4652 a
307 4616 350 4655 me
365 4607 437 4654 tuam
447 4601 570 4673 quaeriet
584 4602 642 4658 lieri
653 4603 830 4659 voluntatem.
846 4602 959 4666 Videtis,

159 4688 269 4755 iratres,
289 4689 429 4761 quievere
444 4691 597 4747 necessaria
621 4702 679 4748 emt
707 4695 758 4748 lrec
780 4693 876 4749 inloce
892 4707 959 4748 cen·

159 4777 259 4832 versio.
282 4776 326 4833 Sic
340 4777 473 4849 proiecte,
494 4779 534 4835 sic
552 4780 697 4836 multorum
717 4797 768 4855 usq
779 4799 803 4837 re
813 4783 891 4838 bodie
906 4800 958 4854 pu·

159 4865 370 4921 sillauimitaset
395 4868 560 4938 perversitas
583 4869 677 4943 exigit,
703 4880 731 4926 ut
753 4873 787 4926 ab
812 4872 852 4927 eis
874 4874 959 4945 quaeri

161 4962 296 5025 operteat.
310 4953 434 5025 Quidvis
449 4965 477 5013 ut
490 4957 586 5014 faciam
607 4959 674 5015 tibi?
687 4977 743 5016 nen
757 4962 809 5032 ipsi
822 4972 955 5035 quaerant,

161 5042 289 5106 Domine,
298 5043 417 5112 qutdme
425 5047 467 5101 uie
476 5047 591 5116 fecere?
601 5048 780 5107 Considerate
790 5067 902 5108 necesse
914 5055 959 5110 ba·

161 5130 228 5188 bant
243 5127 355 5183 ministri
378 5140 406 5186 et
424 5133 517 5190 vicarii
531 5136 641 5202 Christi,
656 5140 721 5211 quid
736 5140 958 5215 sibipraecipive-

157 5217 223 5276 lint:
239 5232 293 5276 nen
304 5217 355 5290 ipsi
365 5222 537 5281 considerant
550 5229 746 5300 quaeveluntas
764 5234 957 5307 sitprrerepto-

160 5307 281 5367 riallon
296 5310 500 5370 estobedientia
510 5330 604 5373 eorum
618 5317 709 5390 plena,
721 5337 775 5378 nen
788 5323 817 5378 in
832 5325 958 5380 omnibus

1009 4334 1114 4390 deinde
1143 4332 1253 4387 tradidit
1280 4332 1422 4404 discipule,
1452 4335 1573 4401 Nemini,
1588 4333 1726 4406 iuquiens,
1756 4336 1814 4391 cito

1014 4441 1116 4482 monus
1122 4423 1283 4495 importasti
1289 4423 1357 4478 lim.
1367 4437 1394 4491 v,
1402 4421 1460 4493 tt).
1477 4423 1558 4491 Vidit,
1569 4421 1816 4494 aitDominusQ'x'i),

1013 4516 1108 4570 vuum
1127 4515 1318 4585 imponentem
1334 4512 1387 4568 sibi
1400 4528 1514 4577 meus,
1533 4514 1566 4568 ut
1579 4513 1673 4568 uirum
1685 4513 1816 4583 reciptet.

1015 4604 1133 4665 Fratres,
1149 4602 1246 4656 Paulus
1260 4602 1312 4655 boe
1326 4616 1388 4656 oum
1402 4600 1524 4665 vidisset,
1541 4616 1595 4656 non
1609 4600 1744 4663 contiuuo
1755 4599 1815 4656 illu·

1014 4694 1130 4747 minatus
1151 4700 1202 4748 est.
1218 4690 1344 4760 Nunquid
1366 4705 1420 4745 nen
1439 4689 1606 4761 exspectavit
1623 4688 1736 4745 Ananiae
1751 4704 1813 4745 ma·

1013 4797 1090 4850 num,
1113 4780 1160 4851 qui
1175 4788 1335 4835 eventurum
1358 4795 1420 4835 eum
1437 4779 1506 4835 torte
1530 4779 1559 4834 in
1579 4778 1699 4836 somniis·
1712 4778 1814 4850 praevie

1012 4869 1070 4926 diti
1080 4870 1150 4941 (Act.
1160 4871 1213 4941 ιιι).
1226 4868 1357 4925 Heredice
1366 4868 1451 4938 vebis,
1467 4868 1630 4932 alienissimi,
1642 4868 1816 4940 quiavamr

1011 4978 1047 5019 ne
1062 4962 1123 5034 quis
1138 4960 1207 5015 sorte
1236 4960 1270 5013 sit
1285 4959 1428 5024 intervos,
1444 4958 1490 5031 qui
1499 4959 1557 5014 sole
1572 4974 1601 5013 se
1623 4956 1816 5030 somnieprae-

1010 5059 1098 5111 sumat
1120 5049 1296 5105 illuminatum
1319 5063 1393 5119 esse3
1410 5062 1462 5103 neo
1482 5049 1539 5116 jmn
1553 5045 1741 5120 aequanimiter
1762 5063 1813 5119 pe-

1011 5145 1094 5200 tiatur
1107 5140 1140 5196 ad
1151 5154 1259 5195 manum
1272 5137 1352 5208 trabi,
1368 5142 1416 5193 sed
1430 5136 1571 5194 ductorem
1581 5152 1643 5194 sese
1652 5135 1815 5208 protrusus
1832 5149 1834 5153 ’

1012 5234 1135 5291 alierum.
1164 5228 1214 5284 Cui
1243 5227 1316 5284 eninr
1344 5226 1460 5283 necdum
1487 5225 1728 5283 administrationis
1748 5239 1814 5284 cura

1012 5324 1136 5395 injuncta
1147 5326 1200 5384 est,
1221 5317 1264 5373 cui
1292 5316 1408 5374 necdum
1431 5316 1534 5373 credita
1569 5316 1748 5389 dispensatio,
1768 5314 1814 5373 cai

200 5486 260 5561 (ii)
276 5474 341 5546 nee
353 5488 449 5558 verbo,
462 5496 621 5566 parenthesi
634 5496 752 5556 indetis
766 5500 880 5571 inclusa,
894 5503 979 5562 Lucre
993 5499 1114 5560 narranti
1129 5496 1286 5566 tribuenda,
1304 5510 1360 5552 nen
1375 5496 1495 5555 Clinno.
