3734 5948
109 188 164 243 aba
573 179 603 235 S.
624 176 798 236 amarant
811 173 955 237 ffltffl
966 176 1292 239 &cretenensis
1702 176 1758 235 ιιι

109 317 192 384 tatem
215 321 321 372 comm,
347 312 374 362 et
388 304 416 358 iu
439 303 535 359 melius
549 302 649 374 aliquid
664 317 712 357 ens
732 315 904 372 promovere.
922 311 946 393 Α
964 308 992 355 ει
1006 317 1135 357 mensura
1151 303 1228 375 (Sap.
1243 318 1286 371 nt,
1302 302 1360 370 att
1377 301 1521 375 specialius
1534 311 1625 357 tamen
1643 315 1677 356 ea
1691 307 1763 356 tem·

109 397 197 454 Vultis
211 401 343 450 autemut
369 393 539 465 aliquatenus
563 389 733 448 consolemur
754 390 906 459 jumentum
962 403 1038 461 pora,
1059 390 1158 462 quibus
1171 391 1199 446 in
1222 392 1303 448 terris
1323 392 1396 448 visus
1416 398 1466 458 est,
1483 398 1510 447 et
1529 405 1590 445 cnm
1605 389 1763 445 bominibus

108 483 254 543 nostrum?
267 482 372 539 Samus
386 480 512 554 equidem
528 480 591 552 quia
614 487 723 536 eantare
741 493 796 534 non
818 477 904 534 novit.
961 485 1136 536 conversatus
1150 487 1202 548 est,
1219 496 1388 553 quecunque
1403 479 1432 535 in
1445 478 1486 536 eis
1499 487 1637 550 operatus,
1653 478 1761 535 locutus

109 575 207 646 Neque
221 570 294 628 enim
302 570 337 626 de
352 570 392 626 eis
405 579 448 627 est
461 569 507 643 qui
518 569 610 626 dicere
618 567 739 638 possint:
751 567 907 626 cantabiles
961 575 1008 621 aut
1020 584 1116 639 passus
1129 576 1180 636 est,
1194 569 1231 623 ita
1244 569 1387 640 disposuit,
1404 577 1433 624 ut
1447 584 1482 624 ne
1497 566 1637 623 minimum
1648 566 1759 639 quidem

109 662 181 719 milii
192 663 275 719 crossi
286 659 509 732 justificationes
524 662 582 713 tae
593 659 625 713 ie
637 657 908 728 locopcreqrinoiio·
961 666 1136 725 momentum,
1154 673 1188 712 ne
1202 673 1286 713 unum
1308 658 1363 714 iota
1387 674 1403 713 a
1424 665 1595 713 sacramento
1609 654 1758 721 vacaverit,

108 752 155 806 ais
165 751 324 820 meoe(l'sol.
333 746 627 818 cxvtu,5l).bttnmen
636 743 908 816 unumest,qnodne
961 754 1007 800 ant
1020 746 1248 816 preterieritsine
1260 747 1398 819 mysterio.
1410 744 1571 801 Evidentius
1585 753 1676 800 emen
1689 759 1761 815 qua-

108 838 175 895 mini
199 845 360 894 ceterorum
379 844 433 891 tnm
455 848 542 906 prope
557 840 600 889 est
618 833 760 889 Dominus.
776 835 842 889 Nam
856 847 908 888 neo
962 839 1023 890 tuor
1035 835 1173 905 proximos
1194 835 1263 904 dies,
1285 843 1314 892 et
1334 835 1423 907 ipsum
1438 849 1521 906 quem
1535 832 1616 889 hodie
1635 833 1760 893 colimus,

108 926 215 999 ipsiqui
227 925 367 981 hincinde
380 923 530 989 adhaerent,
548 931 602 979 tam
616 937 703 994 prope
718 937 780 980 eum
793 921 905 990 habent,
961 921 1115 979 illustravit:
1148 923 1220 978 diem
1252 923 1448 995 processionis,
1482 922 1554 977 diem
1587 920 1744 978 reiectionis

109 1024 139 1072 ut
147 1017 297 1086 jumentum
311 1012 354 1068 cui
372 1010 481 1067 insidet.
509 1012 544 1066 Et
562 1010 624 1068 andi
638 1012 691 1069 boo
704 1011 792 1082 ipsum
808 1026 824 1066 a
838 1011 907 1066 Pro-
961 1011 1104 1082 passionis,
1126 1012 1301 1085 requietionis
1314 1022 1342 1070 et
1356 1010 1564 1069 resurrectionis
1589 1025 1657 1066 sune.
1676 1012 1760 1065 Nota·

108 1105 204 1175 pheta:
227 1104 315 1174 Prope
340 1107 379 1159 εει
391 1102 528 1158 llomieos
551 1100 594 1157 ιιε
613 1103 663 1173 qui
681 1101 815 1159 tribulato
842 1105 908 1156 sent
961 1099 1031 1156 biles
1038 1100 1183 1156 admodum
1193 1101 1261 1170 dies,
1274 1110 1302 1157 et
1315 1101 1386 1157 inter
1401 1107 1516 1158 oaeteros
1529 1098 1652 1173 insignes
1661 1099 1748 1168 magis

108 1189 804 1262 maternarum,ta).1tsmetmaterquem
817 1203 906 1261 oeqro·
962 1188 1049 1244 Prima
1063 1189 1196 1262 siquidem
1220 1190 1266 1246 die
1289 1189 1404 1264 gloriam
1422 1188 1562 1261 suscipere
1577 1187 1761 1259 dignatusest

110 1285 213 1335 tantm
232 1278 307 1334 novit
320 1276 415 1346 lilium,
431 1277 519 1349 magia
533 1276 608 1334 levet
621 1285 649 1334 ει
662 1276 762 1350 saepius
770 1276 909 1349 amplecti·
961 1277 1114 1346 humanam,
1126 1287 1153 1333 ει
1166 1294 1228 1335 cum
1246 1278 1350 1351 ingenti
1371 1279 1490 1351 quodam
1513 1276 1640 1348 tripudio,
1665 1284 1695 1332 et
1714 1292 1761 1331 ex·

111 1374 154 1425 tur
167 1383 241 1425 eum.
256 1368 344 1423 Nemo
356 1365 439 1440 igitur
453 1365 619 1438 indignetur,
635 1380 716 1424 nemo
738 1368 905 1432 contemnat,
961 1365 1106 1423 sultatione
1119 1367 1252 1424 universe
1266 1375 1356 1436 terrae,
1367 1366 1565 1439 lerosolymam
1574 1379 1631 1421 uon
1644 1364 1762 1436 propriis

108 1456 175 1513 dnm
191 1455 307 1513 voluerit
329 1470 390 1512 esse
414 1454 514 1511 Cbrnti
536 1455 699 1524 iumentum.
723 1453 833 1511 Etenim
860 1453 907 1526 qni
962 1456 1001 1527 lut
1033 1456 1164 1513 hactenns
1191 1462 1380 1527 consueverat)
1404 1456 1534 1527 pedibus,
1564 1456 1614 1510 aad
1637 1454 1762 1524 jumento

108 1543 332 1602 scandalizaverit
345 1558 429 1600 unum
451 1541 487 1600 de
509 1541 614 1614 pusillis
636 1543 704 1612 istis,
724 1542 799 1600 illum
811 1541 906 1615 gravi·
960 1552 1054 1603 rectus
1066 1544 1178 1604 iutmrc.
1193 1545 1229 1602 ta
1243 1545 1302 1601 hee
1320 1544 1430 1616 quidem
1449 1544 1614 1617 preparatio
1638 1542 1674 1598 ad
1700 1557 1760 1614 pss-

69 1657 82 1671 =
110 1642 153 1693 ter
174 1632 299 1701 offendit,
324 1631 371 1704 qui
398 1645 447 1689 eos
478 1637 592 1704 tanqum
618 1638 705 1689 mater
722 1631 828 1704 gremio
850 1647 906 1688 snae
923 1615 945 1695 fl
961 1633 1065 1690 sionem
1080 1633 1139 1702 luit,
1155 1634 1271 1691 excitata
1289 1633 1353 1690 hino
1367 1633 1484 1689 maxima
1512 1632 1613 1689 invidia
1635 1629 1762 1688 sacerdo·

109 1724 184 1780 toret
197 1719 399 1789 misericordie,
416 1719 505 1777 donec
519 1721 692 1784 roborentur.
708 1720 788 1778 Unde
800 1728 828 1778 et
847 1735 906 1777 mo·
961 1729 1027 1781 tum.
1043 1722 1116 1780 Sane
1128 1730 1258 1780 venturas
1270 1722 1417 1796 aliqnando
1432 1721 1524 1777 turbas
1538 1730 1568 1777 nt
1583 1727 1761 1792 repetentes

109 1827 168 1867 rum
201 1809 373 1867 infirmitates
404 1808 602 1880 patientissime
642 1808 770 1867 serendas
811 1810 908 1866 beatus
962 1827 1025 1867 enm
1036 1826 1130 1883 regem
1145 1808 1761 1884 iacerent,iuqieuslegiturdeclinaaae(leon.

109 1900 271 1957 Benedictus
284 1897 424 1973 admonuit
437 1897 544 1971 (Repel-
560 1913 621 1969 cap.
636 1899 694 1970 ta).
907 1934 913 1951 ,
962 1915 1000 1968 vv,
1026 1900 1082 1971 lb).
1106 1900 1184 1956 Nune
1205 1915 1272 1958 vero
1296 1898 1379 1956 etiam
1403 1912 1458 1954 non
1477 1896 1607 1970 quesitus
1617 1895 1714 1963 adluit,
1732 1903 1760 1950 ut

143 1991 171 2044 ι.
186 1987 308 2056 Quatuor
319 2001 387 2059 erge
400 1993 465 2043 sunt
477 2001 581 2059 genera
604 1986 634 2042 in
657 1985 832 2058 processione
854 1987 909 2042 llo·
963 1996 1090 2060 tanquam
1106 2004 1154 2043 rex
1168 1988 1250 2044 lsrael
1269 1987 1454 2060 susciperetur
1467 1993 1496 2043 et
1516 1985 1711 2058 prediceretur
1725 1985 1761 2038 ab

109 2075 185 2134 mini.
210 2076 278 2134 lloni
302 2075 462 2149 prudentes,
486 2083 515 2131 et
538 2075 603 2131 boni
626 2073 777 2147 simplices:
803 2074 832 2129 hi
845 2081 909 2130 sunt
963 2077 1015 2135 eis:
1036 2077 1102 2149 quin
1116 2076 1198 2134 etiam
1211 2077 1239 2132 in
1253 2077 1312 2132 hec
1326 2077 1385 2146 ipsa
1400 2074 1536 2146 praeconia
1557 2089 1651 2131 eorum
1675 2072 1759 2144 (qnod

109 2167 156 2239 qui
177 2173 312 2239 preeunt,
342 2165 441 2238 etqui
464 2171 624 2236 sequnntur.
641 2164 731 2221 bonos
744 2172 834 2220 autem
857 2163 907 2218 ad·
962 2165 1074 2221 dubium
1088 2181 1142 2222 non
1155 2167 1208 2233 est)
1223 2165 1328 2221 animos
1341 2164 1475 2221 excitavit.
1491 2164 1535 2221 Sic
1549 2162 1675 2219 nimirum
1688 2161 1760 2217 etde

108 2253 175 2322 didi,
201 2252 265 2326 qnia
282 2253 432 2325 prudentes
456 2268 512 2311 non
531 2252 606 2321 boni,
628 2251 714 2325 iniqui
736 2259 808 2319 snut,
833 2253 910 2322 juxta
963 2254 1089 2325 passione
1105 2254 1248 2311 advertere
1263 2257 1313 2309 est.
1329 2252 1586 2325 Exiitquandoque,
1602 2261 1630 2308 et
1643 2251 1759 2308 abscon·

110 2342 191 2400 illud:
204 2342 464 2414 sopientesmntot
472 2342 788 2413 [ocinntmolaliercm.
797 2356 836 2407 tv,
847 2344 910 2412 ιιις
963 2343 1046 2399 ditae
1060 2343 1095 2397 ab
1109 2342 1158 2410 eis,
1166 2342 1269 2397 seilicet
1282 2341 1396 2397 luteis:
1413 2356 1465 2396 neo
1475 2341 1584 2397 volebat
1597 2342 1652 2411 jam
1665 2340 1761 2396 ambn-

111 2443 140 2490 et
152 2430 288 2502 simplices
302 2445 358 2488 non
382 2429 457 2498 boni,
486 2429 561 2486 stulti
583 2438 656 2486 sunt.
682 2430 712 2485 ln
734 2428 910 2501 processione
963 2431 1020 2487 lare
1035 2431 1123 2503 palam
1137 2430 1165 2485 in
1178 2430 1281 2497 Judea,
1296 2429 1343 2501 qni
1356 2429 1515 2501 querebant
1529 2444 1593 2485 eum
1607 2428 1761 2485 interlicere

108 2526 200 2577 autem
213 2517 329 2587 Domini,
342 2532 393 2575 nee
404 2516 515 2591 iniquus
526 2517 617 2575 locum
631 2517 723 2586 babet,
740 2533 792 2573 nee
801 2520 908 2574 stultns.
965 2522 1057 2591 (loon.
1073 2535 1123 2586 vrt,
1139 2521 1179 2589 t).
1196 2519 1291 2575 Sciens
1304 2527 1396 2575 antem
1410 2517 1484 2589 quod
1496 2516 1674 2574 venerithora
1688 2519 1759 2587 ejus,

109 2608 197 2668 Porro
220 2606 266 2680 qui
289 2606 431 2665 adbaerent
458 2605 494 2673 ei,
523 2605 727 2678 contemplativi
754 2612 828 2661 sunt.
856 2606 908 2674 Qui
963 2615 1091 2681 tanquam
1110 2615 1274 2679 potestatem
1292 2607 1397 2662 babens
1419 2610 1586 2677 spontaneus
1599 2605 1659 2678 ipae
1672 2605 1762 2661 seob-

108 2704 219 2771 portant
231 2711 294 2753 eum
308 2702 337 2752 et
354 2702 504 2754 onerantur
517 2709 561 2763 eo,
576 2694 628 2766 ipsi
642 2703 706 2751 sunt
727 2693 788 2750 duri
814 2695 907 2763 corde,
962 2697 1022 2753 tulit
1031 2695 1158 2768 passioni.
1169 2695 1393 2766 Decebatnempe
1401 2695 1559 2751 Pontificem
1569 2703 1691 2751 nostrum
1699 2702 1760 2750 ten·

109 2794 138 2844 et
150 2801 246 2859 parum
259 2784 362 2842 devoti.
377 2783 431 2841 Sed
444 2798 511 2843 ecce
535 2798 640 2840 ommes
662 2792 726 2839 sunt
749 2783 777 2839 in
798 2799 908 2854 prooes-
962 2785 1013 2843 tari
1020 2800 1070 2856 per
1080 2785 1171 2842 omnia
1180 2799 1228 2856 pro
1239 2782 1413 2841 similitudine
1423 2783 1527 2859 absque
1537 2789 1650 2855 peccato
1664 2783 1757 2854 (ltebr.

107 2875 186 2933 done
198 2873 317 2941 Domini,
333 2884 362 2929 et
375 2886 458 2929 nemo
471 2887 507 2928 ex
530 2871 596 2944 ipsis
620 2871 717 2928 faciem
739 2873 799 2943 ejus
821 2872 905 2928 videt.
962 2871 1757 2946 rv,lb):nttannamverusbomoetprospershominum,

107 2964 178 3020 Nem
191 2962 238 3036 qui
252 2961 420 3034 precedunt,
436 2959 561 3032 occupati
574 2968 638 3016 sunt
660 2960 689 3016 in
709 2960 829 3032 paranda
852 2959 904 3026 vin,
924 2929 946 3011 0
962 2969 990 3019 et
1003 2961 1117 3019 adversa
1129 2969 1285 3034 opportune
1297 2961 1405 3029 vitaret,
1429 2968 1584 3033 opportune
1597 2960 1759 3033 susciperet,
1780 2992 1786 3005 .

107 3051 214 3110 solliciti
234 3051 307 3109 caet
332 3057 446 3123 peecata
463 3058 492 3107 et
515 3049 681 3106 tentationes
704 3048 829 3107 eliorum.
855 3048 907 3117 Qui
962 3058 990 3108 et
1003 3059 1179 3123 utrarumque
1195 3050 1325 3106 rernmin
1340 3066 1371 3108 se
1385 3050 1447 3122 ipso
1461 3049 1541 3105 nobis
1558 3047 1677 3106 saluere
1692 3066 1761 3119 prae·

107 3147 268 3214 sequuntur,
283 3137 336 3213 ipsi
348 3138 460 3196 omnino
472 3137 569 3195 inciam
593 3138 653 3209 eina
666 3137 760 3196 videre
773 3153 829 3195 non
844 3152 907 3210 pns-
961 3140 1041 3196 beret
1053 3140 1217 3210 exemplum.
1233 3139 1267 3195 Ut
1278 3138 1351 3194 enim
1364 3137 1551 3209 temperantiae
1565 3147 1608 3194 eat
1625 3138 1762 3209 preconia

107 3236 185 3296 snnt;
209 3228 269 3297 sed,
294 3227 365 3284 siem
386 3227 473 3298 Moysi
488 3226 590 3283 dictum
605 3235 656 3295 εει,
672 3228 823 3300 posteriora
846 3227 907 3297 ejns
961 3229 1054 3301 populi
1068 3236 1095 3284 et
1107 3227 1198 3284 seculi
1210 3228 1291 3298 bujua
1309 3242 1441 3300 prospera
1456 3225 1602 3292 declinare,
1618 3227 1658 3282 sie
1671 3226 1760 3281 inter-

106 3316 212 3377 tident.
225 3316 381 3373 lamentam
395 3315 438 3373 oni
460 3314 570 3382 insidet,
586 3330 727 3388 nunqnam
748 3316 783 3370 ad
810 3315 906 3372 viden-
961 3316 1024 3373 dnm
1038 3316 1149 3387 justitie
1164 3322 1207 3372 est
1220 3323 1295 3372 certa
1309 3315 1419 3389 quidem
1434 3313 1636 3388 disponamus
1661 3314 1761 3369 admit-

109 3405 175 3462 dum
196 3403 270 3463 levat
292 3403 395 3471 oculos,
418 3402 468 3460 sed
492 3417 608 3474 pronum
630 3410 674 3460 est
686 3418 796 3474 semper
813 3403 841 3460 in
854 3411 907 3460 ter·
962 3413 1019 3462 tere
1043 3420 1091 3461 ea.
1117 3404 1275 3461 Persecutio
1298 3420 1408 3477 qnoque
1434 3411 1463 3461 et
1489 3401 1645 3475 temporalis
1671 3403 1761 3458 omnis

109 3507 177 3551 mm.
190 3491 244 3562 Qui
265 3505 334 3551 varo
349 3488 432 3551 882
452 3491 593 3549 soterem
616 3490 677 3564 ipsi,
703 3490 849 3564 equando
867 3493 907 3550 si·
960 3493 1109 3551 adversitas
1124 3508 1173 3565 pro
1187 3492 1247 3550 loco
1260 3501 1289 3549 et
1303 3501 1427 3565 ternpore
1442 3491 1592 3565 prudenter
1613 3490 1761 3561 aliqnando

105 3580 173 3641 dere
195 3589 320 3655 ponunt,
346 3579 395 3638 aed
422 3579 522 3652 raptim
547 3587 576 3638 et
603 3595 659 3636 non
686 3579 825 3648 continua,
854 3597 906 3637 nec
960 3581 1090 3654 fugienda
1103 3582 1167 3651 erit;
1195 3597 1256 3639 cnm
1277 3589 1368 3639 autem
1393 3597 1509 3639 necesse
1532 3578 1624 3650 luent,
1648 3579 1760 3637 viriliter

106 3671 188 3744 plene
198 3670 263 3729 dum
278 3665 481 3729 adhaerentia
495 3668 549 3727 via.
573 3670 702 3726 Attamen
717 3676 846 3742 qnantum
870 3669 905 3725 ad
960 3669 1112 3730 toleranda.

105 3760 182 3828 alim,
207 3759 259 3831 ipsi
281 3758 370 3831 megia
384 3757 453 3817 lacis
467 3759 502 3816 td
517 3757 615 3817 taciem
628 3774 691 3815 enrn
710 3758 814 3827 vident,
828 3759 906 3829 juxta
995 3764 1022 3816 ι.
1046 3760 1083 3817 Et
1101 3760 1130 3815 iu
1152 3760 1195 3816 his
1222 3758 1332 3833 quidem
1356 3758 1462 3817 duobus
1488 3757 1706 3833 (prosperitatem
1731 3770 1760 3815 et

105 3847 179 3920 quod
201 3847 267 3906 item
290 3846 374 3921 [alies
396 3847 571 3922 affectuosus}
595 3847 631 3904 de
658 3847 751 3920 lloyse
775 3847 904 3918 scriptum
959 3848 1152 3907 adversitatem
1166 3847 1274 3920 loquor)
1294 3847 1412 3903 humana
1434 3847 1522 3906 omnis
1544 3847 1599 3906 vita
1621 3856 1757 3904 versatur.

105 3943 158 4004 aet,
181 3935 245 4008 qnia
257 3934 365 3993 celeus
386 3935 497 4008 quidem
511 3935 652 4008 prophetis
674 3952 726 4008 per
739 3935 857 3992 visiones
877 3941 905 3992 et
959 3937 1138 3994 Nihilominus
1152 3945 1243 3993 autem
1257 3937 1284 3992 in
1300 3936 1353 3993 illis
1366 3947 1483 4011 quatuor
1496 3937 1642 3995 notissimis
1665 3937 1758 4009 utique

104 4023 219 4093 mmnm,
248 4023 334 4096 llovai
359 4037 425 4083 vero
452 4023 520 4081 iacis
548 4027 583 4081 ad
610 4024 707 4082 taciem
730 4023 901 4098 loquebatur.
958 4027 1103 4099 speciebus
1116 4027 1201 4084 virtus
1214 4025 1343 4084 universa
1356 4027 1487 4086 consistit.
1503 4027 1542 4082 lta
1565 4042 1634 4100 ergo
1647 4041 1757 4083 omnem

105 4111 243 4181 Qumtpm
258 4113 292 4169 ad
306 4112 407 4185 planen
419 4128 487 4171 sane
497 4113 643 4181 visionem,
655 4128 707 4170 nee
716 4112 775 4184 ipse
784 4115 902 4186 Moyses,
959 4116 1087 4173 virtutem
1106 4115 1220 4188 implere
1233 4115 1324 4173 decuit
1339 4132 1412 4185 eum,
1428 4117 1458 4171 iu
1471 4131 1526 4189 quo
1544 4115 1652 4187 plenius
1677 4115 1757 4171 babi-

105 4201 171 4260 dnm
184 4202 289 4261 viverat
302 4202 330 4259 in
343 4203 395 4258 boc
419 4201 531 4271 maudo,
556 4203 704 4274 immtrare
725 4202 810 4272 potnit
825 4202 903 4258 faciei
959 4207 1032 4263 tabat
1045 4204 1134 4262 omnis
1148 4204 1288 4276 plenitudo
1302 4204 1416 4272 virtutis,
1432 4212 1463 4259 ut
1475 4212 1570 4260 notum
1593 4203 1671 4258 lieret
1694 4219 1757 4260 om-

104 4291 189 4363 ipeius
204 4290 350 4362 usionem3
365 4291 438 4363 quia,
454 4289 524 4348 sicut
538 4291 600 4362 ipse
609 4291 656 4359 ait,
671 4293 732 4351 llort
746 4290 850 4350 videbit
859 4310 904 4351 mc
958 4294 1039 4350 nibus
1048 4295 1111 4367 quia
1124 4294 1147 4349 is
1161 4293 1243 4351 sciret
1261 4293 1377 4351 maxime
1391 4291 1540 4359 abundare,
1556 4291 1638 4347 sciret
1657 4301 1685 4347 et
1704 4308 1756 4362 pe·

109 4380 766 4452 boare,etoioetlllaod.xxxtrt,23,ll‚2l).Non
778 4381 900 4448 videbor,
957 4383 1139 4456 nuriampati.
1154 4383 1216 4439 Non
1230 4381 1301 4438 enim
1325 4381 1376 4437 Dei
1398 4379 1536 4452 Sapientia
1559 4381 1594 4436 ιε
1617 4379 1659 4436 bis
1683 4390 1753 4447 erat,

102 4467 200 4541 inquit,
227 4468 255 4524 in
278 4468 329 4525 bae
347 4468 415 4526 vita:
442 4483 496 4525 non
510 4468 614 4526 videbit
629 4469 689 4543 quis
704 4470 798 4528 faciem
814 4487 903 4528 meam
958 4488 1027 4544 quos
1041 4471 1167 4529 occidere
1182 4468 1347 4543 prosperitas
1370 4485 1433 4539 sna3
1453 4485 1509 4526 non
1533 4470 1581 4526 liei
1604 4469 1696 4526 Virtus
1720 4468 1755 4525 de

105 4557 132 4614 iu
145 4559 196 4615 hae
210 4556 263 4625 via,
280 4563 307 4612 et
320 4557 348 4614 in
362 4557 537 4629 pmoessione
551 4557 614 4614 ista.
628 4558 691 4630 lpse
704 4559 904 4634 itaquemagna
957 4562 999 4618 luis
1019 4576 1087 4634 quos
1110 4559 1228 4633 perdere
1254 4568 1347 4632 posset
1370 4558 1485 4616 aversio.
1509 4559 1660 4631 Utmmqne
1681 4558 1754 4614 enim

105 4646 208 4719 pietate
220 4660 269 4703 sua
283 4646 367 4704 donet
381 4647 460 4703 uobis
474 4647 513 4703 sie
524 4646 552 4703 iu
567 4648 627 4719 ejns
640 4648 815 4720 processione
837 4664 901 4719 per·
957 4651 1091 4722 seriptum
1105 4653 1158 4719 est,
1171 4649 1244 4722 quod
1257 4648 1434 4722 prosperitas,
1450 4663 1506 4705 non
1529 4655 1620 4705 mmeu
1633 4647 1754 4704 omnium

105 4750 235 4794 severare
251 4735 316 4792 dum
330 4735 454 4805 vivimus,
472 4743 502 4791 ut
515 4735 543 4792 in
557 4736 901 4808 magnaillaprocessione,
959 4738 1009 4798 sed
1024 4738 1177 4806 stultorum,
1193 4738 1300 4795 occidat
1313 4738 1388 4797 illos:
1405 4747 1434 4795 et
1455 4737 1563 4798 aversio
1576 4736 1678 4810 ntique,
1698 4752 1754 4792 non

105 4838 159 4895 qna
181 4838 244 4881 cnm
257 4823 314 4881 suis
330 4824 458 4881 omuibus
470 4839 487 4879 a
501 4825 580 4882 Patre
592 4825 781 4896 suscipiendus
802 4832 853 4892 est,
874 4832 902 4882 et
955 4826 1146 4902 quorumlibet,
1161 4827 1211 4883 sed
1225 4827 1407 4899 parvulorum,
1428 4827 1526 4899 perdat
1548 4826 1608 4882 illos
1622 4825 1714 4898 (Prbo.
1731 4843 1751 4893 r,

103 4911 251 4968 traditurus
274 4927 387 4987 requam
410 4915 470 4970 Deo
492 4923 520 4971 et
535 4913 615 4982 Patri,
632 4920 752 4971 sancum
766 4913 900 4971 civitatem
957 4922 1002 4987 at,
1017 4919 1073 4988 32).
1089 4915 1175 4982 Quam
1191 4915 1316 4974 modeste
1335 4924 1425 4973 nmen
1445 4917 1515 4973 banc
1536 4915 1623 4986 ipsam
1646 4914 1755 4971 videtur

23 5018 28 5024 ·
101 4997 210 5072 ingredi
238 5015 391 5058 mereamur
413 5019 474 5059 cnm
489 5017 532 5069 eo,
548 5002 595 5074 qui
608 5002 674 5060 vivit
688 5012 716 5057 ει
734 5010 831 5074 regnat
851 5018 901 5074 per
955 5005 1069 5081 gloriam
1084 5003 1297 5076 suscepisse-ad
1312 5004 1500 5076 triumphalem
1514 5000 1601 5059 888
1609 5017 1752 5059 occursum

101 5086 194 5145 omnia
207 5087 305 5146 aeonia
323 5090 492 5150 seculorum.
507 5091 605 5148 tmen.
955 5095 983 5151 in
998 5094 1075 5152 asino
1088 5092 1210 5161 veniens,
1219 5108 1274 5151 non
1289 5093 1318 5151 in
1331 5092 1454 5150 curribus
1467 5091 1555 5148 autin
1569 5091 1753 5165 eqnisllltdi-

403 5196 524 5256 statmo
547 5198 593 5254 111,
961 5179 1575 5257 cebatzstqutsunbisattqsttotacmtdicte:
1587 5183 1754 5250 Qeiallorm-

103 5287 275 5360 nepoteque
287 5282 390 5353 ιιειεε,
402 5287 598 5360 peremere,
608 5287 784 5360 resectionis,
791 5290 901 5362 potale·
960 5275 1069 5332 ”villi
1077 5287 1146 5346 ‘illu’
1154 5270 1749 5342 mihil-¹¹¹‚3h3l-0luiffllissum.

229 5358 286 5424 arla,
305 5359 491 5430 requietionis
504 5363 534 5417 et
551 5361 776 5420 resurrectione.
961 5376 1031 5434 opus
1037 5357 1253 5432 suntetteupe
1267 5358 1389 5416 homines
1398 5367 1427 5417 et
1434 5360 1556 5430 jumenta
1565 5356 1751 5415 salvosiacere

145 5445 253 5503 acum
266 5445 764 5519 naitersalecesltllensinnumero,
778 5448 901 5520 pondere
955 5458 1079 5519 venerat,
1111 5447 1292 5521 multiplicans
1318 5448 1531 5506 misericordiam
1552 5462 1629 5504 mun
1665 5447 1752 5520 Deus,
