3728 5934
609 206 644 274 bl
662 210 766 274 aleno
785 210 813 274 S.
833 206 1007 272 mentitis
1025 203 1132 273 sabao
1150 208 1173 315 1ἶ
1664 216 1720 281 aab

10 365 16 379 ·
60 339 276 399 suasissem
287 336 382 396 molto
392 338 488 411 (lpoc.
504 352 564 408 ιιι,
576 341 603 409 l,
617 341 656 411 3).
665 338 779 397 Nostros
791 338 864 397 enim
878 351 903 431 Ι
954 339 981 397 o.
995 335 1064 407 Qnae
1077 336 1191 394 comita
1205 336 1270 408 ιίιιι,
1290 347 1414 411 pensate,
1428 346 1530 415 quamn
1542 341 1624 400 etiam
1639 343 1721 403 nobis

62 427 866 501 sudores,nonanosmostras,nonsuaslacrymasofferunt
922 425 1188 498 sollicitudineopns
1214 435 1266 499 ast,
1288 429 1470 501 dilectissimi,
1494 438 1524 487 nt
1545 429 1645 507 dignus
1667 442 1720 491 noa

10 544 19 587 ι,
60 518 121 576 Deo
136 517 241 575 :nobis
254 531 363 590 qnoque
373 518 433 589 ejus
443 532 556 573 munera
565 518 696 584 referunt,
707 526 735 584 et
744 532 798 574 non
808 533 868 575 sua.
923 515 1097 572 exhibeamus
1117 531 1212 573 eorum
1232 515 1397 591 frequentia,
1412 528 1440 576 et
1453 534 1487 577 eo
1502 520 1584 578 modo
1597 535 1719 580 conner-

98 610 128 664 3.
143 607 207 664 lion
223 607 263 664 sic
285 605 409 663 minister
423 605 467 662 ille
480 605 621 664 sublimior
635 606 749 675 eunctis,
771 606 818 664 sed
842 613 869 663 et
923 619 1014 662 ssmnr
1034 603 1063 659 in
1086 612 1232 676 conspectu
1252 607 1428 681 angelorum,
1457 624 1493 665 ue
1520 607 1591 667 forte
1608 620 1720 670 sanctos

10 740 12 745 .
60 695 198 752 humilior
221 693 364 762 universis,
378 694 426 765 qui
449 694 625 767 semetipsum
649 694 747 752 obtulit
763 693 868 751 sacrifi·
922 691 1094 749 offendamus
1112 693 1232 757 obtutus,
1264 695 1313 751 Vae
1342 695 1416 753 enim
1430 697 1521 765 nobis,
1551 697 1575 752 si
1609 701 1718 771 qnando

60 787 137 842 eiam
152 783 252 850 laudis,
268 783 317 854 qni
330 783 405 840 Patri
418 781 539 839 offerens
560 782 772 852 animamsuam,
788 784 867 841 nobis
922 779 1184 852 provocarim!
1217 784 1335 856 peccatis
1358 791 1385 841 et
1405 785 1581 862 negligentiis
1607 786 1718 856 nostris,

61 871 200 930 ministrat
213 885 299 942 usque
317 869 398 926 hodie
420 884 527 928 caruem
549 884 637 926 snam.
661 870 751 940 Huius
773 871 867 943 utique
920 867 1048 942 indignos
1070 885 1121 927 nos
1144 871 1326 940 judicaverint
1348 873 1492 944 praesentia
1514 882 1542 931 et
1566 873 1718 932 uisitatione

62 960 131 1016 tanti
144 959 265 1016 ministri
279 960 366 1031 pratia
380 957 447 1014 nihil
460 957 567 1027 mirum,
582 958 605 1014 si
619 957 761 1032 dignanter
775 958 863 1029 nobis,
920 973 980 1026 sua,
996 967 1026 1014 ιιι
1036 958 1092 1028 jam
1109 973 1221 1015 necesse
1243 961 1393 1017 habeamus
1416 969 1444 1018 et
1464 976 1515 1019 nos
1537 962 1675 1037 plangere,
1691 969 1719 1022 ct

62 1048 118 1106 imo
133 1056 163 1105 et
185 1048 301 1105 libenter
318 1046 409 1121 angeli
430 1048 514 1104 mncti
537 1046 702 1104 ministrent.
718 1048 774 1122 lpsi
792 1049 865 1106 enim
919 1045 1075 1103 dicereeum
1083 1048 1217 1117 Propheta
1232 1066 1240 1104 ε
1255 1049 1347 1106 Amici
1359 1053 1417 1110 arrei
1425 1055 1454 1108 et
1466 1053 1594 1124 proximi
1602 1053 1719 1110 melod-

10 1126 12 1207 ζ
64 1146 155 1195 amant
168 1152 230 1208 nos,
244 1137 309 1210 qnia
322 1151 373 1193 noa
393 1136 520 1194 Christus
540 1136 651 1194 amarit.
670 1137 775 1195 Dicitur
793 1149 864 1196 corte
918 1152 1032 1194 emaum
1042 1138 1612 1212 meopproptsqcooeront,certatorem
1626 1141 1719 1216 eloai

61 1226 171 1301 uulgari
183 1225 302 1300 quodam
317 1225 460 1296 proverbio
480 1221 556 1291 :Qui
580 1240 624 1281 me
647 1233 729 1296 amat,
744 1234 816 1282 amat
838 1233 865 1284 et
920 1224 1165 1291 iaatomeerant,
1176 1224 1209 1284 de
1220 1226 1300 1300 lotape
1313 1230 1564 1294 atelercret,etoim
1573 1229 1720 1300 faciebant

10 1302 14 1385 ’,
64 1331 161 1374 ιιιιιιι
174 1331 273 1372 meam.
294 1314 352 1371 Nos
370 1328 478 1381 vero‚o
498 1313 570 1371 beati
591 1312 694 1387 augeli,
713 1314 801 1371 catelli
815 1331 864 1371 su·
919 1313 1275 1385 quiqaoereboatorrimom
1287 1314 1718 1389 meam(Prol.xxxrn.l2,l3);

10 1478 12 1483 Ι
64 1420 123 1461 mus
134 1403 248 1461 Domini
262 1402 345 1470 illius,
361 1417 442 1474 quem
456 1408 532 1459 tanto
553 1400 654 1459 affectu
669 1401 797 1476 diligitis3
813 1418 864 1460 ca·
920 1401 1054 1475 elongatis
1067 1401 1198 1458 nimirum
1211 1402 1261 1473 eis,
1277 1418 1393 1475 quorum
1415 1406 1562 1476 presentia
1575 1414 1719 1480 protegere

67 1491 130 1561 telli,
149 1493 273 1564 inquom,
290 1491 430 1562 cupientes
444 1490 559 1548 saturari
581 1490 617 1548 de
636 1491 722 1560 micis,
743 1508 804 1565 que
818 1508 864 1549 ca·
920 1504 979 1558 nos,
1001 1497 1029 1547 et
1042 1491 1200 1563 propulsare
1213 1498 1319 1564 poterat
1339 1490 1488 1550 inimicum.
1510 1493 1588 1565 Quod
1610 1494 1636 1550 si
1661 1501 1719 1553 tam

66 1583 131 1639 dant
144 1582 180 1639 de
194 1596 289 1638 mensa
302 1581 473 1637 dominorum
487 1588 652 1649 nostrorum,
668 1580 715 1653 qui
729 1580 796 1638 estis
806 1598 865 1642 vos.
920 1581 1103 1637 necessarium
1144 1580 1276 1639 habemus
1317 1581 1522 1639 familiaritatem
1554 1582 1720 1658 dignationis

10 1732 14 1742 ,
67 1669 97 1725 Ει
111 1671 172 1728 haec
186 1668 311 1737 dixerim,
327 1667 433 1740 fratres,
447 1674 478 1724 nt
491 1666 649 1739 ampliorem
662 1669 696 1726 de
709 1676 809 1728 cetero
823 1685 867 1726 er·
883 1655 905 1735 Β
920 1668 1059 1742 angelice,
1075 1669 1194 1726 carenda
1217 1668 1297 1727 nobis
1323 1684 1420 1728 eorum
1442 1670 1560 1741 oflensa,
1581 1679 1609 1728 at
1628 1671 1657 1728 in
1676 1672 1721 1730 his

66 1775 97 1834 ga
123 1758 221 1815 beatos
244 1756 358 1830 angelos
380 1755 507 1812 fiduciam
530 1755 662 1823 habeatis,
691 1772 723 1815 ao
751 1758 867 1831 proinde
921 1756 1037 1813 maxime
1053 1757 1245 1825 exercendum,
1259 1758 1562 1829 quibuseoanorimns
1580 1759 1719 1819 oblectari.

66 1845 225 1904 familiarius
244 1845 273 1901 in
295 1844 368 1901 omni
383 1843 542 1902 necessitato
566 1851 656 1903 vestra
675 1860 772 1903 eorum
787 1848 866 1904 invo-
921 1844 991 1901 Sunt
1002 1843 1074 1902 enim
1084 1847 1200 1917 plurima
1213 1861 1274 1919 que
1289 1847 1328 1904 eis
1345 1847 1461 1920 placent,
1478 1856 1505 1905 et
1520 1862 1582 1919 qne
1597 1848 1626 1905 in
1640 1848 1721 1907 nobis

10 1922 16 2006 ζ
66 1932 264 2002 oetisanxilia;
289 1931 387 1989 sedet
410 1930 518 2005 dignius
542 1932 570 1990 in
594 1949 691 1990 eornm
722 1935 867 2005 presentia
919 1933 1040 1991 invenire
1062 1933 1179 1992 delectat
1194 1952 1201 1993 :
1216 1944 1247 1993 ut
1263 1943 1304 1993 est
1328 1936 1471 2002 sobrietas,
1505 1939 1624 2007 castitas,
1649 1953 1720 2008 pan·

10 2083 16 2094 ,
66 2021 229 2093 conversari,
246 2031 275 2080 et
288 2022 377 2094 magis
390 2036 423 2078 ac
437 2021 525 2095 magis
549 2037 645 2079 eornm
668 2023 748 2080 robis
770 2026 866 2083 conei-
921 2031 1011 2095 pertas
1025 2024 1185 2092 voluntaria,
1201 2024 1289 2082 crebri
1304 2024 1332 2080 in
1346 2025 1446 2081 coelum
1462 2026 1593 2098 gemitus,
1613 2032 1641 2083 et
1655 2039 1721 2084 ora-

66 2113 130 2170 liare
148 2111 275 2188 gutiam,
303 2118 412 2181 captare
431 2110 656 2179 benevolentiam,
677 2127 790 2171 exorare
807 2114 866 2173 ele—
920 2111 1021 2170 tionem
1037 2128 1098 2170 num
1111 2112 1251 2186 lacrymis,
1264 2120 1292 2170 et
1308 2113 1400 2171 cordis
1412 2113 1575 2172 intentione.
1590 2113 1720 2172 Attamen

67 2199 195 2258 mendam
217 2199 359 2257 studeatis.
385 2199 470 2269 Cujus
500 2198 540 2256 rei
567 2201 654 2273 gratia
682 2203 866 2260 necessarium
920 2215 1004 2273 super
1018 2201 1107 2259 omnia
1121 2202 1179 2258 haec
1193 2201 1324 2259 unitatem
1339 2210 1475 2274 etpacem
1489 2216 1505 2257 a
1519 2201 1721 2277 nobiaexigunt

66 2290 135 2347 duco
156 2288 223 2346 alias
237 2303 346 2362 quoqne
360 2287 483 2345 charitati
496 2297 593 2345 restrae
607 2303 744 2360 exponere
759 2306 864 2364 causas,
920 2288 1010 2361 angeli
1022 2288 1108 2362 pacis.
1124 2288 1224 2360 Quidni
1239 2291 1356 2346 maxime
1369 2290 1538 2349 delectentur
1552 2290 1580 2346 in
1589 2289 1641 2358 his,
1657 2304 1721 2365 quas

66 2394 124 2451 quae
142 2387 170 2435 et
188 2379 256 2452 ipse
274 2378 368 2435 beatos
388 2377 498 2450 angelos
515 2392 567 2450 pro
595 2385 687 2435 nostra
714 2377 866 2440 infirmitate
920 2376 1034 2434 formam
1048 2378 1191 2450 quamdam
1205 2377 1320 2435 civitatis
1338 2393 1396 2434 snae
1410 2384 1606 2450 representari
1623 2378 1652 2434 in
1666 2392 1721 2435 no·

10 2456 18 2467 '
67 2466 180 2524 reddant
193 2465 345 2534 sollicitos,
361 2467 465 2537 absque
487 2480 538 2521 sna
561 2480 626 2522 sane
647 2465 793 2533 anxietate,
816 2470 865 2526 sed
919 2466 971 2537 bis,
986 2473 1018 2526 ιιι
1032 2466 1165 2524 mirentur
1176 2466 1328 2524 Jerusalem
1339 2482 1438 2526 noram
1453 2467 1723 2526 interrafllicoan·

67 2573 118 2614 non
144 2555 248 2628 absque
270 2553 386 2612 utilitum
407 2562 521 2624 nostra3
543 2568 593 2612 nee
614 2553 648 2609 ad
671 2554 864 2613 detrimentum
919 2563 985 2627 tem,
1004 2563 1034 2612 ut
1051 2556 1190 2628 quomodo
1206 2556 1323 2614 civitatis
1342 2555 1415 2613 illins
1441 2555 1609 2629 participatio
1630 2563 1673 2613 est
1692 2555 1721 2613 in

69 2644 199 2704 felicitatis
212 2658 279 2716 soe,
294 2644 343 2700 sad
357 2643 392 2701 ad
408 2652 519 2713 nostre,
530 2642 627 2700 salutis
640 2649 827 2719 augmentum.
917 2643 1037 2717 idipsum
1055 2645 1144 2717 (Psoi.
1165 2660 1246 2716 exn,
1262 2647 1303 2717 3),
1318 2644 1397 2703 sicet
1416 2661 1467 2704 nos
1480 2645 1599 2719 idipsam
1615 2642 1721 2703 mnda-

99 2736 127 2789 d.
143 2733 255 2789 Constat
268 2731 327 2788 sine
348 2731 443 2802 dnbio,
466 2731 580 2788 rationis
603 2729 752 2804 participes
774 2741 802 2789 et
814 2748 862 2790 ca-
917 2748 988 2801 mus,
1005 2733 1123 2804 idipsum
1142 2734 1265 2792 dicamus
1277 2749 1383 2805 omnes,
1398 2743 1425 2792 et
1446 2751 1501 2793 non
1515 2735 1570 2792 sint
1593 2734 1621 2791 in
1641 2734 1722 2793 nobis

70 2839 146 2894 paces
160 2819 336 2879 beatitudinis
352 2820 487 2876 humanas
504 2818 610 2877 animas
623 2819 765 2894 angelice,
785 2822 810 2877 si
824 2820 866 2876 di·
920 2822 1089 2893 schismata3
1117 2824 1167 2880 sed
1187 2824 1277 2897 magis
1299 2838 1395 2881 omnes
1416 2824 1498 2882 simul
1516 2840 1602 2883 unnnr
1620 2838 1721 2897 eorpus

69 2928 127 2969 oere
142 2910 170 2968 id
183 2910 341 2977 audeamus,
356 2917 485 2981 cognatas
499 2923 560 2966 esse
578 2916 681 2966 natnrae
698 2926 705 2965 :
725 2924 777 2967 uec
789 2910 867 2967 decet
882 2939 905 3019 c
922 2911 1009 2970 aimus
1023 2912 1051 2969 in
1066 2913 1185 2984 Christo,
1200 2913 1302 2986 singuli
1317 2921 1408 2970 autern
1422 2914 1491 2970 alter
1503 2913 1616 2971 alterins
1630 2927 1720 2971 mern-

67 3017 124 3069 ros,
140 3016 158 3057 o
172 2999 246 3056 beati
269 2998 391 3069 spiritus,
406 3004 501 3056 contra
522 2995 590 3074 lepis
609 3005 775 3071 preceptum
789 2997 868 3056 dedi·
920 3001 978 3056 bra.

68 3088 151 3164 gnari,
169 3102 250 3159 quam
264 3085 374 3143 uisitare
388 3085 503 3157 debetis,
518 3085 636 3159 speciem
658 3093 783 3154 vestram,
804 3086 868 3144 licet
957 3091 983 3145 6.
996 3088 1020 3144 Ε
1038 3096 1131 3146 contra
1145 3103 1211 3146 vero
1225 3087 1294 3145 nibil
1308 3103 1385 3162 aqua
1398 3087 1524 3156 offendit,
1537 3096 1565 3146 et
1586 3089 1622 3146 ad
1644 3088 1720 3146 indi-

67 3178 93 3235 in
124 3176 252 3243 multam,
274 3181 305 3230 ut
325 3174 377 3246 ipsi
405 3175 527 3241 cernitis,
541 3175 646 3246 dejecta
672 3177 708 3232 sit
728 3176 865 3234 uditatem
921 3175 1076 3252 gnationem
1092 3183 1225 3246 provocat
1248 3191 1308 3244 eos,
1323 3180 1465 3250 quomodo
1486 3176 1669 3235 dissensiones
1691 3189 1721 3237 at

66 3265 118 3322 Sed
132 3279 226 3337 neque
246 3262 408 3319 arbitramur
433 3277 492 3329 vos,
512 3261 622 3333 superni
646 3263 730 3335 ciros,
753 3264 867 3324 civitatis
921 3263 1057 3333 scandab,
1080 3263 1105 3320 si
1123 3261 1195 3321 forte
1212 3264 1384 3324 inveniantur
1402 3265 1431 3322 in
1456 3265 1546 3323 nobis.
1570 3264 1721 3325 Audiamus

10 3351 20 3439 '-
66 3363 162 3414 restrae
176 3351 285 3412 excidio
311 3351 451 3423 delectari,
471 3359 499 3408 et
520 3350 599 3407 ruina
623 3366 773 3423 murorum,
800 3368 868 3427 quos
921 3351 1142 3428 siqnidem,quid
1156 3351 1284 3425 loquatur
1301 3352 1336 3409 ad
1349 3352 1506 3412 Corinthios
1519 3354 1631 3412 Paulus.
1649 3356 1721 3415 dom

10 3444 19 3523 J
65 3446 215 3502 semirutos
227 3457 288 3500 esse
306 3440 360 3515 ipsi
379 3440 487 3500 ridetis.
512 3440 593 3512 Cujus
608 3441 831 3499 instaurationem
844 3443 869 3499 si
921 3446 999 3503 enim
1007 3443 1046 3500 ait
1056 3444 1185 3501 intervos
1192 3443 1272 3502 zelor
1282 3447 1311 3500 et
1320 3445 1475 3516 renuntio,
1484 3458 1581 3504 nonae
1589 3445 1722 3503 ceresolas

10 3528 13 3539 '
65 3530 239 3598 desideratis,
254 3538 285 3587 ut
298 3529 411 3604 dignum
425 3538 480 3597 est;
502 3529 669 3603 frequenter,
683 3545 786 3604 queso,
807 3540 869 3590 ante
922 3533 1040 3598 eatis,et
1053 3530 1720 3605 secunda-mtominemamoctatis?(terrm,

10 3620 13 3630 '
67 3624 195 3680 thronum
219 3617 315 3693 gloriae
339 3618 453 3678 verbum
476 3620 566 3692 precis
589 3620 695 3687 iterate,
719 3621 866 3680 dicentes:
923 3620 963 3693 3.)
976 3622 1007 3677 ln
1025 3620 1148 3693 Epistola
1171 3633 1281 3693 quoqne
1295 3618 1373 3676 lndae
1388 3620 1502 3692 apostoli
1521 3620 1638 3694 legimns
1661 3621 1719 3680 sio:

65 3712 261 3784 teutmarus,
277 3711 406 3776 Domine,
421 3709 454 3766 ira
468 3708 540 3768 borao
561 3710 709 3766 voluntate
724 3713 776 3767 too
789 3711 868 3777 Sion,
923 3710 1035 3766 lliaant
1049 3709 1099 3781 qui
1112 3710 1259 3781 aemesam
1272 3709 1444 3781 semetipsos.
1460 3709 1610 3776 animales,
1629 3709 1722 3783 Spiri-

64 3805 100 3856 at
115 3798 297 3867 edificentur
309 3799 387 3856 muri
403 3798 560 3856 Jerusalem
571 3797 658 3865 (Paal.
674 3813 701 3870 s,
716 3797 773 3870 ab).
788 3796 817 3854 si
832 3798 870 3854 dl·
925 3802 987 3855 tom
999 3813 1058 3854 corr
1080 3795 1213 3853 babentes
1228 3795 1320 3867 (lude
1342 3797 1398 3866 19).
1418 3795 1516 3853 videre
1539 3804 1580 3854 est
1596 3796 1720 3854 animam

65 3888 152 3962 figitis
164 3888 290 3946 decorem
311 3887 409 3944 domus
422 3885 483 3957 liei,
498 3887 553 3943 imo
567 3887 630 3959 qnia
652 3902 714 3944 vere
735 3885 869 3960 diligitis,
923 3885 1042 3943 hominis
1056 3882 1284 3957 quemadmodum
1308 3882 1434 3940 universa
1455 3885 1580 3958 corporis
1600 3887 1723 3944 membra

65 3975 246 4050 experiantur
260 3975 348 4033 solum
364 3982 485 4034 restrum
499 3973 554 4034 riri
577 3984 606 4031 et
627 3973 770 4032 rationales
798 3973 869 4047 lapi·
923 3972 1037 4042 vivifice,
1049 3972 1214 4030 coherentia
1226 3972 1289 4029 sibi.
1305 3972 1482 4048 Separaergo
1496 3974 1722 4048 quodvisajnno·

66 4067 126 4131 des,
142 4065 190 4138 qui
211 4065 263 4121 soli
287 4065 315 4121 in
333 4062 554 4121 instaurationem
575 4065 635 4134 ejus
658 4062 735 4120 vobis
754 4070 871 4136 possunt
925 4071 985 4120 tura
997 4067 1168 4128 ceterorum,
1189 4067 1216 4116 et
1229 4060 1291 4120 vide
1305 4076 1339 4118 an
1352 4062 1389 4119 de
1402 4070 1501 4122 cetero
1515 4063 1581 4121 illud
1594 4063 1720 4124 vivificet.

67 4152 241 4212 reedificari.
265 4153 315 4211 liic
333 4161 385 4221 est,
404 4151 584 4222 dilectissimi,
602 4151 740 4209 funiculus
761 4151 870 4224 triplex,
927 4150 972 4208 Sic
981 4157 1023 4208 est
1034 4149 1176 4221 omnisqui
1188 4150 1254 4208 dicit
1262 4150 1405 4210 anathema
1412 4151 1518 4226 Jssu(f
1529 4153 1589 4212 Cor.
1605 4168 1658 4222 xrs,
1669 4154 1721 4224 el:

67 4259 123 4317 quo
139 4243 174 4300 de
188 4242 298 4300 excelso
309 4243 442 4300 ooelorum
454 4241 607 4299 habitaculo
627 4242 661 4297 ad
679 4242 870 4310 consolandos,
887 4217 910 4296 ὓ
927 4241 999 4314 quod
1014 4254 1096 4297 nemo
1113 4239 1177 4297 dicit
1193 4240 1307 4313 loquens
1321 4240 1350 4297 in
1364 4241 1467 4314 Spiritu
1491 4240 1551 4307 Dei,
1573 4242 1637 4315 quia
1658 4257 1724 4299 ιιι-

69 4333 103 4387 ad
120 4330 280 4403 visitandos,
295 4331 328 4387 ad
353 4330 525 4404 adjuvandos
543 4346 593 4388 nos
613 4330 757 4387 attrahitur
778 4345 874 4403 snper-
927 4332 1018 4386 tbema
1032 4328 1167 4401 separatio
1187 4335 1239 4384 est.
1255 4329 1300 4386 Sic
1313 4338 1364 4397 est,
1381 4330 1502 4403 inquam,
1516 4329 1606 4388 omnia
1619 4331 1669 4404 qui
1687 4333 1723 4388 ab

68 4420 194 4477 eminens
208 4420 325 4477 charitas
338 4420 511 4493 angelorum,
526 4426 637 4492 propter
651 4420 748 4488 ileum,
760 4427 871 4492 propter
923 4418 1027 4475 unitate
1040 4416 1179 4483 diuiditur,
1198 4432 1249 4474 nec
1262 4416 1371 4473 dubites
1383 4418 1449 4489 quin
1462 4419 1498 4474 ab
1523 4432 1556 4474 eo
1578 4418 1725 4475 recesserit

10 4522 13 4577 ῑ
69 4524 132 4574 uos,
148 4515 259 4581 propter
276 4509 404 4579 seipsos.
419 4509 534 4580 Propter
556 4510 645 4566 Deum
667 4508 772 4580 utique,
791 4509 871 4579 cnjus
923 4506 1035 4579 spiritns
1053 4507 1126 4562 ritae.
1141 4504 1231 4575 Digne
1246 4504 1330 4577 igitur
1343 4507 1537 4574 contentiosos,
1556 4515 1583 4564 et
1606 4507 1655 4579 qni
1676 4521 1723 4565 ae·

10 4920 14 5059 l

10 5644 28 5839 l

69 4606 145 4653 taam
158 4611 225 4670 erpa
237 4610 290 4653 nos
303 4596 495 4654 misericordie
508 4595 610 4654 viscera
633 4595 686 4669 ipsi
706 4611 826 4669 qnoque,
842 4603 873 4653 nt
924 4602 1018 4667 parant
1036 4592 1208 4664 semetipsos,
1224 4593 1342 4666 apostoli
1364 4594 1486 4652 carnales
1500 4600 1598 4651 vocant
1610 4600 1640 4650 et
1660 4593 1723 4650 ani·

69 4683 182 4757 dignum
205 4692 259 4753 est,
273 4683 424 4742 imitantur.
438 4685 552 4756 Propter
573 4698 635 4757 nos,
657 4685 686 4740 in
704 4685 805 4758 quibus
827 4684 872 4742 ni·
923 4684 1017 4752 males,
1035 4681 1167 4756 Spiritum
1189 4696 1244 4739 non
1262 4681 1405 4739 habentes.
1425 4682 1524 4739 Dicunt
1546 4697 1614 4755 ergo
1636 4682 1724 4741 macti

70 4773 171 4829 mirum
188 4773 323 4843 propriam
342 4771 546 4829 similitudinem
569 4773 742 4830 miserantur.
757 4774 873 4845 Propter
925 4773 962 4830 illi
981 4772 1089 4830 etbeati
1107 4771 1229 4844 spiritns,
1254 4771 1301 4829 nbi
1317 4771 1445 4829 scandala
1459 4771 1611 4831 invenerint
1624 4772 1723 4831 etdis·

70 4861 202 4934 seipsos,
216 4875 333 4934 quorum
349 4861 458 4918 ordines
472 4860 665 4919 instaurandos
680 4876 714 4918 ex
724 4861 802 4919 nobis
815 4869 872 4919 toto
925 4863 1084 4920 sensiones:
1099 4858 1172 4929 Quid
1186 4857 1265 4917 nobis
1278 4866 1305 4917 et
1324 4861 1491 4936 generationi
1512 4860 1577 4920 hnic
1593 4860 1724 4934 Spiritum

69 4949 208 5006 desiderio
225 4950 427 5021 praestolantur.
441 4950 472 5025 ln
487 4965 536 5009 ore
548 4949 621 5007 enim
635 4949 812 5022 parvulorum
826 4949 873 5023 qui
926 4966 982 5009 non
999 4949 1107 5008 habenti
1120 4950 1135 5006 f
1149 4950 1220 5007 Nem
1247 4949 1283 5013 si,
1296 4950 1404 5008 adesset
1432 4950 1558 5023 Spiritus,
1588 4966 1638 5025 par
1658 4968 1723 5010 eum

70 5037 142 5097 lacte
155 5040 237 5096 modo
250 5049 408 5109 vescuntur,
429 5052 456 5097 ct
474 5040 596 5098 nondum
612 5039 700 5097 solido
718 5039 790 5112 cibo,
807 5055 872 5113 per·
925 5042 1020 5114 ntique
1033 5039 1153 5098 charitas
1175 5039 1381 5112 diffunderetur,
1409 5049 1437 5098 et
1456 5040 1545 5098 arniba
1566 5055 1622 5098 non
1647 5043 1724 5100 acin-

70 5125 186 5185 ficianda
199 5134 240 5185 cst
253 5127 313 5184 laus
327 5127 371 5184 illa
387 5129 535 5200 majestatis
547 5127 656 5195 divium
676 5126 754 5200 cnjus
768 5128 873 5186 haben·
926 5130 1044 5187 deretur.
1066 5130 1101 5186 lit
1114 5128 1207 5187 dicunt
1222 5147 1229 5184 ι
1243 5128 1304 5186 Non
1318 5144 1509 5201 permanemus
1523 5145 1586 5188 oum
1603 5131 1723 5190 homini·

70 5225 110 5273 tes
134 5215 270 5290 primitias
290 5217 408 5291 angelici
425 5218 549 5292 spiritus,
573 5221 653 5277 beata
676 5216 803 5274 nimirum
825 5217 874 5275 dc·
926 5221 978 5278 bns
992 5219 1051 5275 istis
1073 5218 1102 5274 in
1129 5226 1271 5290 artemam,
1293 5218 1359 5290 quia
1381 5232 1445 5276 earo
1458 5226 1531 5280 sunt.
1559 5218 1627 5291 Quas
1652 5220 1724 5278 enin

70 5306 218 5365 lactatione
231 5304 359 5364 fruuntur
378 5323 386 5362 ι
407 5308 455 5365 sed
479 5315 553 5367 tamo
580 5307 686 5368 aridius
705 5321 758 5364 nos
778 5321 875 5378 exspe-
927 5308 1071 5367 conrentio
1085 5307 1140 5364 luci
1155 5307 1188 5363 ad
1212 5309 1337 5364 tenebras
1351 5308 1366 5364 f
1378 5308 1437 5365 Nos
1458 5307 1493 5365 de
1515 5324 1600 5386 regno
1613 5307 1726 5366 unitatis

70 5404 153 5468 cunt,
169 5403 272 5469 quanto
287 5395 528 5456 cousummationis
549 5398 610 5470 ejus
630 5394 833 5468 exspectatione
846 5403 874 5454 et
928 5406 956 5455 et
969 5399 1044 5471 pacis
1058 5411 1165 5469 snmus,
1178 5407 1205 5453 et
1220 5395 1345 5455 homines
1359 5396 1427 5454 istos
1442 5397 1469 5454 in
1492 5398 1617 5455 mmdcm
1631 5398 1725 5456 nniu-

70 5484 235 5560 eapatitionc
248 5483 439 5547 sollicitantur.
926 5493 982 5543 tem
1014 5494 1043 5545 et
1064 5499 1159 5560 pacem
1183 5483 1361 5559 sperabamus
1385 5500 1446 5546 erae
1471 5492 1610 5548 rentnros.
1645 5485 1726 5546 llnna
