<?xml version="1.0" encoding="UTF-8"?>
<!DOCTYPE html PUBLIC "-//W3C//DTD XHTML 1.0 Transitional//EN"
    "http://www.w3.org/TR/xhtml1/DTD/xhtml1-transitional.dtd">
<html xmlns="http://www.w3.org/1999/xhtml" xml:lang="en" lang="en">
 <head>
  <title>
</title>
<meta http-equiv="Content-Type" content="text/html;charset=utf-8" />
  <meta name='ocr-system' content='tesseract 3.04.00' />
  <meta name='ocr-capabilities' content='ocr_page ocr_carea ocr_par ocr_line ocrx_word'/>
</head>
<body>
  <div class='ocr_page' id='page_1' title='image "./patrologiaecurs56unkngoog_0295.png"; bbox 0 0 3734 5948; ppageno 0'>
   <div class='ocr_carea' id='block_1_1' title="bbox 101 215 154 274">
    <p class='ocr_par' dir='ltr' id='par_1_1' title="bbox 101 215 154 274">
     <span class='ocr_line' id='line_1_1' title="bbox 101 215 154 274; baseline 0 0"><span class='ocrx_word' id='word_1_1' title='bbox 101 215 154 274; x_wconf 78' lang='lat' dir='ltr'>stt</span> 
     </span>
    </p>
   </div>
   <div class='ocr_carea' id='block_1_2' title="bbox 566 205 1293 273">
    <p class='ocr_par' dir='ltr' id='par_1_2' title="bbox 566 205 1293 273">
     <span class='ocr_line' id='line_1_2' title="bbox 566 205 1293 273; baseline -0.006 -3"><span class='ocrx_word' id='word_1_2' title='bbox 566 213 595 270; x_wconf 82' lang='lat' dir='ltr'>S·</span> <span class='ocrx_word' id='word_1_3' title='bbox 615 209 784 273; x_wconf 74' lang='lat' dir='ltr'>attulit}</span> <span class='ocrx_word' id='word_1_4' title='bbox 802 209 944 271; x_wconf 75' lang='lat' dir='ltr'>tatutis</span> <span class='ocrx_word' id='word_1_5' title='bbox 967 205 1293 271; x_wconf 65' lang='lat' dir='ltr'>mauu-tutulatos</span> 
     </span>
    </p>
   </div>
   <div class='ocr_carea' id='block_1_3' title="bbox 1700 204 1755 266">
    <p class='ocr_par' dir='ltr' id='par_1_3' title="bbox 1700 204 1755 266">
     <span class='ocr_line' id='line_1_3' title="bbox 1700 204 1755 266; baseline 0 0"><span class='ocrx_word' id='word_1_6' title='bbox 1700 204 1755 266; x_wconf 78' lang='lat'>580</span> 
     </span>
    </p>
   </div>
   <div class='ocr_carea' id='block_1_4' title="bbox 100 327 1770 503">
    <p class='ocr_par' dir='ltr' id='par_1_4' title="bbox 100 327 1770 503">
     <span class='ocr_line' id='line_1_4' title="bbox 100 327 1770 432; baseline -0.006 -35"><span class='ocrx_word' id='word_1_7' title='bbox 100 341 262 412; x_wconf 83' lang='lat' dir='ltr'>bominum;</span> <span class='ocrx_word' id='word_1_8' title='bbox 274 337 391 395; x_wconf 84' lang='lat' dir='ltr'>intortio</span> <span class='ocrx_word' id='word_1_9' title='bbox 405 350 515 409; x_wconf 88' lang='lat' dir='ltr'>quoque</span> <span class='ocrx_word' id='word_1_10' title='bbox 525 337 560 407; x_wconf 91' lang='lat' dir='ltr'>(si</span> <span class='ocrx_word' id='word_1_11' title='bbox 571 343 683 393; x_wconf 71' lang='lat' dir='ltr'>caunos</span> <span class='ocrx_word' id='word_1_12' title='bbox 696 334 899 409; x_wconf 83' lang='lat' dir='ltr'>aissuitstpien-</span> <span class='ocrx_word' id='word_1_13' title='bbox 915 353 937 432; x_wconf 63' lang='lat' dir='ltr'>g</span> <span class='ocrx_word' id='word_1_14' title='bbox 952 335 987 391; x_wconf 92' lang='lat' dir='ltr'>ab</span> <span class='ocrx_word' id='word_1_15' title='bbox 1009 333 1116 392; x_wconf 87' lang='lat' dir='ltr'>animali</span> <span class='ocrx_word' id='word_1_16' title='bbox 1136 340 1221 406; x_wconf 91' lang='lat' dir='ltr'>parte,</span> <span class='ocrx_word' id='word_1_17' title='bbox 1237 332 1264 390; x_wconf 92' lang='lat' dir='ltr'>id</span> <span class='ocrx_word' id='word_1_18' title='bbox 1288 337 1330 389; x_wconf 91' lang='lat' dir='ltr'>est</span> <span class='ocrx_word' id='word_1_19' title='bbox 1352 346 1369 389; x_wconf 89' lang='lat' dir='ltr'>a</span> <span class='ocrx_word' id='word_1_20' title='bbox 1386 330 1467 389; x_wconf 89' lang='lat' dir='ltr'>bonis</span> <span class='ocrx_word' id='word_1_21' title='bbox 1484 330 1617 404; x_wconf 86' lang='lat' dir='ltr'>corporis,</span> <span class='ocrx_word' id='word_1_22' title='bbox 1630 327 1770 402; x_wconf 78' lang='lat' dir='ltr'>inetpts-</span> 
     </span>
     <span class='ocr_line' id='line_1_5' title="bbox 101 414 1753 503; baseline -0.007 -16"><span class='ocrx_word' id='word_1_23' title='bbox 101 432 150 503; x_wconf 90' lang='lat' dir='ltr'>tia)</span> <span class='ocrx_word' id='word_1_24' title='bbox 165 428 300 486; x_wconf 85' lang='lat' dir='ltr'>aedificare</span> <span class='ocrx_word' id='word_1_25' title='bbox 313 426 467 499; x_wconf 82' lang='lat' dir='ltr'>proximum</span> <span class='ocrx_word' id='word_1_26' title='bbox 490 428 578 481; x_wconf 88' lang='lat' dir='ltr'>debet.</span> <span class='ocrx_word' id='word_1_27' title='bbox 594 429 637 480; x_wconf 83' lang='lat' dir='ltr'>An</span> <span class='ocrx_word' id='word_1_28' title='bbox 649 440 713 481; x_wconf 81' lang='lat' dir='ltr'>tero</span> <span class='ocrx_word' id='word_1_29' title='bbox 732 433 759 481; x_wconf 86' lang='lat' dir='ltr'>et</span> <span class='ocrx_word' id='word_1_30' title='bbox 773 428 799 481; x_wconf 90' lang='lat' dir='ltr'>in</span> <span class='ocrx_word' id='word_1_31' title='bbox 814 442 899 497; x_wconf 88' lang='lat' dir='ltr'>opere</span> <span class='ocrx_word' id='word_1_32' title='bbox 953 441 1024 490; x_wconf 90' lang='lat' dir='ltr'>mus,</span> <span class='ocrx_word' id='word_1_33' title='bbox 1039 432 1069 479; x_wconf 90' lang='lat' dir='ltr'>nt</span> <span class='ocrx_word' id='word_1_34' title='bbox 1089 438 1144 479; x_wconf 92' lang='lat' dir='ltr'>non</span> <span class='ocrx_word' id='word_1_35' title='bbox 1164 424 1199 478; x_wconf 90' lang='lat' dir='ltr'>sit</span> <span class='ocrx_word' id='word_1_36' title='bbox 1214 422 1290 494; x_wconf 91' lang='lat' dir='ltr'>prius</span> <span class='ocrx_word' id='word_1_37' title='bbox 1302 414 1374 494; x_wconf 83' lang='lat' dir='ltr'>qood</span> <span class='ocrx_word' id='word_1_38' title='bbox 1388 419 1528 494; x_wconf 75' lang='lat' dir='ltr'>spirituale</span> <span class='ocrx_word' id='word_1_39' title='bbox 1546 426 1599 489; x_wconf 87' lang='lat' dir='ltr'>ast,</span> <span class='ocrx_word' id='word_1_40' title='bbox 1613 418 1661 476; x_wconf 86' lang='lat' dir='ltr'>sed</span> <span class='ocrx_word' id='word_1_41' title='bbox 1677 415 1753 492; x_wconf 84' lang='lat' dir='ltr'>quotl</span> 
     </span>
    </p>
   </div>
   <div class='ocr_carea' id='block_1_5' title="bbox 100 515 900 1472">
    <p class='ocr_par' dir='ltr' id='par_1_5' title="bbox 100 515 900 1472">
     <span class='ocr_line' id='line_1_6' title="bbox 101 515 900 585; baseline -0.009 -9"><span class='ocrx_word' id='word_1_42' title='bbox 101 521 268 577; x_wconf 76' lang='lat' dir='ltr'>affluendum</span> <span class='ocrx_word' id='word_1_43' title='bbox 287 525 328 573; x_wconf 93' lang='lat' dir='ltr'>est</span> <span class='ocrx_word' id='word_1_44' title='bbox 355 515 507 583; x_wconf 75' lang='lat' dir='ltr'>sapientiai</span> <span class='ocrx_word' id='word_1_45' title='bbox 525 515 559 568; x_wconf 80' lang='lat' dir='ltr'>iit</span> <span class='ocrx_word' id='word_1_46' title='bbox 582 515 709 571; x_wconf 81' lang='lat' dir='ltr'>maxime.</span> <span class='ocrx_word' id='word_1_47' title='bbox 740 515 900 585; x_wconf 78' lang='lat' dir='ltr'>Quaeramus</span> 
     </span>
     <span class='ocr_line' id='line_1_7' title="bbox 102 602 899 681; baseline -0.009 -16"><span class='ocrx_word' id='word_1_48' title='bbox 102 624 169 681; x_wconf 83' lang='lat' dir='ltr'>ergo</span> <span class='ocrx_word' id='word_1_49' title='bbox 183 614 210 662; x_wconf 90' lang='lat' dir='ltr'>et</span> <span class='ocrx_word' id='word_1_50' title='bbox 224 606 251 660; x_wconf 93' lang='lat' dir='ltr'>in</span> <span class='ocrx_word' id='word_1_51' title='bbox 266 620 348 674; x_wconf 87' lang='lat' dir='ltr'>opere</span> <span class='ocrx_word' id='word_1_52' title='bbox 363 603 498 673; x_wconf 79' lang='lat' dir='ltr'><strong>triplicem</strong></span> <span class='ocrx_word' id='word_1_53' title='bbox 512 602 676 659; x_wconf 82' lang='lat' dir='ltr'>affluentiam</span> <span class='ocrx_word' id='word_1_54' title='bbox 690 617 699 656; x_wconf 85' lang='lat' dir='ltr'>t</span> <span class='ocrx_word' id='word_1_55' title='bbox 715 618 777 659; x_wconf 89' lang='lat' dir='ltr'>uam</span> <span class='ocrx_word' id='word_1_56' title='bbox 792 613 820 658; x_wconf 92' lang='lat' dir='ltr'>et</span> <span class='ocrx_word' id='word_1_57' title='bbox 834 604 899 659; x_wconf 87' lang='lat' dir='ltr'>oiim</span> 
     </span>
     <span class='ocr_line' id='line_1_8' title="bbox 100 691 898 763; baseline -0.009 -11"><span class='ocrx_word' id='word_1_58' title='bbox 100 698 261 752; x_wconf 88' lang='lat' dir='ltr'>dictumest</span> <span class='ocrx_word' id='word_1_59' title='bbox 283 692 439 761; x_wconf 87' lang='lat' dir='ltr'>aSapiente</span> <span class='ocrx_word' id='word_1_60' title='bbox 467 691 594 763; x_wconf 87' lang='lat' dir='ltr'>quodam,</span> <span class='ocrx_word' id='word_1_61' title='bbox 615 694 686 763; x_wconf 93' lang='lat' dir='ltr'>quod</span> <span class='ocrx_word' id='word_1_62' title='bbox 703 693 835 761; x_wconf 86' lang='lat' dir='ltr'>sapientia</span> <span class='ocrx_word' id='word_1_63' title='bbox 849 692 898 745; x_wconf 91' lang='lat' dir='ltr'>tri·</span> 
     </span>
     <span class='ocr_line' id='line_1_9' title="bbox 103 780 899 855; baseline -0.005 -18"><span class='ocrx_word' id='word_1_64' title='bbox 103 783 207 855; x_wconf 86' lang='lat' dir='ltr'>pliciter</span> <span class='ocrx_word' id='word_1_65' title='bbox 216 782 414 837; x_wconf 88' lang='lat' dir='ltr'>describeretur</span> <span class='ocrx_word' id='word_1_66' title='bbox 431 782 524 849; x_wconf 81' lang='lat' dir='ltr'>(Prot.</span> <span class='ocrx_word' id='word_1_67' title='bbox 540 794 610 840; x_wconf 78' lang='lat' dir='ltr'>artu.</span> <span class='ocrx_word' id='word_1_68' title='bbox 626 782 684 849; x_wconf 80' lang='lat'><strong>20).</strong></span> <span class='ocrx_word' id='word_1_69' title='bbox 698 780 801 850; x_wconf 90' lang='lat' dir='ltr'>ltaque,</span> <span class='ocrx_word' id='word_1_70' title='bbox 817 781 839 834; x_wconf 91' lang='lat' dir='ltr'>si</span> <span class='ocrx_word' id='word_1_71' title='bbox 850 793 899 835; x_wconf 82' lang='lat' dir='ltr'>tos</span> 
     </span>
     <span class='ocr_line' id='line_1_10' title="bbox 101 867 898 941; baseline -0.008 -14"><span class='ocrx_word' id='word_1_72' title='bbox 101 871 200 927; x_wconf 90' lang='lat' dir='ltr'>melius</span> <span class='ocrx_word' id='word_1_73' title='bbox 215 885 270 927; x_wconf 94' lang='lat' dir='ltr'>non</span> <span class='ocrx_word' id='word_1_74' title='bbox 284 870 399 937; x_wconf 89' lang='lat' dir='ltr'>habetis,</span> <span class='ocrx_word' id='word_1_75' title='bbox 411 877 476 938; x_wconf 92' lang='lat' dir='ltr'>puto</span> <span class='ocrx_word' id='word_1_76' title='bbox 486 884 549 941; x_wconf 90' lang='lat' dir='ltr'>ego,</span> <span class='ocrx_word' id='word_1_77' title='bbox 560 868 677 939; x_wconf 91' lang='lat' dir='ltr'>quodud</span> <span class='ocrx_word' id='word_1_78' title='bbox 687 882 757 937; x_wconf 91' lang='lat' dir='ltr'>opus</span> <span class='ocrx_word' id='word_1_79' title='bbox 773 867 898 938; x_wconf 80' lang='lat' dir='ltr'>pertinet,</span> 
     </span>
     <span class='ocr_line' id='line_1_11' title="bbox 102 957 898 1030; baseline -0.01 -13"><span class='ocrx_word' id='word_1_80' title='bbox 102 960 214 1030; x_wconf 79' lang='lat' dir='ltr'><strong>copiose</strong></span> <span class='ocrx_word' id='word_1_81' title='bbox 228 959 294 1014; x_wconf 87' lang='lat' dir='ltr'>satis</span> <span class='ocrx_word' id='word_1_82' title='bbox 306 959 415 1012; x_wconf 88' lang='lat' dir='ltr'>attluere</span> <span class='ocrx_word' id='word_1_83' title='bbox 429 957 573 1027; x_wconf 77' lang='lat' dir='ltr'>sapientia,</span> <span class='ocrx_word' id='word_1_84' title='bbox 589 958 743 1028; x_wconf 84' lang='lat' dir='ltr'>quicunque</span> <span class='ocrx_word' id='word_1_85' title='bbox 765 958 836 1012; x_wconf 90' lang='lat' dir='ltr'>inter</span> <span class='ocrx_word' id='word_1_86' title='bbox 850 970 898 1013; x_wconf 87' lang='lat' dir='ltr'>vos</span> 
     </span>
     <span class='ocr_line' id='line_1_12' title="bbox 101 1045 895 1116; baseline -0.005 -10"><span class='ocrx_word' id='word_1_87' title='bbox 101 1048 282 1113; x_wconf 88' lang='lat' dir='ltr'>continenter,</span> <span class='ocrx_word' id='word_1_88' title='bbox 303 1045 438 1116; x_wconf 77' lang='lat' dir='ltr'>patienter</span> <span class='ocrx_word' id='word_1_89' title='bbox 466 1053 493 1100; x_wconf 90' lang='lat' dir='ltr'>et</span> <span class='ocrx_word' id='word_1_90' title='bbox 512 1045 671 1100; x_wconf 79' lang='lat' dir='ltr'>obedienter</span> <span class='ocrx_word' id='word_1_91' title='bbox 694 1053 895 1102; x_wconf 78' lang='lat' dir='ltr'>conversatur:</span> 
     </span>
     <span class='ocr_line' id='line_1_13' title="bbox 102 1134 900 1206; baseline -0.006 -12"><span class='ocrx_word' id='word_1_92' title='bbox 102 1146 206 1194; x_wconf 87' lang='lat' dir='ltr'>tantum</span> <span class='ocrx_word' id='word_1_93' title='bbox 225 1145 255 1191; x_wconf 94' lang='lat' dir='ltr'>ut</span> <span class='ocrx_word' id='word_1_94' title='bbox 269 1134 523 1190; x_wconf 86' lang='lat' dir='ltr'>tidelis-obedientia</span> <span class='ocrx_word' id='word_1_95' title='bbox 537 1134 675 1206; x_wconf 88' lang='lat' dir='ltr'>propriam</span> <span class='ocrx_word' id='word_1_96' title='bbox 688 1134 833 1190; x_wconf 89' lang='lat' dir='ltr'>mortitioet</span> <span class='ocrx_word' id='word_1_97' title='bbox 850 1149 900 1190; x_wconf 85' lang='lat' dir='ltr'>vo·</span> 
     </span>
     <span class='ocr_line' id='line_1_14' title="bbox 100 1220 899 1292; baseline -0.006 -12"><span class='ocrx_word' id='word_1_98' title='bbox 100 1225 247 1290; x_wconf 71' lang='lat' dir='ltr'>lunulam,</span> <span class='ocrx_word' id='word_1_99' title='bbox 266 1221 375 1278; x_wconf 90' lang='lat' dir='ltr'>bumitis</span> <span class='ocrx_word' id='word_1_100' title='bbox 399 1220 564 1278; x_wconf 86' lang='lat' dir='ltr'>continentia</span> <span class='ocrx_word' id='word_1_101' title='bbox 597 1221 733 1276; x_wconf 87' lang='lat' dir='ltr'>carnatem</span> <span class='ocrx_word' id='word_1_102' title='bbox 746 1222 852 1292; x_wconf 87' lang='lat' dir='ltr'>pariter</span> <span class='ocrx_word' id='word_1_103' title='bbox 871 1228 899 1276; x_wconf 88' lang='lat' dir='ltr'>et</span> 
     </span>
     <span class='ocr_line' id='line_1_15' title="bbox 101 1309 899 1382; baseline -0.006 -12"><span class='ocrx_word' id='word_1_104' title='bbox 101 1314 261 1370; x_wconf 80' lang='lat' dir='ltr'>saecularem</span> <span class='ocrx_word' id='word_1_105' title='bbox 288 1317 410 1382; x_wconf 83' lang='lat' dir='ltr'>amputet</span> <span class='ocrx_word' id='word_1_106' title='bbox 437 1309 621 1381; x_wconf 73' lang='lat' dir='ltr'>voluptatem,</span> <span class='ocrx_word' id='word_1_107' title='bbox 646 1309 741 1366; x_wconf 88' lang='lat' dir='ltr'>hilaris</span> <span class='ocrx_word' id='word_1_108' title='bbox 770 1309 899 1380; x_wconf 89' lang='lat' dir='ltr'>patientia</span> 
     </span>
     <span class='ocr_line' id='line_1_16' title="bbox 101 1397 899 1472; baseline -0.005 -15"><span class='ocrx_word' id='word_1_109' title='bbox 101 1409 245 1472; x_wconf 90' lang='lat' dir='ltr'>utramque</span> <span class='ocrx_word' id='word_1_110' title='bbox 259 1399 351 1467; x_wconf 88' lang='lat' dir='ltr'>simul,</span> <span class='ocrx_word' id='word_1_111' title='bbox 371 1409 399 1454; x_wconf 90' lang='lat' dir='ltr'>et</span> <span class='ocrx_word' id='word_1_112' title='bbox 413 1397 584 1471; x_wconf 81' lang='lat' dir='ltr'>corporalem</span> <span class='ocrx_word' id='word_1_113' title='bbox 609 1397 713 1455; x_wconf 87' lang='lat' dir='ltr'>scilicet</span> <span class='ocrx_word' id='word_1_114' title='bbox 732 1405 760 1455; x_wconf 92' lang='lat' dir='ltr'>et</span> <span class='ocrx_word' id='word_1_115' title='bbox 775 1399 899 1455; x_wconf 88' lang='lat' dir='ltr'>mundia-</span> 
     </span>
    </p>
   </div>
   <div class='ocr_carea' id='block_1_6' title="bbox 100 1488 671 1634">
    <p class='ocr_par' dir='ltr' id='par_1_6' title="bbox 100 1488 671 1634">
     <span class='ocr_line' id='line_1_17' title="bbox 100 1488 647 1560; baseline -0.011 -13"><span class='ocrx_word' id='word_1_116' title='bbox 100 1490 287 1560; x_wconf 84' lang='lat' dir='ltr'>lem,aitiliter</span> <span class='ocrx_word' id='word_1_117' title='bbox 301 1489 434 1546; x_wconf 88' lang='lat' dir='ltr'>sustineat</span> <span class='ocrx_word' id='word_1_118' title='bbox 444 1488 647 1544; x_wconf 77' lang='lat' dir='ltr'>adversitatem.</span> 
     </span>
     <span class='ocr_line' id='line_1_18' title="bbox 336 1574 671 1634; baseline 0 -1"><span class='ocrx_word' id='word_1_119' title='bbox 336 1575 449 1634; x_wconf 77' lang='lat' dir='ltr'>mil</span> <span class='ocrx_word' id='word_1_120' title='bbox 460 1574 576 1634; x_wconf 77' lang='lat' dir='ltr'>suano</span> <span class='ocrx_word' id='word_1_121' title='bbox 595 1575 671 1633; x_wconf 79' lang='lat' dir='ltr'>xvi.</span> 
     </span>
    </p>
   </div>
   <div class='ocr_carea' id='block_1_7' title="bbox 950 511 1756 1640">
    <p class='ocr_par' dir='ltr' id='par_1_7' title="bbox 952 511 1323 583">
     <span class='ocr_line' id='line_1_19' title="bbox 952 511 1323 583; baseline -0.005 -16"><span class='ocrx_word' id='word_1_122' title='bbox 952 513 1067 569; x_wconf 89' lang='lat' dir='ltr'>animale</span> <span class='ocrx_word' id='word_1_123' title='bbox 1082 511 1109 583; x_wconf 87' lang='lat' dir='ltr'>(l</span> <span class='ocrx_word' id='word_1_124' title='bbox 1122 514 1183 571; x_wconf 83' lang='lat' dir='ltr'>Cor.</span> <span class='ocrx_word' id='word_1_125' title='bbox 1200 527 1250 577; x_wconf 82' lang='lat' dir='ltr'>xv,</span> <span class='ocrx_word' id='word_1_126' title='bbox 1265 512 1323 581; x_wconf 85' lang='lat' dir='ltr'>to).</span> 
     </span>
    </p>

    <p class='ocr_par' dir='ltr' id='par_1_8' title="bbox 950 592 1756 1640">
     <span class='ocr_line' id='line_1_20' title="bbox 989 592 1754 669; baseline -0.008 -13"><span class='ocrx_word' id='word_1_127' title='bbox 989 605 1015 656; x_wconf 77' lang='lat' dir='ltr'>t.</span> <span class='ocrx_word' id='word_1_128' title='bbox 1031 601 1101 657; x_wconf 90' lang='lat' dir='ltr'>Sunt</span> <span class='ocrx_word' id='word_1_129' title='bbox 1122 607 1210 655; x_wconf 87' lang='lat' dir='ltr'>autem</span> <span class='ocrx_word' id='word_1_130' title='bbox 1232 599 1323 655; x_wconf 89' lang='lat' dir='ltr'>omnia</span> <span class='ocrx_word' id='word_1_131' title='bbox 1343 599 1414 655; x_wconf 90' lang='lat' dir='ltr'>bone</span> <span class='ocrx_word' id='word_1_132' title='bbox 1436 595 1568 669; x_wconf 87' lang='lat' dir='ltr'>corporis,</span> <span class='ocrx_word' id='word_1_133' title='bbox 1588 606 1616 654; x_wconf 92' lang='lat' dir='ltr'>et</span> <span class='ocrx_word' id='word_1_134' title='bbox 1638 607 1702 668; x_wconf 85' lang='lat' dir='ltr'>quta</span> <span class='ocrx_word' id='word_1_135' title='bbox 1726 592 1754 650; x_wconf 90' lang='lat' dir='ltr'>ei</span> 
     </span>
     <span class='ocr_line' id='line_1_21' title="bbox 952 681 1754 754; baseline -0.006 -9"><span class='ocrx_word' id='word_1_136' title='bbox 952 688 1123 746; x_wconf 90' lang='lat' dir='ltr'>solummodo</span> <span class='ocrx_word' id='word_1_137' title='bbox 1137 688 1294 754; x_wconf 84' lang='lat' dir='ltr'>debeamus,</span> <span class='ocrx_word' id='word_1_138' title='bbox 1308 688 1419 742; x_wconf 87' lang='lat' dir='ltr'>sanitas.</span> <span class='ocrx_word' id='word_1_139' title='bbox 1434 685 1507 742; x_wconf 83' lang='lat' dir='ltr'>Nihil</span> <span class='ocrx_word' id='word_1_140' title='bbox 1522 695 1612 741; x_wconf 88' lang='lat' dir='ltr'>sutem</span> <span class='ocrx_word' id='word_1_141' title='bbox 1633 683 1661 741; x_wconf 91' lang='lat' dir='ltr'>ei</span> <span class='ocrx_word' id='word_1_142' title='bbox 1680 681 1754 740; x_wconf 83' lang='lat' dir='ltr'>ultra</span> 
     </span>
     <span class='ocr_line' id='line_1_22' title="bbox 952 771 1753 848; baseline -0.009 -16"><span class='ocrx_word' id='word_1_143' title='bbox 952 777 1070 833; x_wconf 88' lang='lat' dir='ltr'>dandum</span> <span class='ocrx_word' id='word_1_144' title='bbox 1082 784 1123 833; x_wconf 89' lang='lat' dir='ltr'>est</span> <span class='ocrx_word' id='word_1_145' title='bbox 1137 777 1178 834; x_wconf 86' lang='lat' dir='ltr'>vel</span> <span class='ocrx_word' id='word_1_146' title='bbox 1195 775 1383 848; x_wconf 73' lang='lat' dir='ltr'>quaerendum,</span> <span class='ocrx_word' id='word_1_147' title='bbox 1399 779 1447 832; x_wconf 88' lang='lat' dir='ltr'>sed</span> <span class='ocrx_word' id='word_1_148' title='bbox 1462 775 1516 831; x_wconf 91' lang='lat' dir='ltr'>boc</span> <span class='ocrx_word' id='word_1_149' title='bbox 1528 773 1646 831; x_wconf 88' lang='lat' dir='ltr'>termino</span> <span class='ocrx_word' id='word_1_150' title='bbox 1659 771 1753 845; x_wconf 87' lang='lat' dir='ltr'>ligan-</span> 
     </span>
     <span class='ocr_line' id='line_1_23' title="bbox 952 858 1753 931; baseline -0.009 -10"><span class='ocrx_word' id='word_1_151' title='bbox 952 866 1016 922; x_wconf 92' lang='lat' dir='ltr'>dum</span> <span class='ocrx_word' id='word_1_152' title='bbox 1031 872 1059 922; x_wconf 90' lang='lat' dir='ltr'>et</span> <span class='ocrx_word' id='word_1_153' title='bbox 1073 865 1232 922; x_wconf 80' lang='lat' dir='ltr'>frenandum</span> <span class='ocrx_word' id='word_1_154' title='bbox 1246 873 1297 931; x_wconf 86' lang='lat' dir='ltr'>est,</span> <span class='ocrx_word' id='word_1_155' title='bbox 1313 879 1375 919; x_wconf 87' lang='lat' dir='ltr'>cum</span> <span class='ocrx_word' id='word_1_156' title='bbox 1393 862 1495 919; x_wconf 80' lang='lat' dir='ltr'>tructus</span> <span class='ocrx_word' id='word_1_157' title='bbox 1518 863 1578 931; x_wconf 75' lang='lat' dir='ltr'>eius</span> <span class='ocrx_word' id='word_1_158' title='bbox 1596 860 1687 916; x_wconf 90' lang='lat' dir='ltr'>nullus</span> <span class='ocrx_word' id='word_1_159' title='bbox 1703 858 1753 929; x_wconf 88' lang='lat' dir='ltr'>sit,</span> 
     </span>
     <span class='ocr_line' id='line_1_24' title="bbox 951 946 1754 1020; baseline -0.009 -11"><span class='ocrx_word' id='word_1_160' title='bbox 951 961 979 1009; x_wconf 89' lang='lat' dir='ltr'>et</span> <span class='ocrx_word' id='word_1_161' title='bbox 992 969 1068 1009; x_wconf 91' lang='lat' dir='ltr'>mors</span> <span class='ocrx_word' id='word_1_162' title='bbox 1080 953 1114 1008; x_wconf 91' lang='lat' dir='ltr'>sit</span> <span class='ocrx_word' id='word_1_163' title='bbox 1128 952 1190 1009; x_wconf 87' lang='lat' dir='ltr'>finis</span> <span class='ocrx_word' id='word_1_164' title='bbox 1204 952 1286 1007; x_wconf 86' lang='lat' dir='ltr'>iltius.</span> <span class='ocrx_word' id='word_1_165' title='bbox 1303 952 1357 1008; x_wconf 91' lang='lat' dir='ltr'>Sed</span> <span class='ocrx_word' id='word_1_166' title='bbox 1371 951 1415 1008; x_wconf 91' lang='lat' dir='ltr'>bic</span> <span class='ocrx_word' id='word_1_167' title='bbox 1437 949 1516 1006; x_wconf 80' lang='lat' dir='ltr'>iores</span> <span class='ocrx_word' id='word_1_168' title='bbox 1534 955 1584 1018; x_wconf 90' lang='lat' dir='ltr'>est,</span> <span class='ocrx_word' id='word_1_169' title='bbox 1602 962 1664 1020; x_wconf 79' lang='lat' dir='ltr'>quae</span> <span class='ocrx_word' id='word_1_170' title='bbox 1685 946 1754 1003; x_wconf 90' lang='lat' dir='ltr'>nolo</span> 
     </span>
     <span class='ocr_line' id='line_1_25' title="bbox 953 1036 1753 1110; baseline -0.013 -11"><span class='ocrx_word' id='word_1_171' title='bbox 953 1058 1001 1099; x_wconf 82' lang='lat' dir='ltr'>tos</span> <span class='ocrx_word' id='word_1_172' title='bbox 1015 1045 1106 1099; x_wconf 83' lang='lat' dir='ltr'>lateat.</span> <span class='ocrx_word' id='word_1_173' title='bbox 1122 1040 1265 1097; x_wconf 87' lang='lat' dir='ltr'>insidiatur</span> <span class='ocrx_word' id='word_1_174' title='bbox 1280 1041 1355 1107; x_wconf 84' lang='lat' dir='ltr'>enim</span> <span class='ocrx_word' id='word_1_175' title='bbox 1368 1040 1494 1110; x_wconf 84' lang='lat' dir='ltr'>voluptas</span> <span class='ocrx_word' id='word_1_176' title='bbox 1516 1036 1633 1103; x_wconf 89' lang='lat' dir='ltr'>sanitati,</span> <span class='ocrx_word' id='word_1_177' title='bbox 1647 1046 1675 1092; x_wconf 88' lang='lat' dir='ltr'>et</span> <span class='ocrx_word' id='word_1_178' title='bbox 1696 1040 1753 1091; x_wconf 84' lang='lat' dir='ltr'>tam</span> 
     </span>
     <span class='ocr_line' id='line_1_26' title="bbox 952 1118 1755 1202; baseline -0.01 -17"><span class='ocrx_word' id='word_1_179' title='bbox 952 1128 1044 1186; x_wconf 91' lang='lat' dir='ltr'>subtili</span> <span class='ocrx_word' id='word_1_180' title='bbox 1063 1127 1230 1202; x_wconf 80' lang='lat' dir='ltr'>malignitate</span> <span class='ocrx_word' id='word_1_181' title='bbox 1251 1127 1435 1198; x_wconf 82' lang='lat' dir='ltr'>prosequitur,</span> <span class='ocrx_word' id='word_1_182' title='bbox 1451 1132 1480 1180; x_wconf 91' lang='lat' dir='ltr'>ut</span> <span class='ocrx_word' id='word_1_183' title='bbox 1501 1125 1547 1181; x_wconf 83' lang='lat' dir='ltr'>via</span> <span class='ocrx_word' id='word_1_184' title='bbox 1562 1138 1623 1180; x_wconf 88' lang='lat' dir='ltr'>eam</span> <span class='ocrx_word' id='word_1_185' title='bbox 1645 1123 1695 1195; x_wconf 90' lang='lat' dir='ltr'>qui</span> <span class='ocrx_word' id='word_1_186' title='bbox 1708 1118 1755 1178; x_wconf 79' lang='lat' dir='ltr'>vel</span> 
     </span>
     <span class='ocr_line' id='line_1_27' title="bbox 953 1210 1753 1292; baseline -0.011 -17"><span class='ocrx_word' id='word_1_187' title='bbox 953 1217 1038 1292; x_wconf 87' lang='lat' dir='ltr'>possit</span> <span class='ocrx_word' id='word_1_188' title='bbox 1051 1232 1155 1283; x_wconf 82' lang='lat' dir='ltr'>cavere,</span> <span class='ocrx_word' id='word_1_189' title='bbox 1170 1217 1212 1272; x_wconf 85' lang='lat' dir='ltr'>rel</span> <span class='ocrx_word' id='word_1_190' title='bbox 1226 1217 1341 1272; x_wconf 88' lang='lat' dir='ltr'>noterit.</span> <span class='ocrx_word' id='word_1_191' title='bbox 1352 1214 1430 1284; x_wconf 87' lang='lat' dir='ltr'>Quod</span> <span class='ocrx_word' id='word_1_192' title='bbox 1444 1212 1468 1269; x_wconf 91' lang='lat' dir='ltr'>si</span> <span class='ocrx_word' id='word_1_193' title='bbox 1483 1212 1612 1282; x_wconf 89' lang='lat' dir='ltr'>voluptati</span> <span class='ocrx_word' id='word_1_194' title='bbox 1622 1210 1753 1278; x_wconf 85' lang='lat' dir='ltr'>servitur,</span> 
     </span>
     <span class='ocr_line' id='line_1_28' title="bbox 952 1299 1755 1374; baseline -0.007 -13"><span class='ocrx_word' id='word_1_195' title='bbox 952 1321 1007 1362; x_wconf 92' lang='lat' dir='ltr'>non</span> <span class='ocrx_word' id='word_1_196' title='bbox 1030 1305 1147 1371; x_wconf 88' lang='lat' dir='ltr'>sanitati,</span> <span class='ocrx_word' id='word_1_197' title='bbox 1164 1306 1216 1361; x_wconf 87' lang='lat' dir='ltr'>boc</span> <span class='ocrx_word' id='word_1_198' title='bbox 1239 1305 1294 1374; x_wconf 88' lang='lat' dir='ltr'>jam</span> <span class='ocrx_word' id='word_1_199' title='bbox 1315 1306 1350 1360; x_wconf 90' lang='lat' dir='ltr'>de</span> <span class='ocrx_word' id='word_1_200' title='bbox 1370 1310 1467 1358; x_wconf 89' lang='lat' dir='ltr'>natura</span> <span class='ocrx_word' id='word_1_201' title='bbox 1489 1315 1543 1356; x_wconf 90' lang='lat' dir='ltr'>non</span> <span class='ocrx_word' id='word_1_202' title='bbox 1565 1309 1616 1369; x_wconf 91' lang='lat' dir='ltr'>est,</span> <span class='ocrx_word' id='word_1_203' title='bbox 1631 1299 1681 1356; x_wconf 85' lang='lat' dir='ltr'>sed</span> <span class='ocrx_word' id='word_1_204' title='bbox 1699 1300 1755 1355; x_wconf 89' lang='lat' dir='ltr'>sub</span> 
     </span>
     <span class='ocr_line' id='line_1_29' title="bbox 951 1388 1753 1467; baseline -0.009 -18"><span class='ocrx_word' id='word_1_205' title='bbox 951 1403 1056 1459; x_wconf 87' lang='lat' dir='ltr'>natura,</span> <span class='ocrx_word' id='word_1_206' title='bbox 1070 1410 1131 1467; x_wconf 87' lang='lat' dir='ltr'>quae</span> <span class='ocrx_word' id='word_1_207' title='bbox 1154 1394 1234 1451; x_wconf 92' lang='lat' dir='ltr'>morti</span> <span class='ocrx_word' id='word_1_208' title='bbox 1257 1408 1353 1448; x_wconf 89' lang='lat' dir='ltr'>manus</span> <span class='ocrx_word' id='word_1_209' title='bbox 1365 1393 1421 1457; x_wconf 89' lang='lat' dir='ltr'>dat,</span> <span class='ocrx_word' id='word_1_210' title='bbox 1436 1406 1497 1446; x_wconf 91' lang='lat' dir='ltr'>cum</span> <span class='ocrx_word' id='word_1_211' title='bbox 1511 1388 1668 1462; x_wconf 71' lang='lat' dir='ltr'>magistram</span> <span class='ocrx_word' id='word_1_212' title='bbox 1680 1402 1753 1444; x_wconf 87' lang='lat' dir='ltr'>con·</span> 
     </span>
     <span class='ocr_line' id='line_1_30' title="bbox 950 1476 1755 1554; baseline -0.007 -16"><span class='ocrx_word' id='word_1_213' title='bbox 950 1483 1037 1540; x_wconf 89' lang='lat' dir='ltr'>stituit</span> <span class='ocrx_word' id='word_1_214' title='bbox 1056 1484 1229 1554; x_wconf 83' lang='lat' dir='ltr'>voluptatem.</span> <span class='ocrx_word' id='word_1_215' title='bbox 1245 1482 1311 1538; x_wconf 92' lang='lat' dir='ltr'>lude</span> <span class='ocrx_word' id='word_1_216' title='bbox 1324 1480 1405 1536; x_wconf 89' lang='lat' dir='ltr'>etiam</span> <span class='ocrx_word' id='word_1_217' title='bbox 1418 1479 1544 1550; x_wconf 90' lang='lat' dir='ltr'>estquod</span> <span class='ocrx_word' id='word_1_218' title='bbox 1558 1476 1632 1534; x_wconf 89' lang='lat' dir='ltr'>multi</span> <span class='ocrx_word' id='word_1_219' title='bbox 1647 1477 1682 1533; x_wconf 90' lang='lat' dir='ltr'>ad</span> <span class='ocrx_word' id='word_1_220' title='bbox 1697 1482 1755 1532; x_wconf 67' lang='lat' dir='ltr'>mm</span> 
     </span>
     <span class='ocr_line' id='line_1_31' title="bbox 952 1565 1756 1640; baseline -0.011 -12"><span class='ocrx_word' id='word_1_221' title='bbox 952 1572 1078 1628; x_wconf 82' lang='lat' dir='ltr'>bestiales</span> <span class='ocrx_word' id='word_1_222' title='bbox 1100 1580 1127 1627; x_wconf 90' lang='lat' dir='ltr'>et</span> <span class='ocrx_word' id='word_1_223' title='bbox 1149 1571 1267 1627; x_wconf 87' lang='lat' dir='ltr'>rebelles</span> <span class='ocrx_word' id='word_1_224' title='bbox 1288 1569 1405 1640; x_wconf 90' lang='lat' dir='ltr'>impetus</span> <span class='ocrx_word' id='word_1_225' title='bbox 1425 1566 1633 1632; x_wconf 87' lang='lat' dir='ltr'>descenderunt,</span> <span class='ocrx_word' id='word_1_226' title='bbox 1647 1565 1702 1631; x_wconf 82' lang='lat' dir='ltr'>val,</span> <span class='ocrx_word' id='word_1_227' title='bbox 1720 1571 1756 1620; x_wconf 92' lang='lat' dir='ltr'>ut</span> 
     </span>
    </p>
   </div>
   <div class='ocr_carea' id='block_1_8' title="bbox 103 1631 1769 1818">
    <p class='ocr_par' dir='ltr' id='par_1_9' title="bbox 103 1631 1769 1818">
     <span class='ocr_line' id='line_1_32' title="bbox 103 1631 1755 1741; baseline -0.012 -14"><span class='ocrx_word' id='word_1_228' title='bbox 103 1672 141 1727; x_wconf 84' lang='lat' dir='ltr'>lte</span> <span class='ocrx_word' id='word_1_229' title='bbox 152 1669 263 1741; x_wconf 83' lang='lat' dir='ltr'>tripttct</span> <span class='ocrx_word' id='word_1_230' title='bbox 276 1667 531 1740; x_wconf 76' lang='lat' dir='ltr'>pcncrebonorum,</span> <span class='ocrx_word' id='word_1_231' title='bbox 549 1669 578 1722; x_wconf 83' lang='lat' dir='ltr'>at</span> <span class='ocrx_word' id='word_1_232' title='bbox 591 1666 745 1739; x_wconf 69' lang='grc' dir='ltr'>νίςίίιιιιίία</span> <span class='ocrx_word' id='word_1_233' title='bbox 754 1681 896 1738; x_wconf 82' lang='lat' dir='ltr'>superco—</span> <span class='ocrx_word' id='word_1_234' title='bbox 913 1631 1035 1716; x_wconf 70' lang='lat' dir='ltr'>Boium</span> <span class='ocrx_word' id='word_1_235' title='bbox 1059 1659 1160 1724; x_wconf 88' lang='lat' dir='ltr'>varius,</span> <span class='ocrx_word' id='word_1_236' title='bbox 1184 1658 1352 1720; x_wconf 86' lang='lat' dir='ltr'>ceciderunt,</span> <span class='ocrx_word' id='word_1_237' title='bbox 1367 1668 1395 1711; x_wconf 87' lang='lat' dir='ltr'>ot</span> <span class='ocrx_word' id='word_1_238' title='bbox 1417 1654 1583 1723; x_wconf 82' lang='lat' dir='ltr'>voluptatem</span> <span class='ocrx_word' id='word_1_239' title='bbox 1606 1650 1755 1724; x_wconf 73' lang='lat' dir='ltr'>praeierant</span> 
     </span>
     <span class='ocr_line' id='line_1_33' title="bbox 401 1730 1769 1818; baseline -0.008 -8"><span class='ocrx_word' id='word_1_240' title='bbox 401 1739 599 1809; x_wconf 74' lang='lat' dir='ltr'>citationibus.</span> <span class='ocrx_word' id='word_1_241' title='bbox 951 1746 1069 1810; x_wconf 87' lang='lat' dir='ltr'>sanitati,</span> <span class='ocrx_word' id='word_1_242' title='bbox 1084 1746 1138 1805; x_wconf 89' lang='lat' dir='ltr'>illis</span> <span class='ocrx_word' id='word_1_243' title='bbox 1150 1745 1215 1818; x_wconf 80' lang='lat' dir='ltr'>ipsis</span> <span class='ocrx_word' id='word_1_244' title='bbox 1230 1745 1379 1816; x_wconf 70' lang='lat' dir='ltr'>sepissime</span> <span class='ocrx_word' id='word_1_245' title='bbox 1397 1743 1553 1800; x_wconf 89' lang='lat' dir='ltr'>volutentur</span> <span class='ocrx_word' id='word_1_246' title='bbox 1573 1756 1636 1814; x_wconf 86' lang='lat' dir='ltr'>qute</span> <span class='ocrx_word' id='word_1_247' title='bbox 1661 1730 1769 1799; x_wconf 65' lang='lat' dir='ltr'>sciunt‘</span> 
     </span>
    </p>
   </div>
   <div class='ocr_carea' id='block_1_9' title="bbox 101 1825 1755 2160">
    <p class='ocr_par' dir='ltr' id='par_1_10' title="bbox 101 1825 1755 2160">
     <span class='ocr_line' id='line_1_34' title="bbox 140 1825 1755 1903; baseline -0.01 -1"><span class='ocrx_word' id='word_1_248' title='bbox 140 1835 167 1887; x_wconf 76' lang='lat'>¹·</span> <span class='ocrx_word' id='word_1_249' title='bbox 181 1829 214 1885; x_wconf 74' lang='grc' dir='ltr'>Εῑ</span> <span class='ocrx_word' id='word_1_250' title='bbox 227 1826 389 1901; x_wconf 60' lang='grc' dir='ltr'>ΡΓΟΡΕΠΒῙΠΒ</span> <span class='ocrx_word' id='word_1_251' title='bbox 408 1827 536 1894; x_wconf 56' lang='lat' dir='ltr'>Studium·</span> <span class='ocrx_word' id='word_1_252' title='bbox 553 1833 580 1882; x_wconf 68' lang='grc' dir='ltr'>θῑ</span> <span class='ocrx_word' id='word_1_253' title='bbox 593 1841 656 1882; x_wconf 59' lang='lat' dir='ltr'>⁰1¹?st</span> <span class='ocrx_word' id='word_1_254' title='bbox 669 1825 826 1900; x_wconf 60' lang='lat' dir='ltr'>Vitilfflfittt&#39;</span> <span class='ocrx_word' id='word_1_255' title='bbox 839 1825 899 1896; x_wconf 75' lang='grc'><strong>(86)</strong></span> <span class='ocrx_word' id='word_1_256' title='bbox 952 1836 1077 1894; x_wconf 81' lang='lat' dir='ltr'>difficiles</span> <span class='ocrx_word' id='word_1_257' title='bbox 1100 1843 1127 1890; x_wconf 92' lang='lat' dir='ltr'>et</span> <span class='ocrx_word' id='word_1_258' title='bbox 1151 1835 1321 1891; x_wconf 86' lang='lat' dir='ltr'>acutissimas</span> <span class='ocrx_word' id='word_1_259' title='bbox 1348 1832 1476 1902; x_wconf 88' lang='lat' dir='ltr'>subsequi</span> <span class='ocrx_word' id='word_1_260' title='bbox 1499 1829 1641 1903; x_wconf 84' lang='lat' dir='ltr'>passiones</span> <span class='ocrx_word' id='word_1_261' title='bbox 1674 1829 1755 1887; x_wconf 83' lang='lat' dir='ltr'>Sicut</span> 
     </span>
     <span class='ocr_line' id='line_1_35' title="bbox 102 1914 1755 1995; baseline -0.01 -18"><span class='ocrx_word' id='word_1_262' title='bbox 102 1920 205 1977; x_wconf 70' lang='lat' dir='ltr'>ROStl&#39;lS</span> <span class='ocrx_word' id='word_1_263' title='bbox 220 1925 293 1976; x_wconf 73' lang='lat' dir='ltr'>esset</span> <span class='ocrx_word' id='word_1_264' title='bbox 306 1915 694 1990; x_wconf 83' lang='lat' dir='ltr'>cogitationibusatlbibeuda,</span> <span class='ocrx_word' id='word_1_265' title='bbox 711 1916 807 1971; x_wconf 67' lang='lat' dir='ltr'>smiles</span> <span class='ocrx_word' id='word_1_266' title='bbox 826 1914 897 1970; x_wconf 82' lang='lat' dir='ltr'>urai:</span> <span class='ocrx_word' id='word_1_267' title='bbox 951 1935 1039 1982; x_wconf 64' lang='lat' dir='ltr'>autem</span> <span class='ocrx_word' id='word_1_268' title='bbox 1062 1924 1185 1995; x_wconf 65' lang='lat' dir='ltr'>corporis</span> <span class='ocrx_word' id='word_1_269' title='bbox 1203 1933 1299 1978; x_wconf 71' lang='lat' dir='ltr'>natura</span> <span class='ocrx_word' id='word_1_270' title='bbox 1319 1927 1360 1977; x_wconf 67' lang='lat' dir='ltr'>egi</span> <span class='ocrx_word' id='word_1_271' title='bbox 1374 1919 1484 1985; x_wconf 65' lang='lat' dir='ltr'>sanim,</span> <span class='ocrx_word' id='word_1_272' title='bbox 1500 1920 1537 1975; x_wconf 65' lang='lat' dir='ltr'>ita</span> <span class='ocrx_word' id='word_1_273' title='bbox 1550 1919 1642 1976; x_wconf 57' lang='grc' dir='ltr'><strong>σοφῶς</strong></span> <span class='ocrx_word' id='word_1_274' title='bbox 1655 1927 1755 1975; x_wconf 65' lang='lat' dir='ltr'>natm</span> 
     </span>
     <span class='ocr_line' id='line_1_36' title="bbox 102 1992 1751 2086; baseline -0.009 -8"><span class='ocrx_word' id='word_1_275' title='bbox 102 2010 214 2077; x_wconf 70' lang='lat' dir='ltr'>11⁰Slti⁸t</span> <span class='ocrx_word' id='word_1_276' title='bbox 238 2010 358 2079; x_wconf 61' lang='lat' dir='ltr'>initam,</span> <span class='ocrx_word' id='word_1_277' title='bbox 377 2005 475 2077; x_wconf 91' lang='lat' dir='ltr'>quibus</span> <span class='ocrx_word' id='word_1_278' title='bbox 492 2012 549 2060; x_wconf 65' lang='lat' dir='ltr'>itm</span> <span class='ocrx_word' id='word_1_279' title='bbox 568 2013 722 2060; x_wconf 56' lang='lat' dir='ltr'>mittum</span> <span class='ocrx_word' id='word_1_280' title='bbox 747 2003 898 2059; x_wconf 46' lang='lat' dir='ltr'>meditati&amp;</span> <span class='ocrx_word' id='word_1_281' title='bbox 951 2022 992 2071; x_wconf 84' lang='lat' dir='ltr'>ast</span> <span class='ocrx_word' id='word_1_282' title='bbox 1007 2013 1128 2086; x_wconf 87' lang='lat' dir='ltr'>puritas;</span> <span class='ocrx_word' id='word_1_283' title='bbox 1145 2013 1209 2084; x_wconf 88' lang='lat' dir='ltr'>quia</span> <span class='ocrx_word' id='word_1_284' title='bbox 1224 2012 1332 2067; x_wconf 88' lang='lat' dir='ltr'>turbato</span> <span class='ocrx_word' id='word_1_285' title='bbox 1346 2009 1427 2066; x_wconf 89' lang='lat' dir='ltr'>oculo</span> <span class='ocrx_word' id='word_1_286' title='bbox 1441 2023 1496 2064; x_wconf 91' lang='lat' dir='ltr'>non</span> <span class='ocrx_word' id='word_1_287' title='bbox 1510 2007 1646 2066; x_wconf 81' lang='lat' dir='ltr'>videbitur</span> <span class='ocrx_word' id='word_1_288' title='bbox 1660 1992 1751 2076; x_wconf 76' lang='lat' dir='ltr'>lleus3</span> 
     </span>
     <span class='ocr_line' id='line_1_37' title="bbox 101 2092 1755 2160; baseline -0.011 -6"><span class='ocrx_word' id='word_1_289' title='bbox 101 2115 169 2154; x_wconf 88' lang='lat' dir='ltr'>num</span> <span class='ocrx_word' id='word_1_290' title='bbox 177 2098 287 2152; x_wconf 74' lang='lat' dir='ltr'>assidue</span> <span class='ocrx_word' id='word_1_291' title='bbox 302 2094 415 2150; x_wconf 85' lang='lat' dir='ltr'>materia</span> <span class='ocrx_word' id='word_1_292' title='bbox 429 2095 607 2150; x_wconf 69' lang='lat' dir='ltr'>ministratur.</span> <span class='ocrx_word' id='word_1_293' title='bbox 622 2093 708 2150; x_wconf 90' lang='lat' dir='ltr'>Nocte</span> <span class='ocrx_word' id='word_1_294' title='bbox 726 2092 800 2149; x_wconf 79' lang='lat' dir='ltr'>enim</span> <span class='ocrx_word' id='word_1_295' title='bbox 814 2100 840 2147; x_wconf 73' lang='lat' dir='ltr'>et</span> <span class='ocrx_word' id='word_1_296' title='bbox 850 2092 896 2147; x_wconf 76' lang='lat' dir='ltr'>die</span> <span class='ocrx_word' id='word_1_297' title='bbox 951 2114 979 2159; x_wconf 69' lang='lat' dir='ltr'>gt</span> <span class='ocrx_word' id='word_1_298' title='bbox 1000 2116 1048 2160; x_wconf 72' lang='lat'><strong>001·</strong></span> <span class='ocrx_word' id='word_1_299' title='bbox 1069 2103 1215 2155; x_wconf 66' lang='lat' dir='ltr'>humanum</span> <span class='ocrx_word' id='word_1_300' title='bbox 1231 2099 1267 2154; x_wconf 74' lang='lat' dir='ltr'>ad</span> <span class='ocrx_word' id='word_1_301' title='bbox 1285 2098 1336 2154; x_wconf 68' lang='lat' dir='ltr'>hoc</span> <span class='ocrx_word' id='word_1_302' title='bbox 1351 2096 1454 2152; x_wconf 71' lang='lat' dir='ltr'>factum</span> <span class='ocrx_word' id='word_1_303' title='bbox 1467 2104 1511 2152; x_wconf 63' lang='lat' dir='ltr'>egl</span> <span class='ocrx_word' id='word_1_304' title='bbox 1524 2103 1554 2152; x_wconf 71' lang='lat' dir='ltr'>ut</span> <span class='ocrx_word' id='word_1_305' title='bbox 1565 2111 1645 2151; x_wconf 67' lang='lat' dir='ltr'>guum</span> <span class='ocrx_word' id='word_1_306' title='bbox 1661 2096 1755 2152; x_wconf 63' lang='lat' dir='ltr'>pidffl</span> 
     </span>
    </p>
   </div>
   <div class='ocr_carea' id='block_1_10' title="bbox 100 2181 900 2879">
    <p class='ocr_par' dir='ltr' id='par_1_11' title="bbox 100 2181 900 2879">
     <span class='ocr_line' id='line_1_38' title="bbox 101 2181 896 2259; baseline -0.009 -16"><span class='ocrx_word' id='word_1_307' title='bbox 101 2188 186 2243; x_wconf 94' lang='lat' dir='ltr'>nobis</span> <span class='ocrx_word' id='word_1_308' title='bbox 200 2183 367 2259; x_wconf 73' lang='lat' dir='ltr'>prophetica</span> <span class='ocrx_word' id='word_1_309' title='bbox 394 2194 422 2240; x_wconf 90' lang='lat' dir='ltr'>et</span> <span class='ocrx_word' id='word_1_310' title='bbox 436 2183 614 2257; x_wconf 77' lang='lat' dir='ltr'>evangelicae,</span> <span class='ocrx_word' id='word_1_311' title='bbox 628 2182 675 2238; x_wconf 93' lang='lat' dir='ltr'>sed</span> <span class='ocrx_word' id='word_1_312' title='bbox 690 2189 717 2238; x_wconf 90' lang='lat' dir='ltr'>et</span> <span class='ocrx_word' id='word_1_313' title='bbox 738 2181 896 2254; x_wconf 84' lang='lat' dir='ltr'>apostolicae</span> 
     </span>
     <span class='ocr_line' id='line_1_39' title="bbox 101 2270 898 2346; baseline -0.008 -14"><span class='ocrx_word' id='word_1_314' title='bbox 101 2291 181 2333; x_wconf 87' lang='lat' dir='ltr'>vocas</span> <span class='ocrx_word' id='word_1_315' title='bbox 193 2280 328 2330; x_wconf 90' lang='lat' dir='ltr'>canuntur</span> <span class='ocrx_word' id='word_1_316' title='bbox 341 2281 369 2328; x_wconf 92' lang='lat' dir='ltr'>et</span> <span class='ocrx_word' id='word_1_317' title='bbox 378 2273 515 2345; x_wconf 85' lang='lat' dir='ltr'>leguntur,</span> <span class='ocrx_word' id='word_1_318' title='bbox 527 2288 589 2346; x_wconf 75' lang='lat' dir='ltr'>quaa</span> <span class='ocrx_word' id='word_1_319' title='bbox 598 2280 625 2328; x_wconf 95' lang='lat' dir='ltr'>et</span> <span class='ocrx_word' id='word_1_320' title='bbox 639 2286 749 2345; x_wconf 89' lang='lat' dir='ltr'>poenam</span> <span class='ocrx_word' id='word_1_321' title='bbox 759 2270 898 2326; x_wconf 89' lang='lat' dir='ltr'>minantur</span> 
     </span>
     <span class='ocr_line' id='line_1_40' title="bbox 100 2360 896 2441; baseline -0.008 -22"><span class='ocrx_word' id='word_1_322' title='bbox 100 2363 211 2430; x_wconf 82' lang='lat' dir='ltr'>interni,</span> <span class='ocrx_word' id='word_1_323' title='bbox 231 2371 258 2418; x_wconf 89' lang='lat' dir='ltr'>et</span> <span class='ocrx_word' id='word_1_324' title='bbox 290 2360 407 2434; x_wconf 87' lang='lat' dir='ltr'>gloriam</span> <span class='ocrx_word' id='word_1_325' title='bbox 434 2363 511 2441; x_wconf 80' lang='lat' dir='ltr'>regni</span> <span class='ocrx_word' id='word_1_326' title='bbox 535 2362 710 2433; x_wconf 87' lang='lat' dir='ltr'>polliceatur.</span> <span class='ocrx_word' id='word_1_327' title='bbox 735 2360 812 2416; x_wconf 87' lang='lat' dir='ltr'>Unda</span> <span class='ocrx_word' id='word_1_328' title='bbox 830 2374 896 2432; x_wconf 89' lang='lat' dir='ltr'>ergo</span> 
     </span>
     <span class='ocr_line' id='line_1_41' title="bbox 104 2449 899 2520; baseline -0.005 -12"><span class='ocrx_word' id='word_1_329' title='bbox 104 2452 185 2508; x_wconf 89' lang='lat' dir='ltr'>nobis</span> <span class='ocrx_word' id='word_1_330' title='bbox 209 2461 261 2506; x_wconf 89' lang='lat' dir='ltr'>tam</span> <span class='ocrx_word' id='word_1_331' title='bbox 276 2465 362 2518; x_wconf 85' lang='lat' dir='ltr'>vanae,</span> <span class='ocrx_word' id='word_1_332' title='bbox 380 2462 435 2506; x_wconf 88' lang='lat' dir='ltr'>tam</span> <span class='ocrx_word' id='word_1_333' title='bbox 450 2450 548 2517; x_wconf 84' lang='lat' dir='ltr'>nottiae,</span> <span class='ocrx_word' id='word_1_334' title='bbox 577 2459 631 2506; x_wconf 91' lang='lat' dir='ltr'>tam</span> <span class='ocrx_word' id='word_1_335' title='bbox 644 2451 770 2506; x_wconf 75' lang='lat' dir='ltr'>obscenae</span> <span class='ocrx_word' id='word_1_336' title='bbox 797 2449 899 2520; x_wconf 83' lang='lat' dir='ltr'>cogita·</span> 
     </span>
     <span class='ocr_line' id='line_1_42' title="bbox 105 2538 899 2610; baseline -0.006 -13"><span class='ocrx_word' id='word_1_337' title='bbox 105 2542 207 2606; x_wconf 89' lang='lat' dir='ltr'>tiouas,</span> <span class='ocrx_word' id='word_1_338' title='bbox 223 2554 285 2610; x_wconf 75' lang='lat' dir='ltr'>quaa</span> <span class='ocrx_word' id='word_1_339' title='bbox 300 2553 374 2593; x_wconf 88' lang='lat' dir='ltr'>nunc</span> <span class='ocrx_word' id='word_1_340' title='bbox 397 2538 569 2594; x_wconf 88' lang='lat' dir='ltr'>immunditia</span> <span class='ocrx_word' id='word_1_341' title='bbox 597 2547 623 2593; x_wconf 92' lang='lat' dir='ltr'>et</span> <span class='ocrx_word' id='word_1_342' title='bbox 650 2538 809 2605; x_wconf 78' lang='lat' dir='ltr'>elevatione,</span> <span class='ocrx_word' id='word_1_343' title='bbox 825 2551 899 2592; x_wconf 91' lang='lat' dir='ltr'>nunc</span> 
     </span>
     <span class='ocr_line' id='line_1_43' title="bbox 104 2625 898 2700; baseline -0.01 -14"><span class='ocrx_word' id='word_1_344' title='bbox 104 2629 230 2700; x_wconf 85' lang='lat' dir='ltr'>superbia</span> <span class='ocrx_word' id='word_1_345' title='bbox 249 2637 275 2683; x_wconf 90' lang='lat' dir='ltr'>et</span> <span class='ocrx_word' id='word_1_346' title='bbox 289 2625 436 2682; x_wconf 87' lang='lat' dir='ltr'>ambitione</span> <span class='ocrx_word' id='word_1_347' title='bbox 456 2626 616 2698; x_wconf 72' lang='lat' dir='ltr'>caterisque</span> <span class='ocrx_word' id='word_1_348' title='bbox 633 2625 803 2696; x_wconf 86' lang='lat' dir='ltr'>passionibus</span> <span class='ocrx_word' id='word_1_349' title='bbox 829 2640 898 2680; x_wconf 91' lang='lat' dir='ltr'>cou-</span> 
     </span>
     <span class='ocr_line' id='line_1_44' title="bbox 106 2713 900 2788; baseline -0.008 -13"><span class='ocrx_word' id='word_1_350' title='bbox 106 2727 233 2788; x_wconf 86' lang='lat' dir='ltr'>torquent</span> <span class='ocrx_word' id='word_1_351' title='bbox 246 2732 305 2784; x_wconf 89' lang='lat' dir='ltr'>nos,</span> <span class='ocrx_word' id='word_1_352' title='bbox 331 2723 362 2769; x_wconf 89' lang='lat' dir='ltr'>ut</span> <span class='ocrx_word' id='word_1_353' title='bbox 376 2715 420 2770; x_wconf 84' lang='lat' dir='ltr'>via</span> <span class='ocrx_word' id='word_1_354' title='bbox 434 2714 580 2787; x_wconf 89' lang='lat' dir='ltr'>aliquando</span> <span class='ocrx_word' id='word_1_355' title='bbox 598 2713 628 2768; x_wconf 92' lang='lat' dir='ltr'>itt</span> <span class='ocrx_word' id='word_1_356' title='bbox 647 2713 821 2768; x_wconf 84' lang='lat' dir='ltr'>serenitatem</span> <span class='ocrx_word' id='word_1_357' title='bbox 836 2728 900 2769; x_wconf 85' lang='lat' dir='ltr'>sau·</span> 
     </span>
     <span class='ocr_line' id='line_1_45' title="bbox 104 2799 897 2879; baseline -0.01 -16"><span class='ocrx_word' id='word_1_358' title='bbox 104 2815 209 2864; x_wconf 89' lang='lat' dir='ltr'>ctarum</span> <span class='ocrx_word' id='word_1_359' title='bbox 223 2804 420 2879; x_wconf 81' lang='lat' dir='ltr'>cogitationum</span> <span class='ocrx_word' id='word_1_360' title='bbox 444 2802 632 2874; x_wconf 71' lang='lat' dir='ltr'>respiremus?</span> <span class='ocrx_word' id='word_1_361' title='bbox 656 2799 702 2856; x_wconf 81' lang='lat' dir='ltr'>tae</span> <span class='ocrx_word' id='word_1_362' title='bbox 720 2802 825 2857; x_wconf 90' lang='lat' dir='ltr'>nobisa</span> <span class='ocrx_word' id='word_1_363' title='bbox 840 2811 897 2856; x_wconf 91' lang='lat' dir='ltr'>tor·</span> 
     </span>
    </p>
   </div>
   <div class='ocr_carea' id='block_1_11' title="bbox 950 2183 1758 2880">
    <p class='ocr_par' dir='ltr' id='par_1_12' title="bbox 950 2183 1758 2880">
     <span class='ocr_line' id='line_1_46' title="bbox 952 2183 1756 2255; baseline -0.007 -9"><span class='ocrx_word' id='word_1_364' title='bbox 952 2192 1115 2247; x_wconf 87' lang='lat' dir='ltr'>Creatorem.</span> <span class='ocrx_word' id='word_1_365' title='bbox 1128 2189 1157 2244; x_wconf 90' lang='lat' dir='ltr'>Si</span> <span class='ocrx_word' id='word_1_366' title='bbox 1170 2202 1236 2244; x_wconf 83' lang='lat' dir='ltr'>tero</span> <span class='ocrx_word' id='word_1_367' title='bbox 1250 2184 1357 2242; x_wconf 83' lang='lat' dir='ltr'>sanitati</span> <span class='ocrx_word' id='word_1_368' title='bbox 1370 2183 1495 2255; x_wconf 87' lang='lat' dir='ltr'>corporis</span> <span class='ocrx_word' id='word_1_369' title='bbox 1506 2183 1621 2240; x_wconf 84' lang='lat' dir='ltr'>sollicita</span> <span class='ocrx_word' id='word_1_370' title='bbox 1634 2190 1677 2239; x_wconf 90' lang='lat' dir='ltr'>est</span> <span class='ocrx_word' id='word_1_371' title='bbox 1686 2197 1756 2254; x_wconf 85' lang='lat' dir='ltr'>pro-</span> 
     </span>
     <span class='ocr_line' id='line_1_47' title="bbox 951 2269 1756 2346; baseline -0.007 -12"><span class='ocrx_word' id='word_1_372' title='bbox 951 2279 1066 2336; x_wconf 80' lang='lat' dir='ltr'>videnda</span> <span class='ocrx_word' id='word_1_373' title='bbox 1088 2275 1222 2341; x_wconf 88' lang='lat' dir='ltr'>custodia,</span> <span class='ocrx_word' id='word_1_374' title='bbox 1241 2273 1353 2346; x_wconf 89' lang='lat' dir='ltr'>puritati</span> <span class='ocrx_word' id='word_1_375' title='bbox 1367 2273 1458 2329; x_wconf 89' lang='lat' dir='ltr'>cordis</span> <span class='ocrx_word' id='word_1_376' title='bbox 1470 2278 1544 2327; x_wconf 88' lang='lat' dir='ltr'>tanto</span> <span class='ocrx_word' id='word_1_377' title='bbox 1557 2269 1702 2327; x_wconf 87' lang='lat' dir='ltr'>sollicitior</span> <span class='ocrx_word' id='word_1_378' title='bbox 1712 2278 1756 2328; x_wconf 87' lang='lat' dir='ltr'>est</span> 
     </span>
     <span class='ocr_line' id='line_1_48' title="bbox 951 2358 1755 2437; baseline -0.01 -15"><span class='ocrx_word' id='word_1_379' title='bbox 951 2364 1133 2437; x_wconf 89' lang='lat' dir='ltr'>inpendenda,</span> <span class='ocrx_word' id='word_1_380' title='bbox 1150 2375 1249 2435; x_wconf 89' lang='lat' dir='ltr'>quanta</span> <span class='ocrx_word' id='word_1_381' title='bbox 1264 2378 1327 2433; x_wconf 91' lang='lat' dir='ltr'>pars</span> <span class='ocrx_word' id='word_1_382' title='bbox 1340 2360 1392 2416; x_wconf 90' lang='lat' dir='ltr'>ista</span> <span class='ocrx_word' id='word_1_383' title='bbox 1405 2359 1515 2434; x_wconf 89' lang='lat' dir='ltr'>dignior</span> <span class='ocrx_word' id='word_1_384' title='bbox 1536 2358 1583 2415; x_wconf 82' lang='lat' dir='ltr'>ilia</span> <span class='ocrx_word' id='word_1_385' title='bbox 1602 2372 1665 2415; x_wconf 86' lang='lat' dir='ltr'>osse</span> <span class='ocrx_word' id='word_1_386' title='bbox 1683 2370 1755 2414; x_wconf 84' lang='lat' dir='ltr'>cott-</span> 
     </span>
     <span class='ocr_line' id='line_1_49' title="bbox 952 2445 1753 2522; baseline -0.01 -13"><span class='ocrx_word' id='word_1_387' title='bbox 952 2454 1076 2510; x_wconf 90' lang='lat' dir='ltr'>vincitur.</span> <span class='ocrx_word' id='word_1_388' title='bbox 1093 2453 1142 2507; x_wconf 89' lang='lat' dir='ltr'>ilio</span> <span class='ocrx_word' id='word_1_389' title='bbox 1156 2461 1246 2506; x_wconf 86' lang='lat' dir='ltr'>tameo</span> <span class='ocrx_word' id='word_1_390' title='bbox 1263 2449 1422 2522; x_wconf 88' lang='lat' dir='ltr'>simpliciter</span> <span class='ocrx_word' id='word_1_391' title='bbox 1436 2445 1586 2520; x_wconf 86' lang='lat' dir='ltr'>accipimus</span> <span class='ocrx_word' id='word_1_392' title='bbox 1599 2445 1753 2518; x_wconf 80' lang='lat' dir='ltr'>puritatem,</span> 
     </span>
     <span class='ocr_line' id='line_1_50' title="bbox 952 2533 1756 2611; baseline -0.007 -13"><span class='ocrx_word' id='word_1_393' title='bbox 952 2554 982 2598; x_wconf 90' lang='lat' dir='ltr'>ut</span> <span class='ocrx_word' id='word_1_394' title='bbox 1006 2543 1130 2598; x_wconf 87' lang='lat' dir='ltr'>videlicet</span> <span class='ocrx_word' id='word_1_395' title='bbox 1151 2540 1240 2596; x_wconf 88' lang='lat' dir='ltr'>omnia</span> <span class='ocrx_word' id='word_1_396' title='bbox 1260 2553 1322 2611; x_wconf 83' lang='lat' dir='ltr'>qoae</span> <span class='ocrx_word' id='word_1_397' title='bbox 1347 2537 1465 2609; x_wconf 79' lang='lat' dir='ltr'>agimus,</span> <span class='ocrx_word' id='word_1_398' title='bbox 1478 2551 1548 2608; x_wconf 88' lang='lat' dir='ltr'>pure</span> <span class='ocrx_word' id='word_1_399' title='bbox 1571 2544 1599 2592; x_wconf 85' lang='lat' dir='ltr'>et</span> <span class='ocrx_word' id='word_1_400' title='bbox 1616 2533 1756 2592; x_wconf 80' lang='lat' dir='ltr'>humiliter</span> 
     </span>
     <span class='ocr_line' id='line_1_51' title="bbox 952 2623 1757 2688; baseline -0.009 0"><span class='ocrx_word' id='word_1_401' title='bbox 952 2630 1127 2688; x_wconf 88' lang='lat' dir='ltr'>conliteamur</span> <span class='ocrx_word' id='word_1_402' title='bbox 1149 2628 1266 2685; x_wconf 89' lang='lat' dir='ltr'>Domino</span> <span class='ocrx_word' id='word_1_403' title='bbox 1289 2627 1317 2681; x_wconf 93' lang='lat' dir='ltr'>in</span> <span class='ocrx_word' id='word_1_404' title='bbox 1336 2625 1467 2687; x_wconf 88' lang='lat' dir='ltr'>oratione.</span> <span class='ocrx_word' id='word_1_405' title='bbox 1483 2623 1586 2680; x_wconf 88' lang='lat' dir='ltr'>bomini</span> <span class='ocrx_word' id='word_1_406' title='bbox 1599 2624 1628 2680; x_wconf 88' lang='lat' dir='ltr'>iu</span> <span class='ocrx_word' id='word_1_407' title='bbox 1641 2623 1757 2682; x_wconf 65' lang='lat' dir='ltr'>coniu-</span> 
     </span>
     <span class='ocr_line' id='line_1_52' title="bbox 954 2711 1758 2784; baseline -0.005 -9"><span class='ocrx_word' id='word_1_408' title='bbox 954 2719 1040 2784; x_wconf 90' lang='lat' dir='ltr'>sione,</span> <span class='ocrx_word' id='word_1_409' title='bbox 1057 2728 1084 2774; x_wconf 89' lang='lat' dir='ltr'>et</span> <span class='ocrx_word' id='word_1_410' title='bbox 1099 2720 1220 2774; x_wconf 88' lang='lat' dir='ltr'>dicamus</span> <span class='ocrx_word' id='word_1_411' title='bbox 1235 2734 1242 2771; x_wconf 91' lang='lat'>:</span> <span class='ocrx_word' id='word_1_412' title='bbox 1259 2717 1348 2772; x_wconf 76' lang='lat' dir='ltr'>Dixi:</span> <span class='ocrx_word' id='word_1_413' title='bbox 1366 2714 1523 2783; x_wconf 77' lang='lat' dir='ltr'>confitebor</span> <span class='ocrx_word' id='word_1_414' title='bbox 1535 2711 1688 2770; x_wconf 67' lang='lat' dir='ltr'>adamum</span> <span class='ocrx_word' id='word_1_415' title='bbox 1708 2728 1758 2771; x_wconf 78' lang='lat' dir='ltr'>stae</span> 
     </span>
     <span class='ocr_line' id='line_1_53' title="bbox 950 2803 1757 2880; baseline -0.005 -16"><span class='ocrx_word' id='word_1_416' title='bbox 950 2809 1128 2880; x_wconf 79' lang='lat' dir='ltr'>injustitiam</span> <span class='ocrx_word' id='word_1_417' title='bbox 1139 2805 1413 2874; x_wconf 69' lang='lat' dir='ltr'>monasteriisque</span> <span class='ocrx_word' id='word_1_418' title='bbox 1427 2807 1459 2861; x_wconf 84' lang='lat' dir='ltr'>tu</span> <span class='ocrx_word' id='word_1_419' title='bbox 1470 2803 1757 2874; x_wconf 77' lang='lat' dir='ltr'>remisistilmpt‘atc-</span> 
     </span>
    </p>
   </div>
   <div class='ocr_carea' id='block_1_12' title="bbox 102 2890 1757 5357">
    <p class='ocr_par' dir='ltr' id='par_1_13' title="bbox 103 2890 1461 2985">
     <span class='ocr_line' id='line_1_54' title="bbox 103 2890 1461 2985; baseline -0.007 -33"><span class='ocrx_word' id='word_1_420' title='bbox 103 2911 170 2967; x_wconf 90' lang='lat' dir='ltr'>pore</span> <span class='ocrx_word' id='word_1_421' title='bbox 184 2905 211 2951; x_wconf 93' lang='lat' dir='ltr'>et</span> <span class='ocrx_word' id='word_1_422' title='bbox 225 2902 318 2966; x_wconf 86' lang='lat' dir='ltr'>tepore</span> <span class='ocrx_word' id='word_1_423' title='bbox 337 2893 426 2948; x_wconf 89' lang='lat' dir='ltr'>cordis</span> <span class='ocrx_word' id='word_1_424' title='bbox 452 2891 552 2948; x_wconf 85' lang='lat' dir='ltr'>nostri!</span> <span class='ocrx_word' id='word_1_425' title='bbox 569 2891 617 2965; x_wconf 91' lang='lat' dir='ltr'>qui</span> <span class='ocrx_word' id='word_1_426' title='bbox 643 2890 826 2962; x_wconf 88' lang='lat' dir='ltr'>permittimus</span> <span class='ocrx_word' id='word_1_427' title='bbox 848 2904 898 2944; x_wconf 90' lang='lat' dir='ltr'>uos</span> <span class='ocrx_word' id='word_1_428' title='bbox 914 2906 936 2985; x_wconf 66' lang='lat' dir='ltr'>c</span> <span class='ocrx_word' id='word_1_429' title='bbox 950 2902 1007 2957; x_wconf 59' lang='lat' dir='ltr'>tem</span> <span class='ocrx_word' id='word_1_430' title='bbox 1018 2898 1129 2971; x_wconf 60' lang='lat' dir='ltr'>peccati</span> <span class='ocrx_word' id='word_1_431' title='bbox 1141 2898 1198 2953; x_wconf 70' lang='lat' dir='ltr'>mei</span> <span class='ocrx_word' id='word_1_432' title='bbox 1215 2896 1304 2965; x_wconf 69' lang='lat' dir='ltr'>(psat.</span> <span class='ocrx_word' id='word_1_433' title='bbox 1319 2908 1401 2957; x_wconf 76' lang='lat' dir='ltr'>mr,</span> <span class='ocrx_word' id='word_1_434' title='bbox 1422 2895 1461 2963; x_wconf 80' lang='lat' dir='ltr'>tt).</span> 
     </span>
    </p>

    <p class='ocr_par' dir='ltr' id='par_1_14' title="bbox 102 2979 1757 5357">
     <span class='ocr_line' id='line_1_55' title="bbox 102 2979 1755 3058; baseline -0.004 -18"><span class='ocrx_word' id='word_1_435' title='bbox 102 2986 145 3040; x_wconf 89' lang='lat' dir='ltr'>his</span> <span class='ocrx_word' id='word_1_436' title='bbox 160 2982 328 3057; x_wconf 77' lang='lat' dir='ltr'>vanitatibqs</span> <span class='ocrx_word' id='word_1_437' title='bbox 343 2981 483 3053; x_wconf 89' lang='lat' dir='ltr'>occupari,</span> <span class='ocrx_word' id='word_1_438' title='bbox 500 2989 527 3038; x_wconf 90' lang='lat' dir='ltr'>et</span> <span class='ocrx_word' id='word_1_439' title='bbox 551 2997 606 3036; x_wconf 93' lang='lat' dir='ltr'>non</span> <span class='ocrx_word' id='word_1_440' title='bbox 628 2979 717 3053; x_wconf 90' lang='lat' dir='ltr'>magis</span> <span class='ocrx_word' id='word_1_441' title='bbox 731 2995 765 3036; x_wconf 84' lang='lat' dir='ltr'>et</span> <span class='ocrx_word' id='word_1_442' title='bbox 789 2979 898 3035; x_wconf 85' lang='lat' dir='ltr'>instanti</span> <span class='ocrx_word' id='word_1_443' title='bbox 989 2993 1016 3044; x_wconf 80' lang='lat'>3,</span> <span class='ocrx_word' id='word_1_444' title='bbox 1033 2988 1066 3041; x_wconf 74' lang='lat' dir='ltr'>Et</span> <span class='ocrx_word' id='word_1_445' title='bbox 1077 2985 1139 3058; x_wconf 77' lang='lat' dir='ltr'>quia</span> <span class='ocrx_word' id='word_1_446' title='bbox 1152 2985 1253 3041; x_wconf 69' lang='lat' dir='ltr'>sociate</span> <span class='ocrx_word' id='word_1_447' title='bbox 1273 2983 1374 3038; x_wconf 79' lang='lat' dir='ltr'>animal</span> <span class='ocrx_word' id='word_1_448' title='bbox 1398 2997 1500 3048; x_wconf 86' lang='lat' dir='ltr'>sumus,</span> <span class='ocrx_word' id='word_1_449' title='bbox 1517 2996 1551 3038; x_wconf 79' lang='lat' dir='ltr'>ax</span> <span class='ocrx_word' id='word_1_450' title='bbox 1572 2980 1615 3037; x_wconf 86' lang='lat' dir='ltr'>tris</span> <span class='ocrx_word' id='word_1_451' title='bbox 1640 2994 1704 3052; x_wconf 76' lang='lat' dir='ltr'>quta</span> <span class='ocrx_word' id='word_1_452' title='bbox 1726 2980 1755 3036; x_wconf 87' lang='lat' dir='ltr'>in</span> 
     </span>
     <span class='ocr_line' id='line_1_56' title="bbox 103 3069 1755 3142; baseline -0.002 -12"><span class='ocrx_word' id='word_1_453' title='bbox 103 3073 271 3130; x_wconf 72' lang='lat' dir='ltr'>transilimus</span> <span class='ocrx_word' id='word_1_454' title='bbox 285 3072 314 3127; x_wconf 89' lang='lat' dir='ltr'>in</span> <span class='ocrx_word' id='word_1_455' title='bbox 329 3073 399 3127; x_wconf 93' lang='lat' dir='ltr'>bona</span> <span class='ocrx_word' id='word_1_456' title='bbox 414 3071 532 3140; x_wconf 87' lang='lat' dir='ltr'>Domini,</span> <span class='ocrx_word' id='word_1_457' title='bbox 558 3070 657 3128; x_wconf 86' lang='lat' dir='ltr'>sivein</span> <span class='ocrx_word' id='word_1_458' title='bbox 675 3069 816 3135; x_wconf 91' lang='lat' dir='ltr'>naturalia,</span> <span class='ocrx_word' id='word_1_459' title='bbox 840 3070 901 3126; x_wconf 86' lang='lat' dir='ltr'>site</span> <span class='ocrx_word' id='word_1_460' title='bbox 954 3077 1033 3133; x_wconf 81' lang='lat' dir='ltr'>nobis</span> <span class='ocrx_word' id='word_1_461' title='bbox 1051 3071 1165 3130; x_wconf 73' lang='grc'>11111</span> <span class='ocrx_word' id='word_1_462' title='bbox 1179 3083 1251 3142; x_wconf 88' lang='lat' dir='ltr'>suut,</span> <span class='ocrx_word' id='word_1_463' title='bbox 1266 3072 1302 3127; x_wconf 89' lang='lat' dir='ltr'>ad</span> <span class='ocrx_word' id='word_1_464' title='bbox 1315 3085 1349 3125; x_wconf 85' lang='lat' dir='ltr'>ea</span> <span class='ocrx_word' id='word_1_465' title='bbox 1362 3085 1422 3142; x_wconf 80' lang='lat' dir='ltr'>quae</span> <span class='ocrx_word' id='word_1_466' title='bbox 1436 3069 1509 3126; x_wconf 89' lang='lat' dir='ltr'>circa</span> <span class='ocrx_word' id='word_1_467' title='bbox 1522 3083 1572 3126; x_wconf 87' lang='lat' dir='ltr'>uos</span> <span class='ocrx_word' id='word_1_468' title='bbox 1585 3076 1648 3124; x_wconf 87' lang='lat' dir='ltr'>sunt</span> <span class='ocrx_word' id='word_1_469' title='bbox 1661 3078 1755 3125; x_wconf 68' lang='grc' dir='ltr'>ίηιιε-</span> 
     </span>
     <span class='ocr_line' id='line_1_57' title="bbox 103 3156 1755 3236; baseline -0.005 -17"><span class='ocrx_word' id='word_1_470' title='bbox 103 3163 132 3219; x_wconf 92' lang='lat' dir='ltr'>in</span> <span class='ocrx_word' id='word_1_471' title='bbox 145 3160 304 3233; x_wconf 85' lang='lat' dir='ltr'>spiritualia,</span> <span class='ocrx_word' id='word_1_472' title='bbox 320 3176 368 3216; x_wconf 92' lang='lat' dir='ltr'>seu</span> <span class='ocrx_word' id='word_1_473' title='bbox 384 3159 467 3217; x_wconf 77' lang='lat' dir='ltr'>edam</span> <span class='ocrx_word' id='word_1_474' title='bbox 483 3159 511 3214; x_wconf 93' lang='lat' dir='ltr'>iu</span> <span class='ocrx_word' id='word_1_475' title='bbox 525 3169 637 3215; x_wconf 75' lang='lat' dir='ltr'>aeterna.</span> <span class='ocrx_word' id='word_1_476' title='bbox 652 3160 685 3215; x_wconf 91' lang='lat' dir='ltr'>Et</span> <span class='ocrx_word' id='word_1_477' title='bbox 699 3158 809 3231; x_wconf 85' lang='lat' dir='ltr'>quidam</span> <span class='ocrx_word' id='word_1_478' title='bbox 822 3165 901 3213; x_wconf 92' lang='lat' dir='ltr'>natu·</span> <span class='ocrx_word' id='word_1_479' title='bbox 953 3179 1066 3236; x_wconf 68' lang='lat' dir='ltr'>eamus3</span> <span class='ocrx_word' id='word_1_480' title='bbox 1083 3171 1122 3229; x_wconf 85' lang='lat' dir='ltr'>ut,</span> <span class='ocrx_word' id='word_1_481' title='bbox 1138 3163 1161 3219; x_wconf 82' lang='lat' dir='ltr'>si</span> <span class='ocrx_word' id='word_1_482' title='bbox 1177 3161 1235 3218; x_wconf 84' lang='lat' dir='ltr'>fieri</span> <span class='ocrx_word' id='word_1_483' title='bbox 1251 3167 1349 3231; x_wconf 84' lang='lat' dir='ltr'>potest,</span> <span class='ocrx_word' id='word_1_484' title='bbox 1362 3158 1436 3227; x_wconf 90' lang='lat' dir='ltr'>quod</span> <span class='ocrx_word' id='word_1_485' title='bbox 1451 3173 1484 3215; x_wconf 86' lang='lat' dir='ltr'>ex</span> <span class='ocrx_word' id='word_1_486' title='bbox 1497 3156 1578 3213; x_wconf 89' lang='lat' dir='ltr'>nobis</span> <span class='ocrx_word' id='word_1_487' title='bbox 1589 3162 1641 3223; x_wconf 87' lang='lat' dir='ltr'>est,</span> <span class='ocrx_word' id='word_1_488' title='bbox 1658 3170 1755 3227; x_wconf 86' lang='lat' dir='ltr'>paoem</span> 
     </span>
     <span class='ocr_line' id='line_1_58' title="bbox 104 3243 1757 3320; baseline -0.005 -10"><span class='ocrx_word' id='word_1_489' title='bbox 104 3252 171 3310; x_wconf 89' lang='lat' dir='ltr'>ralia</span> <span class='ocrx_word' id='word_1_490' title='bbox 187 3250 260 3306; x_wconf 92' lang='lat' dir='ltr'>bona</span> <span class='ocrx_word' id='word_1_491' title='bbox 278 3265 395 3320; x_wconf 87' lang='lat' dir='ltr'>magna,</span> <span class='ocrx_word' id='word_1_492' title='bbox 410 3249 560 3319; x_wconf 85' lang='lat' dir='ltr'>spiritualia</span> <span class='ocrx_word' id='word_1_493' title='bbox 573 3250 689 3319; x_wconf 89' lang='lat' dir='ltr'>majora,</span> <span class='ocrx_word' id='word_1_494' title='bbox 709 3253 758 3304; x_wconf 84' lang='lat' dir='ltr'>sed</span> <span class='ocrx_word' id='word_1_495' title='bbox 785 3247 901 3304; x_wconf 69' lang='lat' dir='ltr'>maxima</span> <span class='ocrx_word' id='word_1_496' title='bbox 954 3254 1101 3309; x_wconf 88' lang='lat' dir='ltr'>babeamus</span> <span class='ocrx_word' id='word_1_497' title='bbox 1119 3267 1181 3306; x_wconf 90' lang='lat' dir='ltr'>cum</span> <span class='ocrx_word' id='word_1_498' title='bbox 1207 3249 1335 3305; x_wconf 91' lang='lat' dir='ltr'>omnibus</span> <span class='ocrx_word' id='word_1_499' title='bbox 1358 3245 1523 3303; x_wconf 88' lang='lat' dir='ltr'>bominibus.</span> <span class='ocrx_word' id='word_1_500' title='bbox 1538 3245 1604 3301; x_wconf 82' lang='lat' dir='ltr'>ilaec</span> <span class='ocrx_word' id='word_1_501' title='bbox 1625 3243 1757 3302; x_wconf 81' lang='lat' dir='ltr'>animast</span> 
     </span>
     <span class='ocr_line' id='line_1_59' title="bbox 106 3328 1757 3408; baseline -0.001 -16"><span class='ocrx_word' id='word_1_502' title='bbox 106 3349 170 3396; x_wconf 84' lang='lat' dir='ltr'>sunt</span> <span class='ocrx_word' id='word_1_503' title='bbox 184 3345 293 3394; x_wconf 85' lang='lat' dir='ltr'>aeterna.</span> <span class='ocrx_word' id='word_1_504' title='bbox 310 3337 338 3391; x_wconf 91' lang='lat' dir='ltr'>Iu</span> <span class='ocrx_word' id='word_1_505' title='bbox 354 3336 450 3408; x_wconf 88' lang='lat' dir='ltr'>primis</span> <span class='ocrx_word' id='word_1_506' title='bbox 462 3351 630 3408; x_wconf 87' lang='lat' dir='ltr'>reparamur,</span> <span class='ocrx_word' id='word_1_507' title='bbox 642 3336 670 3392; x_wconf 93' lang='lat' dir='ltr'>iu</span> <span class='ocrx_word' id='word_1_508' title='bbox 684 3335 809 3393; x_wconf 85' lang='lat' dir='ltr'>secundis</span> <span class='ocrx_word' id='word_1_509' title='bbox 819 3328 899 3392; x_wconf 78' lang='lat' dir='ltr'>erer&#39;·</span> <span class='ocrx_word' id='word_1_510' title='bbox 954 3342 997 3399; x_wconf 81' lang='lat' dir='ltr'>les</span> <span class='ocrx_word' id='word_1_511' title='bbox 1015 3339 1145 3396; x_wconf 90' lang='lat' dir='ltr'>naturalis</span> <span class='ocrx_word' id='word_1_512' title='bbox 1168 3339 1315 3405; x_wconf 86' lang='lat' dir='ltr'>societatis,</span> <span class='ocrx_word' id='word_1_513' title='bbox 1334 3342 1364 3393; x_wconf 92' lang='lat' dir='ltr'>ut</span> <span class='ocrx_word' id='word_1_514' title='bbox 1385 3336 1476 3391; x_wconf 88' lang='lat' dir='ltr'>omnia</span> <span class='ocrx_word' id='word_1_515' title='bbox 1493 3348 1663 3405; x_wconf 80' lang='lat' dir='ltr'>quaecunque</span> <span class='ocrx_word' id='word_1_516' title='bbox 1676 3334 1757 3390; x_wconf 86' lang='lat' dir='ltr'>nobis</span> 
     </span>
     <span class='ocr_line' id='line_1_60' title="bbox 106 3422 1757 3496; baseline 0.001 -18"><span class='ocrx_word' id='word_1_517' title='bbox 106 3425 231 3493; x_wconf 89' lang='lat' dir='ltr'>citamur,</span> <span class='ocrx_word' id='word_1_518' title='bbox 247 3424 420 3482; x_wconf 83' lang='lat' dir='ltr'>extendimur</span> <span class='ocrx_word' id='word_1_519' title='bbox 448 3431 476 3480; x_wconf 94' lang='lat' dir='ltr'>et</span> <span class='ocrx_word' id='word_1_520' title='bbox 494 3424 680 3482; x_wconf 80' lang='lat' dir='ltr'>beatificamur</span> <span class='ocrx_word' id='word_1_521' title='bbox 705 3425 735 3480; x_wconf 91' lang='lat' dir='ltr'>in</span> <span class='ocrx_word' id='word_1_522' title='bbox 758 3424 856 3480; x_wconf 89' lang='lat' dir='ltr'>tertiis.</span> <span class='ocrx_word' id='word_1_523' title='bbox 872 3424 900 3479; x_wconf 90' lang='lat' dir='ltr'>Si</span> <span class='ocrx_word' id='word_1_524' title='bbox 954 3432 1010 3487; x_wconf 83' lang='lat' dir='ltr'>fieri</span> <span class='ocrx_word' id='word_1_525' title='bbox 1032 3431 1169 3496; x_wconf 90' lang='lat' dir='ltr'>nolumus,</span> <span class='ocrx_word' id='word_1_526' title='bbox 1194 3427 1256 3482; x_wconf 86' lang='lat' dir='ltr'>aliis</span> <span class='ocrx_word' id='word_1_527' title='bbox 1283 3440 1340 3481; x_wconf 89' lang='lat' dir='ltr'>non</span> <span class='ocrx_word' id='word_1_528' title='bbox 1366 3423 1516 3481; x_wconf 80' lang='lat' dir='ltr'>iaciamus:</span> <span class='ocrx_word' id='word_1_529' title='bbox 1540 3430 1648 3494; x_wconf 78' lang='lat' dir='ltr'>etquis</span> <span class='ocrx_word' id='word_1_530' title='bbox 1675 3422 1757 3480; x_wconf 83' lang='lat' dir='ltr'>nobis</span> 
     </span>
     <span class='ocr_line' id='line_1_61' title="bbox 107 3509 1757 3586; baseline -0.004 -13"><span class='ocrx_word' id='word_1_531' title='bbox 107 3528 162 3568; x_wconf 80' lang='lat' dir='ltr'>nou</span> <span class='ocrx_word' id='word_1_532' title='bbox 177 3519 255 3584; x_wconf 83' lang='lat' dir='ltr'>potes</span> <span class='ocrx_word' id='word_1_533' title='bbox 270 3511 382 3569; x_wconf 81' lang='lat' dir='ltr'>oculum</span> <span class='ocrx_word' id='word_1_534' title='bbox 398 3511 583 3567; x_wconf 65' lang='lat' dir='ltr'>meditationis</span> <span class='ocrx_word' id='word_1_535' title='bbox 607 3513 634 3568; x_wconf 87' lang='lat' dir='ltr'>in</span> <span class='ocrx_word' id='word_1_536' title='bbox 649 3513 720 3567; x_wconf 70' lang='lat' dir='ltr'>ittam</span> <span class='ocrx_word' id='word_1_537' title='bbox 750 3512 902 3567; x_wconf 77' lang='lat' dir='ltr'>sublimitt·</span> <span class='ocrx_word' id='word_1_538' title='bbox 954 3517 1013 3575; x_wconf 85' lang='lat' dir='ltr'>ficri</span> <span class='ocrx_word' id='word_1_539' title='bbox 1028 3518 1161 3581; x_wconf 87' lang='lat' dir='ltr'>volumus,</span> <span class='ocrx_word' id='word_1_540' title='bbox 1172 3514 1231 3569; x_wconf 90' lang='lat' dir='ltr'>aliis</span> <span class='ocrx_word' id='word_1_541' title='bbox 1244 3512 1401 3584; x_wconf 88' lang='lat' dir='ltr'>impendere</span> <span class='ocrx_word' id='word_1_542' title='bbox 1415 3512 1582 3568; x_wconf 89' lang='lat' dir='ltr'>studeamus.</span> <span class='ocrx_word' id='word_1_543' title='bbox 1597 3509 1673 3567; x_wconf 79' lang='lat' dir='ltr'>Sicut</span> <span class='ocrx_word' id='word_1_544' title='bbox 1685 3524 1757 3586; x_wconf 77' lang='lat' dir='ltr'>ergo</span> 
     </span>
     <span class='ocr_line' id='line_1_62' title="bbox 108 3597 1755 3673; baseline -0.002 -17"><span class='ocrx_word' id='word_1_545' title='bbox 108 3610 163 3657; x_wconf 84' lang='lat' dir='ltr'>tem</span> <span class='ocrx_word' id='word_1_546' title='bbox 183 3602 351 3659; x_wconf 86' lang='lat' dir='ltr'>aeternalium</span> <span class='ocrx_word' id='word_1_547' title='bbox 366 3600 500 3658; x_wconf 89' lang='lat' dir='ltr'>bonorum</span> <span class='ocrx_word' id='word_1_548' title='bbox 528 3598 651 3671; x_wconf 86' lang='lat' dir='ltr'>infigere,</span> <span class='ocrx_word' id='word_1_549' title='bbox 684 3600 748 3672; x_wconf 93' lang='lat' dir='ltr'>quia</span> <span class='ocrx_word' id='word_1_550' title='bbox 775 3600 903 3656; x_wconf 85' lang='lat' dir='ltr'>distantia</span> <span class='ocrx_word' id='word_1_551' title='bbox 955 3606 1087 3661; x_wconf 90' lang='lat' dir='ltr'>debemus</span> <span class='ocrx_word' id='word_1_552' title='bbox 1100 3604 1242 3659; x_wconf 89' lang='lat' dir='ltr'>sanitatem</span> <span class='ocrx_word' id='word_1_553' title='bbox 1257 3599 1375 3673; x_wconf 84' lang='lat' dir='ltr'>corpori,</span> <span class='ocrx_word' id='word_1_554' title='bbox 1391 3599 1536 3670; x_wconf 89' lang='lat' dir='ltr'>puritatem</span> <span class='ocrx_word' id='word_1_555' title='bbox 1558 3597 1648 3669; x_wconf 77' lang='lat' dir='ltr'>cordi3</span> <span class='ocrx_word' id='word_1_556' title='bbox 1663 3597 1706 3655; x_wconf 85' lang='lat' dir='ltr'>tic</span> <span class='ocrx_word' id='word_1_557' title='bbox 1726 3602 1755 3656; x_wconf 89' lang='lat' dir='ltr'>et</span> 
     </span>
     <span class='ocr_line' id='line_1_63' title="bbox 106 3687 1755 3764; baseline 0 -20"><span class='ocrx_word' id='word_1_558' title='bbox 106 3698 178 3757; x_wconf 87' lang='lat' dir='ltr'>sunt,</span> <span class='ocrx_word' id='word_1_559' title='bbox 195 3699 222 3748; x_wconf 87' lang='lat' dir='ltr'>ot</span> <span class='ocrx_word' id='word_1_560' title='bbox 235 3708 343 3746; x_wconf 83' lang='lat' dir='ltr'>omnum</span> <span class='ocrx_word' id='word_1_561' title='bbox 358 3705 468 3746; x_wconf 88' lang='lat' dir='ltr'>sensum</span> <span class='ocrx_word' id='word_1_562' title='bbox 479 3699 662 3762; x_wconf 80' lang='lat' dir='ltr'>exsuperant:</span> <span class='ocrx_word' id='word_1_563' title='bbox 679 3688 706 3744; x_wconf 93' lang='lat' dir='ltr'>iu</span> <span class='ocrx_word' id='word_1_564' title='bbox 721 3689 901 3764; x_wconf 84' lang='lat' dir='ltr'>bonisgratiae</span> <span class='ocrx_word' id='word_1_565' title='bbox 956 3693 1031 3752; x_wconf 75' lang='lat' dir='ltr'>tratri</span> <span class='ocrx_word' id='word_1_566' title='bbox 1047 3708 1150 3763; x_wconf 80' lang='lat' dir='ltr'>pacem.</span> <span class='ocrx_word' id='word_1_567' title='bbox 1169 3693 1230 3747; x_wconf 86' lang='lat' dir='ltr'>tam</span> <span class='ocrx_word' id='word_1_568' title='bbox 1249 3691 1314 3746; x_wconf 88' lang='lat' dir='ltr'>hinc</span> <span class='ocrx_word' id='word_1_569' title='bbox 1327 3691 1524 3744; x_wconf 88' lang='lat' dir='ltr'>transeundum</span> <span class='ocrx_word' id='word_1_570' title='bbox 1536 3695 1580 3743; x_wconf 85' lang='lat' dir='ltr'>ast</span> <span class='ocrx_word' id='word_1_571' title='bbox 1593 3687 1627 3743; x_wconf 89' lang='lat' dir='ltr'>ad</span> <span class='ocrx_word' id='word_1_572' title='bbox 1639 3698 1755 3743; x_wconf 73' lang='lat' dir='ltr'>meto-</span> 
     </span>
     <span class='ocr_line' id='line_1_64' title="bbox 106 3776 1756 3853; baseline -0.001 -21"><span class='ocrx_word' id='word_1_573' title='bbox 106 3793 167 3850; x_wconf 84' lang='lat' dir='ltr'>quae</span> <span class='ocrx_word' id='word_1_574' title='bbox 181 3789 245 3833; x_wconf 92' lang='lat' dir='ltr'>sunt</span> <span class='ocrx_word' id='word_1_575' title='bbox 258 3778 288 3833; x_wconf 90' lang='lat' dir='ltr'>itt</span> <span class='ocrx_word' id='word_1_576' title='bbox 315 3779 443 3833; x_wconf 81' lang='lat' dir='ltr'>exercitio</span> <span class='ocrx_word' id='word_1_577' title='bbox 457 3777 601 3842; x_wconf 86' lang='lat' dir='ltr'>virtutum,</span> <span class='ocrx_word' id='word_1_578' title='bbox 623 3778 711 3836; x_wconf 71' lang='lat' dir='ltr'>vuum</span> <span class='ocrx_word' id='word_1_579' title='bbox 735 3776 855 3845; x_wconf 86' lang='lat' dir='ltr'>reticete,</span> <span class='ocrx_word' id='word_1_580' title='bbox 872 3781 902 3831; x_wconf 93' lang='lat' dir='ltr'>ut</span> <span class='ocrx_word' id='word_1_581' title='bbox 956 3800 1017 3842; x_wconf 73' lang='lat' dir='ltr'>rum</span> <span class='ocrx_word' id='word_1_582' title='bbox 1031 3781 1145 3848; x_wconf 72' lang='lat' dir='ltr'>animas,</span> <span class='ocrx_word' id='word_1_583' title='bbox 1157 3797 1218 3853; x_wconf 83' lang='lat' dir='ltr'>quae</span> <span class='ocrx_word' id='word_1_584' title='bbox 1242 3780 1276 3836; x_wconf 81' lang='lat' dir='ltr'>de</span> <span class='ocrx_word' id='word_1_585' title='bbox 1295 3776 1378 3851; x_wconf 84' lang='lat' dir='ltr'>hujus</span> <span class='ocrx_word' id='word_1_586' title='bbox 1401 3776 1569 3834; x_wconf 87' lang='lat' dir='ltr'>mortaiitatis</span> <span class='ocrx_word' id='word_1_587' title='bbox 1590 3790 1700 3833; x_wconf 78' lang='lat' dir='ltr'>carcere</span> <span class='ocrx_word' id='word_1_588' title='bbox 1720 3776 1756 3833; x_wconf 84' lang='lat' dir='ltr'>ud</span> 
     </span>
     <span class='ocr_line' id='line_1_65' title="bbox 106 3863 1757 3944; baseline -0.001 -22"><span class='ocrx_word' id='word_1_589' title='bbox 106 3866 199 3922; x_wconf 83' lang='lat' dir='ltr'>videas</span> <span class='ocrx_word' id='word_1_590' title='bbox 212 3880 293 3935; x_wconf 90' lang='lat' dir='ltr'>quam</span> <span class='ocrx_word' id='word_1_591' title='bbox 307 3880 383 3938; x_wconf 85' lang='lat' dir='ltr'>purae</span> <span class='ocrx_word' id='word_1_592' title='bbox 398 3865 585 3933; x_wconf 80' lang='lat' dir='ltr'>conscientiae,</span> <span class='ocrx_word' id='word_1_593' title='bbox 601 3882 683 3938; x_wconf 90' lang='lat' dir='ltr'>quam</span> <span class='ocrx_word' id='word_1_594' title='bbox 698 3865 791 3921; x_wconf 78' lang='lat' dir='ltr'>libera</span> <span class='ocrx_word' id='word_1_595' title='bbox 806 3863 902 3920; x_wconf 80' lang='lat' dir='ltr'>frontis</span> <span class='ocrx_word' id='word_1_596' title='bbox 956 3872 1089 3929; x_wconf 72' lang='lat' dir='ltr'>coelorum</span> <span class='ocrx_word' id='word_1_597' title='bbox 1112 3872 1213 3944; x_wconf 83' lang='lat' dir='ltr'>gaudia</span> <span class='ocrx_word' id='word_1_598' title='bbox 1233 3868 1401 3926; x_wconf 81' lang='lat' dir='ltr'>volaverunt.</span> <span class='ocrx_word' id='word_1_599' title='bbox 1417 3865 1465 3920; x_wconf 91' lang='lat' dir='ltr'>llis</span> <span class='ocrx_word' id='word_1_600' title='bbox 1487 3863 1610 3936; x_wconf 86' lang='lat' dir='ltr'>prolecto</span> <span class='ocrx_word' id='word_1_601' title='bbox 1624 3863 1757 3921; x_wconf 83' lang='lat' dir='ltr'>debemus</span> 
     </span>
     <span class='ocr_line' id='line_1_66' title="bbox 107 3950 1757 4029; baseline -0.001 -20"><span class='ocrx_word' id='word_1_602' title='bbox 107 3955 143 4009; x_wconf 88' lang='lat' dir='ltr'>sit</span> <span class='ocrx_word' id='word_1_603' title='bbox 161 3953 262 4010; x_wconf 83' lang='lat' dir='ltr'>versari</span> <span class='ocrx_word' id='word_1_604' title='bbox 277 3963 305 4009; x_wconf 89' lang='lat' dir='ltr'>et</span> <span class='ocrx_word' id='word_1_605' title='bbox 327 3953 485 4008; x_wconf 76' lang='lat' dir='ltr'>conversari</span> <span class='ocrx_word' id='word_1_606' title='bbox 502 3954 530 4008; x_wconf 91' lang='lat' dir='ltr'>iu</span> <span class='ocrx_word' id='word_1_607' title='bbox 544 3956 668 4012; x_wconf 74' lang='lat' dir='ltr'>castitate</span> <span class='ocrx_word' id='word_1_608' title='bbox 681 3953 859 4025; x_wconf 81' lang='lat' dir='ltr'>etobsritate,</span> <span class='ocrx_word' id='word_1_609' title='bbox 874 3952 902 4007; x_wconf 90' lang='lat' dir='ltr'>iu</span> <span class='ocrx_word' id='word_1_610' title='bbox 956 3959 1154 4023; x_wconf 66' lang='lat' dir='ltr'>imitationem</span> <span class='ocrx_word' id='word_1_611' title='bbox 1169 3955 1234 4029; x_wconf 85' lang='lat' dir='ltr'>quia</span> <span class='ocrx_word' id='word_1_612' title='bbox 1247 3952 1351 4010; x_wconf 83' lang='lat' dir='ltr'>similes</span> <span class='ocrx_word' id='word_1_613' title='bbox 1363 3952 1440 4010; x_wconf 87' lang='lat' dir='ltr'>fuere</span> <span class='ocrx_word' id='word_1_614' title='bbox 1454 3951 1543 4019; x_wconf 90' lang='lat' dir='ltr'>nobis,</span> <span class='ocrx_word' id='word_1_615' title='bbox 1560 3950 1716 4023; x_wconf 84' lang='lat' dir='ltr'>passibiles,</span> <span class='ocrx_word' id='word_1_616' title='bbox 1729 3956 1757 4009; x_wconf 94' lang='lat' dir='ltr'>et</span> 
     </span>
     <span class='ocr_line' id='line_1_67' title="bbox 109 4037 1755 4114; baseline 0 -19"><span class='ocrx_word' id='word_1_617' title='bbox 109 4041 239 4113; x_wconf 89' lang='lat' dir='ltr'>patientia</span> <span class='ocrx_word' id='word_1_618' title='bbox 250 4049 277 4094; x_wconf 88' lang='lat' dir='ltr'>et</span> <span class='ocrx_word' id='word_1_619' title='bbox 301 4040 463 4108; x_wconf 88' lang='lat' dir='ltr'>bumilitate,</span> <span class='ocrx_word' id='word_1_620' title='bbox 480 4044 640 4114; x_wconf 67' lang='lat' dir='ltr'>caeurisque</span> <span class='ocrx_word' id='word_1_621' title='bbox 663 4043 821 4111; x_wconf 85' lang='lat' dir='ltr'>virtutibus,</span> <span class='ocrx_word' id='word_1_622' title='bbox 842 4057 903 4114; x_wconf 75' lang='lat' dir='ltr'>quac</span> <span class='ocrx_word' id='word_1_623' title='bbox 957 4059 1035 4103; x_wconf 89' lang='lat' dir='ltr'>notas</span> <span class='ocrx_word' id='word_1_624' title='bbox 1049 4045 1127 4101; x_wconf 86' lang='lat' dir='ltr'>rtobis</span> <span class='ocrx_word' id='word_1_625' title='bbox 1145 4043 1268 4100; x_wconf 87' lang='lat' dir='ltr'>iecerunt</span> <span class='ocrx_word' id='word_1_626' title='bbox 1281 4042 1340 4098; x_wconf 83' lang='lat' dir='ltr'>rius</span> <span class='ocrx_word' id='word_1_627' title='bbox 1354 4043 1427 4106; x_wconf 81' lang='lat' dir='ltr'>titae,</span> <span class='ocrx_word' id='word_1_628' title='bbox 1442 4056 1510 4111; x_wconf 88' lang='lat' dir='ltr'>quaa</span> <span class='ocrx_word' id='word_1_629' title='bbox 1525 4049 1577 4095; x_wconf 89' lang='lat' dir='ltr'>tam</span> <span class='ocrx_word' id='word_1_630' title='bbox 1596 4037 1755 4114; x_wconf 79' lang='lat' dir='ltr'>infatigabi-</span> 
     </span>
     <span class='ocr_line' id='line_1_68' title="bbox 108 4127 1757 4207; baseline 0.001 -23"><span class='ocrx_word' id='word_1_631' title='bbox 108 4128 253 4185; x_wconf 80' lang='lat' dir='ltr'>amattilem</span> <span class='ocrx_word' id='word_1_632' title='bbox 267 4130 333 4198; x_wconf 83' lang='lat' dir='ltr'>Deo,</span> <span class='ocrx_word' id='word_1_633' title='bbox 354 4129 512 4199; x_wconf 86' lang='lat' dir='ltr'>placabilem</span> <span class='ocrx_word' id='word_1_634' title='bbox 532 4138 560 4185; x_wconf 89' lang='lat' dir='ltr'>et</span> <span class='ocrx_word' id='word_1_635' title='bbox 578 4131 734 4187; x_wconf 89' lang='lat' dir='ltr'>imitabilem</span> <span class='ocrx_word' id='word_1_636' title='bbox 748 4131 902 4187; x_wconf 90' lang='lat' dir='ltr'>bominibus</span> <span class='ocrx_word' id='word_1_637' title='bbox 957 4134 1016 4192; x_wconf 88' lang='lat' dir='ltr'>liter</span> <span class='ocrx_word' id='word_1_638' title='bbox 1038 4151 1120 4207; x_wconf 92' lang='lat' dir='ltr'>quam</span> <span class='ocrx_word' id='word_1_639' title='bbox 1138 4128 1371 4190; x_wconf 90' lang='lat' dir='ltr'>interminabiliter</span> <span class='ocrx_word' id='word_1_640' title='bbox 1393 4135 1547 4186; x_wconf 87' lang='lat' dir='ltr'>tenuerunt.</span> <span class='ocrx_word' id='word_1_641' title='bbox 1569 4127 1623 4184; x_wconf 86' lang='lat' dir='ltr'>ssd</span> <span class='ocrx_word' id='word_1_642' title='bbox 1651 4136 1678 4184; x_wconf 83' lang='lat' dir='ltr'>et</span> <span class='ocrx_word' id='word_1_643' title='bbox 1701 4128 1757 4186; x_wconf 87' lang='lat' dir='ltr'>iilis</span> 
     </span>
     <span class='ocr_line' id='line_1_69' title="bbox 109 4180 1756 4295; baseline -0.001 -20"><span class='ocrx_word' id='word_1_644' title='bbox 109 4220 235 4275; x_wconf 80' lang='lat' dir='ltr'>rudiunt.</span> <span class='ocrx_word' id='word_1_645' title='bbox 251 4218 329 4288; x_wconf 84' lang='lat' dir='ltr'>Quod</span> <span class='ocrx_word' id='word_1_646' title='bbox 345 4220 369 4273; x_wconf 90' lang='lat' dir='ltr'>si</span> <span class='ocrx_word' id='word_1_647' title='bbox 388 4232 414 4275; x_wconf 85' lang='lat' dir='ltr'>at</span> <span class='ocrx_word' id='word_1_648' title='bbox 441 4218 499 4274; x_wconf 84' lang='lat' dir='ltr'>haeo</span> <span class='ocrx_word' id='word_1_649' title='bbox 523 4219 605 4274; x_wconf 88' lang='lat' dir='ltr'>nimis</span> <span class='ocrx_word' id='word_1_650' title='bbox 633 4218 759 4276; x_wconf 90' lang='lat' dir='ltr'>sublimia</span> <span class='ocrx_word' id='word_1_651' title='bbox 786 4229 859 4287; x_wconf 88' lang='lat' dir='ltr'>sunt,</span> <span class='ocrx_word' id='word_1_652' title='bbox 879 4229 904 4274; x_wconf 90' lang='lat' dir='ltr'>et</span> <span class='ocrx_word' id='word_1_653' title='bbox 919 4180 942 4260; x_wconf 67' lang='grc' dir='ltr'><strong>υ</strong></span> <span class='ocrx_word' id='word_1_654' title='bbox 956 4224 1003 4295; x_wconf 90' lang='lat' dir='ltr'>qui</span> <span class='ocrx_word' id='word_1_655' title='bbox 1024 4237 1078 4279; x_wconf 91' lang='lat' dir='ltr'>non</span> <span class='ocrx_word' id='word_1_656' title='bbox 1101 4223 1129 4277; x_wconf 91' lang='lat' dir='ltr'>ia</span> <span class='ocrx_word' id='word_1_657' title='bbox 1150 4229 1224 4278; x_wconf 90' lang='lat' dir='ltr'>tanta</span> <span class='ocrx_word' id='word_1_658' title='bbox 1245 4219 1388 4276; x_wconf 87' lang='lat' dir='ltr'>sanctitate</span> <span class='ocrx_word' id='word_1_659' title='bbox 1405 4232 1453 4273; x_wconf 88' lang='lat' dir='ltr'>seu</span> <span class='ocrx_word' id='word_1_660' title='bbox 1473 4227 1580 4288; x_wconf 90' lang='lat' dir='ltr'>peracta</span> <span class='ocrx_word' id='word_1_661' title='bbox 1595 4217 1756 4287; x_wconf 80' lang='lat' dir='ltr'>paenitentia</span> 
     </span>
     <span class='ocr_line' id='line_1_70' title="bbox 112 4304 1757 4383; baseline 0 -20"><span class='ocrx_word' id='word_1_662' title='bbox 112 4307 337 4383; x_wconf 85' lang='lat' dir='ltr'>transgredientia</span> <span class='ocrx_word' id='word_1_663' title='bbox 364 4305 551 4363; x_wconf 83' lang='lat' dir='ltr'>infirmitatem</span> <span class='ocrx_word' id='word_1_664' title='bbox 575 4316 656 4375; x_wconf 87' lang='lat' dir='ltr'>tuam,</span> <span class='ocrx_word' id='word_1_665' title='bbox 674 4308 785 4363; x_wconf 89' lang='lat' dir='ltr'>demitte</span> <span class='ocrx_word' id='word_1_666' title='bbox 809 4309 903 4365; x_wconf 89' lang='lat' dir='ltr'>oculos</span> <span class='ocrx_word' id='word_1_667' title='bbox 957 4312 1093 4376; x_wconf 82' lang='lat' dir='ltr'>exierunt,</span> <span class='ocrx_word' id='word_1_668' title='bbox 1103 4308 1320 4379; x_wconf 82' lang='lat' dir='ltr'>compassionem</span> <span class='ocrx_word' id='word_1_669' title='bbox 1333 4306 1465 4362; x_wconf 87' lang='lat' dir='ltr'>debemus</span> <span class='ocrx_word' id='word_1_670' title='bbox 1478 4312 1507 4361; x_wconf 87' lang='lat' dir='ltr'>at</span> <span class='ocrx_word' id='word_1_671' title='bbox 1520 4304 1679 4372; x_wconf 87' lang='lat' dir='ltr'>orationem,</span> <span class='ocrx_word' id='word_1_672' title='bbox 1692 4320 1757 4376; x_wconf 87' lang='lat' dir='ltr'>pro·</span> 
     </span>
     <span class='ocr_line' id='line_1_71' title="bbox 110 4396 1755 4473; baseline -0.001 -20"><span class='ocrx_word' id='word_1_673' title='bbox 110 4409 173 4454; x_wconf 89' lang='lat' dir='ltr'>tuos</span> <span class='ocrx_word' id='word_1_674' title='bbox 185 4398 213 4451; x_wconf 93' lang='lat' dir='ltr'>iu</span> <span class='ocrx_word' id='word_1_675' title='bbox 227 4399 300 4453; x_wconf 92' lang='lat' dir='ltr'>bona</span> <span class='ocrx_word' id='word_1_676' title='bbox 314 4404 430 4468; x_wconf 85' lang='lat' dir='ltr'>naturae,</span> <span class='ocrx_word' id='word_1_677' title='bbox 444 4412 506 4468; x_wconf 73' lang='lat' dir='ltr'>quaa</span> <span class='ocrx_word' id='word_1_678' title='bbox 534 4397 581 4453; x_wconf 92' lang='lat' dir='ltr'>tibi</span> <span class='ocrx_word' id='word_1_679' title='bbox 605 4404 661 4452; x_wconf 90' lang='lat' dir='ltr'>tam</span> <span class='ocrx_word' id='word_1_680' title='bbox 688 4396 827 4453; x_wconf 75' lang='lat' dir='ltr'>famaliaris</span> <span class='ocrx_word' id='word_1_681' title='bbox 842 4413 903 4453; x_wconf 85' lang='lat' dir='ltr'>esse</span> <span class='ocrx_word' id='word_1_682' title='bbox 956 4409 1016 4473; x_wconf 90' lang='lat' dir='ltr'>pter</span> <span class='ocrx_word' id='word_1_683' title='bbox 1031 4399 1128 4455; x_wconf 74' lang='lat' dir='ltr'>similis</span> <span class='ocrx_word' id='word_1_684' title='bbox 1141 4406 1244 4455; x_wconf 80' lang='lat' dir='ltr'>naturae</span> <span class='ocrx_word' id='word_1_685' title='bbox 1265 4398 1452 4456; x_wconf 86' lang='lat' dir='ltr'>consortium:</span> <span class='ocrx_word' id='word_1_686' title='bbox 1470 4404 1500 4452; x_wconf 93' lang='lat' dir='ltr'>ut</span> <span class='ocrx_word' id='word_1_687' title='bbox 1524 4396 1588 4465; x_wconf 90' lang='lat' dir='ltr'>pins</span> <span class='ocrx_word' id='word_1_688' title='bbox 1607 4396 1686 4450; x_wconf 85' lang='lat' dir='ltr'>Pater</span> <span class='ocrx_word' id='word_1_689' title='bbox 1704 4410 1755 4452; x_wconf 90' lang='lat' dir='ltr'>au·</span> 
     </span>
     <span class='ocr_line' id='line_1_72' title="bbox 107 4484 1755 4557; baseline 0.001 -16"><span class='ocrx_word' id='word_1_690' title='bbox 107 4487 213 4555; x_wconf 85' lang='lat' dir='ltr'>debent,</span> <span class='ocrx_word' id='word_1_691' title='bbox 232 4496 365 4557; x_wconf 90' lang='lat' dir='ltr'>quantum</span> <span class='ocrx_word' id='word_1_692' title='bbox 377 4496 408 4541; x_wconf 91' lang='lat' dir='ltr'>tu</span> <span class='ocrx_word' id='word_1_693' title='bbox 427 4485 570 4543; x_wconf 81' lang='lat' dir='ltr'>familiaris</span> <span class='ocrx_word' id='word_1_694' title='bbox 585 4501 616 4542; x_wconf 86' lang='lat' dir='ltr'>es</span> <span class='ocrx_word' id='word_1_695' title='bbox 632 4486 689 4543; x_wconf 88' lang='lat' dir='ltr'>tibi.</span> <span class='ocrx_word' id='word_1_696' title='bbox 706 4486 762 4542; x_wconf 90' lang='lat' dir='ltr'>Neo</span> <span class='ocrx_word' id='word_1_697' title='bbox 775 4486 816 4542; x_wconf 88' lang='lat' dir='ltr'>sic</span> <span class='ocrx_word' id='word_1_698' title='bbox 835 4484 903 4541; x_wconf 90' lang='lat' dir='ltr'>dici·</span> <span class='ocrx_word' id='word_1_699' title='bbox 957 4489 1024 4545; x_wconf 84' lang='lat' dir='ltr'>ierat</span> <span class='ocrx_word' id='word_1_700' title='bbox 1038 4488 1151 4545; x_wconf 89' lang='lat' dir='ltr'>scoriam</span> <span class='ocrx_word' id='word_1_701' title='bbox 1166 4501 1271 4553; x_wconf 85' lang='lat' dir='ltr'>eorum,</span> <span class='ocrx_word' id='word_1_702' title='bbox 1296 4497 1322 4542; x_wconf 89' lang='lat' dir='ltr'>et</span> <span class='ocrx_word' id='word_1_703' title='bbox 1341 4486 1377 4541; x_wconf 87' lang='lat' dir='ltr'>ia·</span> <span class='ocrx_word' id='word_1_704' title='bbox 1391 4485 1522 4543; x_wconf 88' lang='lat' dir='ltr'>benetieia</span> <span class='ocrx_word' id='word_1_705' title='bbox 1547 4484 1654 4557; x_wconf 86' lang='lat' dir='ltr'>llagetta</span> <span class='ocrx_word' id='word_1_706' title='bbox 1674 4498 1755 4542; x_wconf 91' lang='lat' dir='ltr'>com·</span> 
     </span>
     <span class='ocr_line' id='line_1_73' title="bbox 108 4571 1756 4647; baseline 0.001 -20"><span class='ocrx_word' id='word_1_707' title='bbox 108 4588 169 4627; x_wconf 89' lang='lat' dir='ltr'>mus</span> <span class='ocrx_word' id='word_1_708' title='bbox 183 4573 255 4629; x_wconf 89' lang='lat' dir='ltr'>bona</span> <span class='ocrx_word' id='word_1_709' title='bbox 267 4578 380 4639; x_wconf 82' lang='lat' dir='ltr'>naturae,</span> <span class='ocrx_word' id='word_1_710' title='bbox 398 4571 475 4642; x_wconf 87' lang='lat' dir='ltr'>quasi</span> <span class='ocrx_word' id='word_1_711' title='bbox 493 4574 590 4645; x_wconf 80' lang='lat' dir='ltr'>gratita</span> <span class='ocrx_word' id='word_1_712' title='bbox 612 4587 667 4628; x_wconf 92' lang='lat' dir='ltr'>non</span> <span class='ocrx_word' id='word_1_713' title='bbox 686 4574 756 4642; x_wconf 90' lang='lat' dir='ltr'>sint·,</span> <span class='ocrx_word' id='word_1_714' title='bbox 772 4572 819 4628; x_wconf 92' lang='lat' dir='ltr'>sed</span> <span class='ocrx_word' id='word_1_715' title='bbox 842 4572 903 4629; x_wconf 82' lang='lat' dir='ltr'>ideo</span> <span class='ocrx_word' id='word_1_716' title='bbox 957 4587 1050 4644; x_wconf 89' lang='lat' dir='ltr'>mutet,</span> <span class='ocrx_word' id='word_1_717' title='bbox 1074 4588 1101 4633; x_wconf 93' lang='lat' dir='ltr'>et</span> <span class='ocrx_word' id='word_1_718' title='bbox 1124 4576 1163 4633; x_wconf 89' lang='lat' dir='ltr'>sic</span> <span class='ocrx_word' id='word_1_719' title='bbox 1186 4577 1297 4631; x_wconf 84' lang='lat' dir='ltr'>tandum</span> <span class='ocrx_word' id='word_1_720' title='bbox 1318 4574 1491 4647; x_wconf 83' lang='lat' dir='ltr'>reconsignet</span> <span class='ocrx_word' id='word_1_721' title='bbox 1507 4572 1541 4629; x_wconf 90' lang='lat' dir='ltr'>ad</span> <span class='ocrx_word' id='word_1_722' title='bbox 1556 4573 1642 4628; x_wconf 80' lang='lat' dir='ltr'>beatu</span> <span class='ocrx_word' id='word_1_723' title='bbox 1654 4572 1756 4645; x_wconf 61' lang='lat' dir='ltr'>patu</span> 
     </span>
     <span class='ocr_line' id='line_1_74' title="bbox 108 4658 1755 4735; baseline 0.001 -21"><span class='ocrx_word' id='word_1_724' title='bbox 108 4661 183 4735; x_wconf 92' lang='lat' dir='ltr'>quod</span> <span class='ocrx_word' id='word_1_725' title='bbox 195 4660 247 4731; x_wconf 92' lang='lat' dir='ltr'>ipsi</span> <span class='ocrx_word' id='word_1_726' title='bbox 258 4669 360 4715; x_wconf 86' lang='lat' dir='ltr'>naturae</span> <span class='ocrx_word' id='word_1_727' title='bbox 373 4658 582 4730; x_wconf 83' lang='lat' dir='ltr'>quodammodo</span> <span class='ocrx_word' id='word_1_728' title='bbox 594 4660 712 4732; x_wconf 83' lang='lat' dir='ltr'>ingenita</span> <span class='ocrx_word' id='word_1_729' title='bbox 725 4668 752 4717; x_wconf 92' lang='lat' dir='ltr'>et</span> <span class='ocrx_word' id='word_1_730' title='bbox 766 4661 903 4731; x_wconf 88' lang='lat' dir='ltr'>comptan-</span> <span class='ocrx_word' id='word_1_731' title='bbox 953 4664 1078 4724; x_wconf 76' lang='lat' dir='ltr'>civitatis.</span> <span class='ocrx_word' id='word_1_732' title='bbox 1094 4665 1121 4721; x_wconf 84' lang='lat' dir='ltr'>si</span> <span class='ocrx_word' id='word_1_733' title='bbox 1137 4665 1208 4720; x_wconf 91' lang='lat' dir='ltr'>enim</span> <span class='ocrx_word' id='word_1_734' title='bbox 1225 4663 1303 4731; x_wconf 79' lang='lat' dir='ltr'>tauri,</span> <span class='ocrx_word' id='word_1_735' title='bbox 1317 4678 1378 4721; x_wconf 91' lang='lat' dir='ltr'>cum</span> <span class='ocrx_word' id='word_1_736' title='bbox 1392 4669 1500 4718; x_wconf 91' lang='lat' dir='ltr'>taurum</span> <span class='ocrx_word' id='word_1_737' title='bbox 1520 4671 1656 4717; x_wconf 87' lang='lat' dir='ltr'>mortuum</span> <span class='ocrx_word' id='word_1_738' title='bbox 1678 4660 1755 4719; x_wconf 82' lang='lat' dir='ltr'>iuve-</span> 
     </span>
     <span class='ocr_line' id='line_1_75' title="bbox 109 4746 1757 4825; baseline 0.001 -21"><span class='ocrx_word' id='word_1_739' title='bbox 109 4758 164 4805; x_wconf 86' lang='lat' dir='ltr'>tatt</span> <span class='ocrx_word' id='word_1_740' title='bbox 178 4747 291 4817; x_wconf 85' lang='lat' dir='ltr'>luerint,</span> <span class='ocrx_word' id='word_1_741' title='bbox 305 4756 451 4818; x_wconf 89' lang='lat' dir='ltr'>antequam</span> <span class='ocrx_word' id='word_1_742' title='bbox 466 4787 473 4812; x_wconf 96' lang='lat'>,</span> <span class='ocrx_word' id='word_1_743' title='bbox 489 4746 566 4804; x_wconf 89' lang='lat' dir='ltr'>fieret</span> <span class='ocrx_word' id='word_1_744' title='bbox 582 4758 720 4818; x_wconf 85' lang='lat' dir='ltr'>peccatum</span> <span class='ocrx_word' id='word_1_745' title='bbox 737 4748 814 4815; x_wconf 88' lang='lat' dir='ltr'>iilud,</span> <span class='ocrx_word' id='word_1_746' title='bbox 830 4749 903 4821; x_wconf 92' lang='lat' dir='ltr'>quod</span> <span class='ocrx_word' id='word_1_747' title='bbox 956 4753 1055 4817; x_wconf 86' lang='lat' dir='ltr'>nerint,</span> <span class='ocrx_word' id='word_1_748' title='bbox 1069 4754 1187 4825; x_wconf 88' lang='lat' dir='ltr'>plorant,</span> <span class='ocrx_word' id='word_1_749' title='bbox 1198 4752 1330 4823; x_wconf 82' lang='lat' dir='ltr'>mugiunt,</span> <span class='ocrx_word' id='word_1_750' title='bbox 1345 4759 1371 4806; x_wconf 91' lang='lat' dir='ltr'>et</span> <span class='ocrx_word' id='word_1_751' title='bbox 1384 4752 1461 4822; x_wconf 87' lang='lat' dir='ltr'>quasi</span> <span class='ocrx_word' id='word_1_752' title='bbox 1477 4749 1641 4824; x_wconf 88' lang='lat' dir='ltr'>quibusdam</span> <span class='ocrx_word' id='word_1_753' title='bbox 1653 4748 1757 4806; x_wconf 88' lang='lat' dir='ltr'>debitis</span> 
     </span>
     <span class='ocr_line' id='line_1_76' title="bbox 108 4835 1756 4911; baseline 0 -19"><span class='ocrx_word' id='word_1_754' title='bbox 108 4853 163 4892; x_wconf 95' lang='lat' dir='ltr'>non</span> <span class='ocrx_word' id='word_1_755' title='bbox 182 4835 270 4893; x_wconf 92' lang='lat' dir='ltr'>solum</span> <span class='ocrx_word' id='word_1_756' title='bbox 295 4849 441 4906; x_wconf 88' lang='lat' dir='ltr'>porsonam</span> <span class='ocrx_word' id='word_1_757' title='bbox 468 4835 571 4904; x_wconf 85' lang='lat' dir='ltr'>iniecit,</span> <span class='ocrx_word' id='word_1_758' title='bbox 594 4836 643 4894; x_wconf 89' lang='lat' dir='ltr'>sed</span> <span class='ocrx_word' id='word_1_759' title='bbox 671 4837 752 4892; x_wconf 89' lang='lat' dir='ltr'>etiam</span> <span class='ocrx_word' id='word_1_760' title='bbox 767 4847 900 4893; x_wconf 91' lang='lat' dir='ltr'>naturam.</span> <span class='ocrx_word' id='word_1_761' title='bbox 956 4840 1131 4896; x_wconf 86' lang='lat' dir='ltr'>humanitatis</span> <span class='ocrx_word' id='word_1_762' title='bbox 1154 4839 1295 4911; x_wconf 88' lang='lat' dir='ltr'>obsequiis</span> <span class='ocrx_word' id='word_1_763' title='bbox 1316 4838 1435 4895; x_wconf 75' lang='lat' dir='ltr'>fraterna</span> <span class='ocrx_word' id='word_1_764' title='bbox 1464 4839 1559 4894; x_wconf 87' lang='lat' dir='ltr'>lunera</span> <span class='ocrx_word' id='word_1_765' title='bbox 1580 4852 1756 4910; x_wconf 82' lang='lat' dir='ltr'>prosequun-</span> 
     </span>
     <span class='ocr_line' id='line_1_77' title="bbox 107 4922 1756 5002; baseline -0.002 -20"><span class='ocrx_word' id='word_1_766' title='bbox 107 4926 212 4982; x_wconf 85' lang='lat' dir='ltr'>llxtunc</span> <span class='ocrx_word' id='word_1_767' title='bbox 227 4940 282 4982; x_wconf 93' lang='lat' dir='ltr'>nou</span> <span class='ocrx_word' id='word_1_768' title='bbox 300 4925 339 4980; x_wconf 90' lang='lat' dir='ltr'>ita</span> <span class='ocrx_word' id='word_1_769' title='bbox 358 4925 437 4980; x_wconf 91' lang='lat' dir='ltr'>nobis</span> <span class='ocrx_word' id='word_1_770' title='bbox 459 4924 492 4980; x_wconf 90' lang='lat' dir='ltr'>ad</span> <span class='ocrx_word' id='word_1_771' title='bbox 519 4939 630 4980; x_wconf 87' lang='lat' dir='ltr'>manum</span> <span class='ocrx_word' id='word_1_772' title='bbox 651 4924 810 4994; x_wconf 79' lang='lat' dir='ltr'>pervenisse</span> <span class='ocrx_word' id='word_1_773' title='bbox 824 4939 902 4980; x_wconf 90' lang='lat' dir='ltr'>mon·</span> <span class='ocrx_word' id='word_1_774' title='bbox 956 4939 1010 4995; x_wconf 81' lang='lat' dir='ltr'>tur,</span> <span class='ocrx_word' id='word_1_775' title='bbox 1025 4931 1091 5002; x_wconf 79' lang='lat' dir='ltr'>quid</span> <span class='ocrx_word' id='word_1_776' title='bbox 1113 4929 1194 4984; x_wconf 77' lang='lat' dir='ltr'>debet</span> <span class='ocrx_word' id='word_1_777' title='bbox 1221 4927 1303 4984; x_wconf 76' lang='lat' dir='ltr'>homo</span> <span class='ocrx_word' id='word_1_778' title='bbox 1328 4926 1440 4995; x_wconf 79' lang='lat' dir='ltr'>bomani,</span> <span class='ocrx_word' id='word_1_779' title='bbox 1453 4940 1535 4998; x_wconf 88' lang='lat' dir='ltr'>quam</span> <span class='ocrx_word' id='word_1_780' title='bbox 1553 4931 1581 4981; x_wconf 90' lang='lat' dir='ltr'>et</span> <span class='ocrx_word' id='word_1_781' title='bbox 1595 4923 1663 4981; x_wconf 85' lang='lat' dir='ltr'>ratio</span> <span class='ocrx_word' id='word_1_782' title='bbox 1673 4922 1756 4981; x_wconf 86' lang='lat' dir='ltr'>docet</span> 
     </span>
     <span class='ocr_line' id='line_1_78' title="bbox 107 5011 1757 5089; baseline -0.004 -15"><span class='ocrx_word' id='word_1_783' title='bbox 107 5021 226 5071; x_wconf 82' lang='lat' dir='ltr'>strantur</span> <span class='ocrx_word' id='word_1_784' title='bbox 240 5021 352 5084; x_wconf 85' lang='lat' dir='ltr'>propter</span> <span class='ocrx_word' id='word_1_785' title='bbox 367 5013 465 5070; x_wconf 81' lang='lat' dir='ltr'>vulnus</span> <span class='ocrx_word' id='word_1_786' title='bbox 494 5011 634 5080; x_wconf 85' lang='lat' dir='ltr'>indictum,</span> <span class='ocrx_word' id='word_1_787' title='bbox 656 5027 718 5067; x_wconf 75' lang='lat' dir='ltr'>tum</span> <span class='ocrx_word' id='word_1_788' title='bbox 738 5024 829 5068; x_wconf 89' lang='lat' dir='ltr'>tamen</span> <span class='ocrx_word' id='word_1_789' title='bbox 852 5026 903 5067; x_wconf 72' lang='lat'>110⁵</span> <span class='ocrx_word' id='word_1_790' title='bbox 956 5029 983 5076; x_wconf 85' lang='lat' dir='ltr'>at</span> <span class='ocrx_word' id='word_1_791' title='bbox 1005 5018 1088 5074; x_wconf 89' lang='lat' dir='ltr'>trabit</span> <span class='ocrx_word' id='word_1_792' title='bbox 1110 5019 1243 5074; x_wconf 74' lang='lat' dir='ltr'>allectio?</span> <span class='ocrx_word' id='word_1_793' title='bbox 1258 5017 1333 5075; x_wconf 88' lang='lat' dir='ltr'>Sicut</span> <span class='ocrx_word' id='word_1_794' title='bbox 1346 5032 1412 5089; x_wconf 88' lang='lat' dir='ltr'>ergo</span> <span class='ocrx_word' id='word_1_795' title='bbox 1426 5015 1526 5072; x_wconf 91' lang='lat' dir='ltr'>sanctis</span> <span class='ocrx_word' id='word_1_796' title='bbox 1539 5013 1681 5071; x_wconf 88' lang='lat' dir='ltr'>animabus</span> <span class='ocrx_word' id='word_1_797' title='bbox 1694 5011 1757 5068; x_wconf 91' lang='lat' dir='ltr'>imi·</span> 
     </span>
     <span class='ocr_line' id='line_1_79' title="bbox 107 5100 1757 5176; baseline -0.002 -19"><span class='ocrx_word' id='word_1_798' title='bbox 107 5101 154 5157; x_wconf 90' lang='lat' dir='ltr'>illa</span> <span class='ocrx_word' id='word_1_799' title='bbox 168 5101 196 5156; x_wconf 92' lang='lat' dir='ltr'>in</span> <span class='ocrx_word' id='word_1_800' title='bbox 211 5100 291 5157; x_wconf 90' lang='lat' dir='ltr'>nobis</span> <span class='ocrx_word' id='word_1_801' title='bbox 305 5110 332 5158; x_wconf 86' lang='lat' dir='ltr'>et</span> <span class='ocrx_word' id='word_1_802' title='bbox 351 5103 423 5159; x_wconf 90' lang='lat' dir='ltr'>circa</span> <span class='ocrx_word' id='word_1_803' title='bbox 437 5118 489 5158; x_wconf 90' lang='lat' dir='ltr'>nos</span> <span class='ocrx_word' id='word_1_804' title='bbox 507 5116 567 5157; x_wconf 91' lang='lat' dir='ltr'>esse</span> <span class='ocrx_word' id='word_1_805' title='bbox 581 5108 639 5156; x_wconf 90' lang='lat' dir='ltr'>tam</span> <span class='ocrx_word' id='word_1_806' title='bbox 658 5100 808 5157; x_wconf 87' lang='lat' dir='ltr'>rationibus</span> <span class='ocrx_word' id='word_1_807' title='bbox 822 5116 903 5173; x_wconf 90' lang='lat' dir='ltr'>quam</span> <span class='ocrx_word' id='word_1_808' title='bbox 956 5108 1099 5175; x_wconf 73' lang='lat' dir='ltr'>tattonem,</span> <span class='ocrx_word' id='word_1_809' title='bbox 1124 5108 1165 5163; x_wconf 67' lang='lat' dir='ltr'>sic</span> <span class='ocrx_word' id='word_1_810' title='bbox 1187 5106 1278 5163; x_wconf 76' lang='lat' dir='ltr'>minus</span> <span class='ocrx_word' id='word_1_811' title='bbox 1303 5107 1404 5162; x_wconf 75' lang='lat' dir='ltr'>sanctis</span> <span class='ocrx_word' id='word_1_812' title='bbox 1427 5104 1642 5176; x_wconf 65' lang='lat' dir='ltr'>compassioni-m</span> <span class='ocrx_word' id='word_1_813' title='bbox 1669 5100 1757 5158; x_wconf 86' lang='lat' dir='ltr'>debe-</span> 
     </span>
     <span class='ocr_line' id='line_1_80' title="bbox 108 5187 1701 5267; baseline 0.001 -21"><span class='ocrx_word' id='word_1_814' title='bbox 108 5187 302 5246; x_wconf 82' lang='lat' dir='ltr'>aft&#39;ectionibus</span> <span class='ocrx_word' id='word_1_815' title='bbox 321 5191 478 5263; x_wconf 87' lang='lat' dir='ltr'>plerumque</span> <span class='ocrx_word' id='word_1_816' title='bbox 493 5190 645 5246; x_wconf 88' lang='lat' dir='ltr'>sentianus.</span> <span class='ocrx_word' id='word_1_817' title='bbox 670 5190 703 5245; x_wconf 88' lang='lat' dir='ltr'>Et</span> <span class='ocrx_word' id='word_1_818' title='bbox 716 5189 780 5262; x_wconf 92' lang='lat' dir='ltr'>quia</span> <span class='ocrx_word' id='word_1_819' title='bbox 802 5204 854 5245; x_wconf 93' lang='lat' dir='ltr'>nos</span> <span class='ocrx_word' id='word_1_820' title='bbox 869 5203 903 5244; x_wconf 87' lang='lat' dir='ltr'>ex</span> <span class='ocrx_word' id='word_1_821' title='bbox 956 5212 1028 5264; x_wconf 77' lang='lat' dir='ltr'>mus,</span> <span class='ocrx_word' id='word_1_822' title='bbox 1046 5196 1122 5253; x_wconf 68' lang='lat' dir='ltr'>illico</span> <span class='ocrx_word' id='word_1_823' title='bbox 1136 5196 1300 5267; x_wconf 70' lang='lat' dir='ltr'>exemptum,</span> <span class='ocrx_word' id='word_1_824' title='bbox 1315 5194 1382 5249; x_wconf 92' lang='lat' dir='ltr'>binc</span> <span class='ocrx_word' id='word_1_825' title='bbox 1395 5193 1527 5265; x_wconf 85' lang='lat' dir='ltr'>gemitum</span> <span class='ocrx_word' id='word_1_826' title='bbox 1538 5190 1701 5248; x_wconf 80' lang='lat' dir='ltr'>trudentes.</span> 
     </span>
     <span class='ocr_line' id='line_1_81' title="bbox 108 5276 1755 5357; baseline -0.003 -23"><span class='ocrx_word' id='word_1_827' title='bbox 108 5279 199 5335; x_wconf 90' lang='lat' dir='ltr'>anima</span> <span class='ocrx_word' id='word_1_828' title='bbox 211 5285 238 5335; x_wconf 90' lang='lat' dir='ltr'>et</span> <span class='ocrx_word' id='word_1_829' title='bbox 247 5292 363 5350; x_wconf 84' lang='lat' dir='ltr'>corpote</span> <span class='ocrx_word' id='word_1_830' title='bbox 373 5279 644 5350; x_wconf 81' lang='lat' dir='ltr'>consistimus,justa</span> <span class='ocrx_word' id='word_1_831' title='bbox 657 5293 754 5336; x_wconf 84' lang='lat' dir='ltr'>vocem</span> <span class='ocrx_word' id='word_1_832' title='bbox 767 5276 902 5350; x_wconf 79' lang='lat' dir='ltr'>apostoli,</span> <span class='ocrx_word' id='word_1_833' title='bbox 994 5289 1023 5344; x_wconf 73' lang='lat' dir='ltr'>g,</span> <span class='ocrx_word' id='word_1_834' title='bbox 1039 5287 1065 5341; x_wconf 71' lang='lat' dir='ltr'>,a</span> <span class='ocrx_word' id='word_1_835' title='bbox 1079 5286 1178 5343; x_wconf 58' lang='lat' dir='ltr'>sancus</span> <span class='ocrx_word' id='word_1_836' title='bbox 1188 5282 1368 5357; x_wconf 61' lang='lat' dir='ltr'>moringam.</span> <span class='ocrx_word' id='word_1_837' title='bbox 1377 5282 1507 5339; x_wconf 67' lang='lat' dir='ltr'>tmuium</span> <span class='ocrx_word' id='word_1_838' title='bbox 1518 5278 1755 5354; x_wconf 68' lang='lat' dir='ltr'>quaeraadumem,</span> 
     </span>
    </p>
   </div>
   <div class='ocr_carea' id='block_1_13' title="bbox 109 5382 1757 5536">
    <p class='ocr_par' dir='ltr' id='par_1_15' title="bbox 109 5382 1757 5536">
     <span class='ocr_line' id='line_1_82' title="bbox 145 5382 1757 5468; baseline -0.011 -10"><span class='ocrx_word' id='word_1_839' title='bbox 145 5387 205 5458; x_wconf 77' lang='lat'><strong>(⁸⁶)</strong></span> <span class='ocrx_word' id='word_1_840' title='bbox 219 5387 309 5445; x_wconf 72' lang='lat' dir='ltr'>Sifflffi</span> <span class='ocrx_word' id='word_1_841' title='bbox 322 5386 404 5443; x_wconf 79' lang='lat' dir='ltr'>¹¹¹0d⁰</span> <span class='ocrx_word' id='word_1_842' title='bbox 429 5385 560 5468; x_wconf 53' lang='lat' dir='ltr'>Nimbus,</span> <span class='ocrx_word' id='word_1_843' title='bbox 573 5386 663 5467; x_wconf 63' lang='lat' dir='ltr'>0¹⁸?oe</span> <span class='ocrx_word' id='word_1_844' title='bbox 676 5385 824 5458; x_wconf 60' lang='lat' dir='ltr'>Vtileusia</span> <span class='ocrx_word' id='word_1_845' title='bbox 842 5407 854 5438; x_wconf 62' lang='grc' dir='ltr'>ι</span> <span class='ocrx_word' id='word_1_846' title='bbox 870 5385 905 5441; x_wconf 82' lang='lat' dir='ltr'>Et</span> <span class='ocrx_word' id='word_1_847' title='bbox 959 5401 1002 5451; x_wconf 90' lang='lat' dir='ltr'>est</span> <span class='ocrx_word' id='word_1_848' title='bbox 1022 5407 1177 5452; x_wconf 82' lang='lat' dir='ltr'>tarmonem</span> <span class='ocrx_word' id='word_1_849' title='bbox 1199 5392 1226 5446; x_wconf 87' lang='lat' dir='ltr'>in</span> <span class='ocrx_word' id='word_1_850' title='bbox 1248 5390 1318 5447; x_wconf 87' lang='lat' dir='ltr'>testo</span> <span class='ocrx_word' id='word_1_851' title='bbox 1331 5388 1417 5447; x_wconf 85' lang='lat' dir='ltr'>sancti</span> <span class='ocrx_word' id='word_1_852' title='bbox 1430 5387 1557 5454; x_wconf 76' lang='lat' dir='ltr'>Andros,</span> <span class='ocrx_word' id='word_1_853' title='bbox 1572 5385 1601 5444; x_wconf 90' lang='lat' dir='ltr'>ln</span> <span class='ocrx_word' id='word_1_854' title='bbox 1614 5397 1669 5458; x_wconf 91' lang='lat' dir='ltr'>qao</span> <span class='ocrx_word' id='word_1_855' title='bbox 1682 5382 1757 5441; x_wconf 86' lang='lat' dir='ltr'>idem</span> 
     </span>
     <span class='ocr_line' id='line_1_83' title="bbox 109 5452 1675 5536; baseline 0.003 -21"><span class='ocrx_word' id='word_1_856' title='bbox 109 5467 166 5516; x_wconf 90' lang='lat' dir='ltr'>tum</span> <span class='ocrx_word' id='word_1_857' title='bbox 180 5460 310 5529; x_wconf 67' lang='lat' dir='ltr'>sudium,</span> <span class='ocrx_word' id='word_1_858' title='bbox 325 5467 352 5515; x_wconf 84' lang='lat' dir='ltr'>et</span> <span class='ocrx_word' id='word_1_859' title='bbox 380 5462 511 5515; x_wconf 87' lang='lat' dir='ltr'>attentum</span> <span class='ocrx_word' id='word_1_860' title='bbox 539 5458 687 5535; x_wconf 75' lang='lat' dir='ltr'>abnuam,</span> <span class='ocrx_word' id='word_1_861' title='bbox 702 5477 716 5511; x_wconf 78' lang='lat' dir='ltr'>a</span> <span class='ocrx_word' id='word_1_862' title='bbox 746 5466 799 5519; x_wconf 88' lang='lat' dir='ltr'>etc.</span> <span class='ocrx_word' id='word_1_863' title='bbox 826 5472 906 5516; x_wconf 88' lang='lat' dir='ltr'>orsus</span> <span class='ocrx_word' id='word_1_864' title='bbox 958 5464 1004 5524; x_wconf 67' lang='lat' dir='ltr'>tto</span> <span class='ocrx_word' id='word_1_865' title='bbox 1016 5479 1106 5525; x_wconf 69' lang='lat' dir='ltr'>tamo</span> <span class='ocrx_word' id='word_1_866' title='bbox 1121 5463 1228 5521; x_wconf 85' lang='lat' dir='ltr'>babitus</span> <span class='ocrx_word' id='word_1_867' title='bbox 1240 5470 1292 5534; x_wconf 83' lang='lat' dir='ltr'>ast,</span> <span class='ocrx_word' id='word_1_868' title='bbox 1308 5459 1347 5520; x_wconf 90' lang='lat' dir='ltr'>nti</span> <span class='ocrx_word' id='word_1_869' title='bbox 1357 5460 1495 5536; x_wconf 75' lang='lat' dir='ltr'>colligitur</span> <span class='ocrx_word' id='word_1_870' title='bbox 1506 5474 1542 5519; x_wconf 81' lang='lat' dir='ltr'>ax</span> <span class='ocrx_word' id='word_1_871' title='bbox 1554 5472 1631 5517; x_wconf 82' lang='lat' dir='ltr'>uum·</span> <span class='ocrx_word' id='word_1_872' title='bbox 1644 5452 1675 5514; x_wconf 72' lang='lat'>6·</span> 
     </span>
    </p>
   </div>
   <div class='ocr_carea' id='block_1_14' title="bbox 0 0 1879 5948">
    <p class='ocr_par' dir='ltr' id='par_1_16' title="bbox 0 0 1879 5948">
     <span class='ocr_line' id='line_1_84' title="bbox 0 0 1879 5948; baseline 0 0"><span class='ocrx_word' id='word_1_873' title='bbox 0 0 1879 5948; x_wconf 95' lang='lat' dir='ltr'> </span> 
     </span>
    </p>
   </div>
  </div>
 </body>
</html>
