3734 5948
48 171 107 229 293

504 208 508 215 .
614 163 651 221 m
670 161 810 240 occupa
827 164 973 223 ιιεειιε
992 164 1153 224 εειιιοι
1186 221 1190 227 ,

1652 136 1809 241 as'

48 293 86 351 ab
97 290 177 364 ipsis.
188 290 290 377 Nolite,
306 288 352 359 ait,
363 289 568 349 mirarislodit
582 307 629 349 uos
644 292 783 350 mondus:
798 292 856 350 soi·
872 305 896 384 Α
911 289 962 348 bus
976 290 1085 348 nostris.
1102 289 1225 348 Christus
1239 290 1312 348 enim
1326 299 1355 348 et
1367 291 1452 374 virtus
1471 298 1523 361 est,
1540 301 1568 349 et
1588 293 1644 349 vita
1658 310 1708 352 no·

50 388 109 442 tote
117 383 187 456 quio
193 382 318 454 priorem
326 397 371 438 mc
379 380 624 440 vobisodiohoiuit
635 383 729 454 (Ioco.
737 397 785 450 xv,
799 380 855 452 la).
911 380 1057 437 stradam
1070 381 1196 438 Christos
1207 383 1374 455 apparuerit
1383 381 1442 438 rito
1452 386 1555 447 oestro,
1566 381 1614 449 ait,
1623 384 1707 454 ipos

48 473 85 529 ln
98 473 167 528 item
182 485 190 527 :
213 469 358 540 confidite,
382 469 480 541 inquit,
495 471 561 544 quio
576 485 623 541 epo
646 472 702 528 vici
716 469 857 526 tooodom

50 561 146 635 (loco.
162 573 223 626 xvi,
240 558 296 631 33).
312 557 358 614 Sic
373 558 500 613 nimirum
515 559 661 615 manifesta
677 558 707 615 tit
721 558 857 615 sermonis

50 649 124 708 illins
138 649 248 718 ventas,
265 664 347 720 quem
367 647 405 704 ait
424 649 589 720 Apostolus:
616 651 686 718 Quos
698 651 854 722 praescivit,

49 739 232 813 inquit(band
247 738 360 794 dubium
374 738 439 808 quin
454 738 528 793 Deus
543 738 643 809 Pater),
661 744 689 796 ει
711 737 858 813 proedesti-

50 828 136 886 nocit
144 827 369 898 consormcsfieri
383 825 624 897 imopiniFitiisui
634 825 855 898 (stemmata).

51 918 122 976 vide
150 914 403 975 conformationem.
428 916 493 972 Post
514 914 602 986 ipsum
631 914 806 987 adoptantur,
827 920 858 969 ut

52 1007 88 1063 sit
116 1007 177 1080 ipse
206 1005 407 1078 primogenitus
433 1003 462 1059 in
489 1004 581 1061 multis
612 1003 766 1077 tratribus;
796 1010 859 1076 post

51 1097 143 1170 ipsum
156 1094 215 1152 odit
227 1095 346 1152 mundns
357 1110 423 1166 eos,
438 1101 499 1166 post
515 1092 605 1166 ipsum
619 1101 647 1149 et
666 1093 700 1148 ab
714 1091 755 1150 eis
769 1091 858 1150 vinci-

54 1184 243 1242 autmundus.

90 1279 119 1330 2.
132 1277 210 1332 Beue
223 1288 289 1344 argo
305 1271 378 1346 quod
392 1279 484 1327 natum
499 1278 541 1328 cst
556 1287 589 1328 cx
604 1271 672 1340 Deo,
684 1270 767 1329 vincit
782 1287 859 1327 mun-

55 1365 132 1432 dum,
151 1370 182 1419 nt
196 1361 219 1418 ει
235 1359 418 1418 ιεειιιιιοιιιιιιιι
434 1357 553 1416 caelestis
573 1360 758 1436 generationis
772 1361 859 1417 victo·

56 1454 97 1510 ria
114 1451 294 1510 tentationis:
311 1458 337 1507 ει
352 1450 421 1506 sicut
433 1449 510 1522 isqui
521 1448 592 1505 lilius
606 1458 648 1508 est
662 1467 712 1521 per
725 1458 859 1519 naturam,

912 470 991 536 tolus,
1010 476 1081 528 torro
1087 473 1114 528 ει
1120 487 1165 527 vos
1176 471 1349 545 apparebitis
1361 473 1491 544 cumipso
1504 474 1536 529 io
1545 470 1636 545 ptorio
1648 472 1707 544 (Co

913 559 977 617 loss.
990 576 1030 630 ιιι,
1043 562 1081 629 l).
1096 560 1174 616 Unde
1189 560 1287 631 gloria,
1303 559 1354 614 nisi
1369 559 1403 615 de
1417 559 1552 617 victoria?
1563 567 1609 616 aut
1624 576 1709 633 querc

911 666 972 706 cum
982 650 1040 721 ipso
1050 649 1251 722 apparebimus,
1266 650 1318 704 nisi
1329 649 1391 722 quia
1405 648 1502 720 inipso
1518 656 1545 705 et
1555 648 1708 707 vincimus?

912 739 1048 813 Denique,
1059 740 1082 795 ει
1097 738 1138 794 his
1152 746 1257 794 tentum
1278 738 1340 794 data
1360 746 1402 794 εει
1421 741 1544 811 potestas
1568 736 1637 794 lilios
1661 737 1712 794 Dei

911 831 971 887 lieri
984 830 1030 903 qui
1044 829 1194 900 suscipiunt
1217 827 1364 897 Christum,
1384 827 1419 885 de
1435 828 1476 884 his
1504 844 1614 902 quoque
1643 826 1709 885 solis

911 918 1116 994 intelligendum
1125 925 1166 974 est
1175 917 1248 991 quod
1262 917 1380 973 dicitur:
1400 919 1497 974 (imnis
1507 918 1557 992 qai
1567 922 1655 975 nator
1669 923 1711 975 εει

913 1028 949 1068 oc
963 1012 1028 1076 Deo,
1043 1010 1134 1068 vincit
1148 1007 1296 1066 mundum.
1312 1005 1378 1062 lude
1394 1006 1522 1077 estquod
1546 1005 1590 1062 hic
1603 1020 1712 1080 quoque

912 1114 973 1155 cum
988 1097 1119 1157 dixisset:
1140 1099 1205 1167 Quis
1219 1102 1259 1153 est
1275 1095 1423 1171 quioincit
1433 1096 1585 1162 mondum,
1596 1097 1655 1153 nisi
1664 1113 1712 1172 qna

913 1189 1003 1244 credit
1017 1188 1084 1261 qaia
1099 1190 1177 1244 iosos
1192 1191 1234 1245 cst
1251 1187 1342 1243 Filius
1356 1185 1432 1242 Dei?
1445 1193 1474 1240 ut
1489 1184 1599 1256 planius
1609 1184 1715 1242 iaceret

914 1294 973 1333 eam
997 1277 1182 1334 commendari
1196 1277 1276 1332 iidem
1291 1292 1341 1347 per
1364 1291 1457 1346 quarn,
1484 1283 1514 1330 ut
1531 1275 1632 1330 dictum
1660 1281 1712 1341 εει,

913 1368 1037 1424 Christus
1051 1367 1078 1422 iu
1093 1367 1221 1424 cordibus
1239 1365 1340 1421 nostris
1363 1363 1476 1430 habitat,
1498 1362 1601 1418 addidit
1628 1363 1714 1420 conti·
1770 1376 1773 1380 ·

914 1472 968 1513 nuo
983 1457 1017 1512 de
1032 1455 1116 1529 ipsius
1129 1455 1256 1520 adventu,
1271 1454 1384 1510 dicens:
1402 1454 1450 1508 llic
1467 1456 1508 1510 est
1518 1453 1652 1527 quiocoit
1662 1468 1714 1525 per

56 1542 191 1599 mundum
211 1556 271 1596 cum
296 1553 346 1596 suo
369 1537 494 1610 principe
514 1538 700 1610 triumphavit,
716 1538 794 1595 sicet
809 1554 862 1594 uos
915 1563 1019 1618 aquam
1033 1550 1060 1600 et
1073 1546 1252 1617 sanquinem,
1263 1545 1343 1600 lesos
1361 1542 1500 1599 Christus.
1512 1541 1608 1598 lldhuc
1622 1549 1712 1598 autem

55 1631 176 1688 victores
185 1628 357 1685 inveniamur
375 1636 507 1701 quotquot
523 1644 616 1684 sumus
635 1628 683 1685 hlh
697 1627 859 1702 adoptionis.
878 1621 900 1700 Β
916 1634 1206 1706 supereminentiorem
1216 1632 1287 1689 viam
1298 1631 1447 1687 ostendens
1459 1650 1465 1686 ς
1479 1632 1513 1687 Et
1524 1630 1651 1704 Spiritus
1661 1633 1713 1699 est,

58 1719 182 1777 Victores
197 1733 275 1783 sane,
290 1715 377 1774 sedin
397 1716 467 1788 ipso,
484 1717 529 1788 qui
543 1716 678 1774 conlortat
692 1733 753 1786 nos,
769 1718 797 1773 iu
808 1732 861 1790 quo
915 1723 1013 1797 iuquit,
1024 1727 1072 1799 qui
1086 1722 1492 1796 testificatarqoooiomiesos
1502 1723 1544 1777 cst
1554 1721 1645 1778 Filias
1654 1720 1715 1778 Dei.

57 1816 84 1865 ει
97 1805 360 1881 possumusomoia:
379 1805 441 1878 quia
451 1806 509 1864 hac
519 1813 559 1865 εει
570 1810 689 1867 victorio
699 1826 761 1881 quoe
771 1808 862 1865 vtnctt
916 1813 986 1869 Sane
1002 1811 1075 1885 quod
1089 1810 1249 1883 interponit,
1264 1809 1405 1882 signanter
1428 1819 1573 1880 repetens:
1601 1808 1663 1866 Non
1683 1808 1716 1865 ia

56 1898 210 1964 mundam,
225 1897 296 1968 fides
319 1901 429 1953 oestro.
448 1895 513 1952 Fide
528 1897 662 1969 siquidem
686 1897 714 1953 in
729 1898 778 1953 Dei
793 1896 863 1954 lilios

58 1988 246 2058 adoptamur:
263 1984 345 2040 fidem
360 1984 386 2039 iu
402 1984 481 2041 uobis
503 1987 620 2041 mundus
634 1986 662 2042 iu
677 1985 796 2061 maligno
810 2000 862 2060 po-

58 2076 128 2132 situs
137 2076 197 2133 odit
211 2081 294 2148 atque
304 2073 492 2147 persequitur3
509 2073 563 2132 lide
574 2091 684 2149 quoque
695 2083 723 2132 et
735 2075 862 2144 vincitur,

57 2166 128 2223 sicut
142 2165 344 2238 scriptumest:
361 2165 461 2221 Sancti
473 2182 525 2238 per
537 2165 622 2236 fidem
633 2166 766 2225 vicerunt
778 2183 865 2239 repno

57 2255 153 2329 (liebr.
167 2269 208 2322 xl,
224 2253 282 2326 33).
297 2252 397 2322 Quidni
412 2254 574 2311 attribuatur
592 2254 654 2311 fidei
674 2256 797 2324 victoria,
815 2273 863 2312 cu·

56 2346 102 2417 jus
118 2351 161 2401 est
171 2343 253 2400 etiam
273 2342 462 2410 viaticatus,
477 2343 573 2417 inquit,
585 2362 621 2403 ca
630 2345 761 2416 fidcoioit
773 2344 863 2416 (Rom.

60 2449 79 2503 ι,
102 2434 161 2504 Π).
177 2431 290 2502 Quoties
309 2448 375 2505 ergo
391 2433 532 2489 tentationi
542 2432 655 2501 resistis,
671 2434 777 2507 quoties
800 2434 863 2491 vin-

61 2523 98 2578 cis
112 2519 273 2594 malignum,
291 2520 347 2576 uoli
362 2521 477 2593 propriis
493 2523 615 2579 tribuero
631 2521 749 2592 viribus,
765 2522 821 2580 noli
833 2521 862 2577 in

62 2618 100 2678 te,
117 2610 168 2668 sed
183 2609 270 2684 magis
288 2610 316 2665 iu
327 2610 441 2667 Domino
456 2611 577 2685 gloriari.
590 2610 705 2682 Quando
720 2611 794 2669 euim
810 2611 865 2669 lor·

65 2700 97 2756 tis
111 2699 158 2756 ille
171 2707 291 2756 amatus
309 2708 362 2755 tuae
380 2700 492 2757 cederet
505 2700 680 2757 infirmitati?
694 2700 766 2757 Audi
781 2701 863 2758 deni·

63 2805 116 2863 que
150 2788 217 2862 quid
240 2787 370 2846 dominici
387 2790 548 2847 constitutus
574 2800 669 2864 pastor
682 2790 761 2848 ovilis
773 2793 866 2848 admo·

917 1905 1102 1976 aquosolum,
1115 1901 1282 1975 scdiooqoo
1292 1904 1321 1955 ει
1331 1898 1480 1970 sanquine,
1499 1897 1532 1952 ad
1544 1895 1717 1968 lloysidilic·
1755 1894 1760 1903 '

917 1991 1033 2046 rentiam
1051 1987 1137 2045 901
1153 1987 1271 2044 arbitror
1285 1986 1483 2057 accipiendum.
1506 1985 1615 2057 llloysec
1627 1982 1716 2058 siqui-

918 2079 980 2135 dem
995 2076 1219 2152 inaquavenit,a
1234 2091 1287 2148 qua
1300 2081 1328 2131 et
1338 2089 1438 2131 nomen
1448 2074 1552 2144 accepit
1568 2073 1717 2146 utlloyses

917 2174 1071 2226 vocaretur.

954 2261 980 2313 5.
999 2253 1239 2327 Recolautquibns
1252 2262 1316 2309 uota
1331 2249 1492 2308 esthistoria
1500 2249 1716 2308 Veterisl'esta-

917 2346 1011 2412 menti,
1029 2342 1259 2418 quemadmodum
1273 2342 1302 2398 in
1315 2342 1450 2416 AEgypto,
1466 2340 1530 2396 dum
1544 2338 1650 2414 parvuli
1664 2352 1719 2396 om·

919 2452 967 2491 nos
988 2433 1128 2491 israelitici
1152 2432 1282 2505 germinis
1310 2439 1484 2500 necarentur,
1511 2428 1663 2501 expositum
1691 2427 1719 2483 in

918 2524 995 2595 aquis
1008 2523 1121 2594 Moysen
1136 2520 1226 2578 tulerit
1239 2518 1293 2575 hlia
1319 2519 1469 2575 Pharaonis
1495 2519 1595 2592 (Erod.
1624 2532 1653 2586 n,
1677 2514 1719 2588 3).

918 2614 952 2670 Et
964 2612 1027 2671 vide
1041 2612 1064 2667 si
1079 2627 1133 2669 nou
1149 2609 1291 2666 manifeste
1310 2607 1409 2664 Christi
1420 2615 1448 2666 et
1461 2608 1490 2664 iu
1504 2608 1557 2664 hoc
1572 2607 1631 2680 ipso
1642 2604 1721 2664 vide·

919 2713 962 2759 tur
976 2701 1150 2774 praecessisse
1166 2698 1262 2773 ligura.
1278 2697 1365 2754 Simili
1387 2713 1487 2768 nempe
1502 2712 1564 2754 cum
1579 2697 1719 2752 Pharaone

919 2794 1000 2849 etiam
1014 2790 1137 2848 Herodes
1165 2787 1320 2862 suspicione
1340 2787 1477 2855 laborans,
1494 2786 1528 2843 ad
1544 2787 1639 2843 eadem
1653 2798 1720 2841 con-

64 2887 128 2935 ueat
139 2893 145 2935 :
158 2877 350 2951 Adversarius,
363 2877 458 2952 inquit,
470 2885 562 2937 uester
571 2881 709 2946 diabolus,
729 2885 866 2956 tanquam
919 2898 1013 2941 versus
1027 2888 1070 2939 est
1083 2879 1250 2937 crudelitatis
1268 2886 1439 2952 argumenta,
1454 2875 1504 2932 sed
1525 2875 1623 2932 eodem
1637 2870 1720 2930 modo

65 2970 106 3028 ico
122 2969 249 3041 mpicas,
260 2969 364 3026 circuit
375 2985 503 3044 quarens
513 2985 595 3045 qoem
605 2969 732 3040 deuoret,·
742 2972 789 3028 coi
800 2972 867 3029 resi·
920 2980 964 3028 εει
976 2971 1035 3044 ipse
1050 2967 1279 3042 delusus(llotth.
1295 2982 1325 3033 u,
1343 2966 1398 3037 16).
1409 2964 1561 3039 Utrobique
1575 2979 1625 3036 pro
1640 2962 1721 3019 unins

64 3045 230 3131 itiicsortcs
239 3058 271 3113 io
278 3057 333 3128 fide
343 3058 370 3129 (l
378 3059 455 3116 Petr.
466 3074 496 3130 v,
508 3062 535 3124 8,
546 3061 584 3132 9).
596 3056 680 3115 Vides
691 3059 867 3131 quemadmo-
920 3069 1047 3134 suspecta
1062 3073 1178 3130 persona
1193 3055 1343 3112 trucidatur
1357 3053 1536 3112 numerositas
1554 3067 1719 3125 puerorum:

64 3148 130 3204 dum
145 3146 197 3202 sibi
211 3145 332 3203 veritatis
351 3147 506 3205 testimonia
521 3147 677 3206 concinant.
695 3147 794 3205 Paulus
813 3148 867 3206 hue
920 3150 1063 3223 utrobique
1077 3148 1123 3222 qui
1138 3147 1313 3220 quaerebatur
1327 3145 1428 3201 evadit.
1444 3144 1479 3200 Et
1494 3142 1631 3215 quomodo
1646 3140 1723 3213 bloy-

65 3252 153 3310 regna
167 3234 265 3294 vicisse
294 3243 418 3307 sanctos;
438 3237 538 3294 Petrus
561 3237 676 3311 principi
691 3238 786 3294 muudi
801 3238 868 3295 resi-
921 3257 970 3297 seu
985 3239 1040 3295 lilia
1068 3237 1223 3307 Pharaonis,
1248 3234 1286 3298 ιιι,
1299 3233 1435 3290 Christum
1450 3247 1560 3306 quoqne
1582 3230 1722 3307 AEgpptm

64 3326 195 3384 standum
206 3325 235 3381 in
250 3323 319 3395 fide;
335 3325 453 3383 ioannes
468 3343 579 3401 qnoque
596 3330 677 3385 :lloeo
692 3333 746 3402 εει,
763 3331 866 3404 inquit,
923 3332 993 3403 (quae
1008 3344 1063 3385 non
1077 3325 1213 3382 immerito
1231 3322 1379 3381 Pharaonis
1393 3321 1553 3397 intelligitur
1586 3319 1650 3392 iilia)
1673 3335 1722 3374 su-

64 3418 189 3476 oictorio
206 3433 268 3491 quc
281 3417 370 3475 uincit
384 3417 533 3484 mundum,
548 3418 617 3489 fides
631 3423 740 3477 nostro.

102 3512 129 3564 3.
145 3507 294 3582 Sequitur:
314 3508 380 3578 Quis
393 3511 471 3567 enim
484 3512 528 3567 est
542 3511 592 3583 qui
610 3511 701 3567 vincit
717 3508 868 3576 inondum,
923 3511 1030 3583 Moyses
1045 3507 1100 3576 hic,
1115 3516 1210 3579 utpote
1226 3503 1273 3579 qui
1295 3502 1402 3562 venerit
1417 3518 1472 3558 non
1486 3500 1515 3556 in
1530 3515 1599 3574 aqua
1609 3506 1724 3565 mutum,

65 3599 126 3656 nisi
135 3599 186 3671 qai
196 3590 286 3655 credit
296 3598 431 3673 quoniam
439 3600 518 3657 ιεειιε
528 3604 570 3658 εει
578 3600 668 3657 Filius
677 3599 749 3658 Dei?
759 3599 870 3655 Certum
924 3598 1014 3655 sedin
1029 3611 1101 3671 aqua
1115 3604 1142 3652 et
1156 3593 1301 3667 sanguine.
1326 3594 1412 3664 Aqua
1426 3588 1499 3647 enim
1514 3590 1616 3655 multae,
1631 3585 1726 3660 populi

64 3686 94 3743 id
110 3685 233 3760 quidem,
254 3686 362 3758 iratres,
378 3702 487 3745 omnem
498 3689 543 3761 qui
562 3703 618 3745 uon
632 3688 718 3744 credit
731 3688 760 3744 in
776 3686 871 3743 Filium
926 3687 1002 3742 multi
1022 3689 1117 3758 (lpoc.
1132 3699 1204 3754 xvir,
1225 3681 1280 3755 15).
1297 3680 1375 3736 Venit
1395 3694 1461 3753 ergo
1474 3677 1500 3732 ιιι
1523 3692 1594 3749 aqua
1611 3680 1725 3743 lantum,
1763 3701 1773 3710 -

67 3776 130 3845 Dei,
146 3793 181 3833 ex
195 3776 247 3833 hoc
261 3775 321 3851 ipso
350 3779 407 3848 jam
434 3794 490 3835 non
504 3778 586 3834 modo
613 3778 714 3835 victum
733 3793 806 3847 esse,
822 3775 871 3833 sed
926 3774 973 3848 qui
988 3771 1165 3845 congregavit
1180 3767 1290 3846 quidem
1304 3765 1445 3840 populum,
1462 3762 1510 3820 sed
1525 3762 1657 3836 populum
1672 3777 1727 3819 non

67 3864 150 3923 etiam
162 3865 325 3939 judicatum.
342 3867 407 3924 Sine
423 3866 476 3924 fide
491 3865 564 3924 euim
579 3864 749 3940 impossibile
759 3873 801 3923 est
816 3865 873 3939 pla·
927 3863 1052 3922 redemit.
1068 3863 1137 3918 Nam
1154 3869 1182 3919 et
1196 3859 1254 3931 ipsa
1269 3872 1378 3931 quoque
1393 3854 1427 3912 de
1443 3853 1572 3912 servitute
1595 3850 1728 3927 AEgpptts

67 3972 134 4014 cere
152 3956 213 4013 Deo
237 3957 331 4029 (Hcir.
349 3945 392 4025 ιιι,
407 3956 446 4028 d).
476 3957 663 4014 Verumtatem
688 3963 780 4030 potest
802 3955 873 4012 lorte
926 3953 1061 4024 liberatio,
1077 3966 1132 4007 non
1148 3947 1243 4021 lloysi,
1260 3945 1309 4003 scd
1332 3944 1404 4021 Agni
1422 3942 1555 4016 sanguina
1576 3940 1650 3998 iacta
1672 3947 1727 4009 εει,

69 4062 193 4117 movere,
210 4047 283 4120 quod
299 4054 354 4104 tam
369 4045 469 4104 multos
481 4047 607 4104 videmus
621 4048 767 4105 credentes
780 4046 873 4103 iesum
928 4043 1085 4102 liberandos
1100 4055 1150 4098 nos
1164 4036 1344 4112 praefigurans
1358 4051 1374 4091 a
1387 4050 1459 4094 vana
1472 4039 1565 4092 nostra
1580 4046 1728 4088 conversa·
1749 4047 1755 4055 ·

70 4137 169 4195 Filium
184 4138 233 4192 Ilei
258 4153 330 4207 esse,
356 4136 446 4194 adhuc
468 4146 559 4195 tamen
587 4138 681 4196 mundi
699 4136 874 4194 nihilominus
930 4134 1002 4190 tione
1013 4131 1094 4202 hujus
1111 4126 1213 4197 saculi,
1225 4124 1358 4200 sanguine
1368 4121 1440 4197 ligni
1454 4119 1620 4178 immaculati
1631 4117 1730 4176 Christi

71 4226 266 4299 cupiditatibus
284 4228 418 4304 irretitos.
441 4225 513 4298 Quid
527 4242 594 4303 ergo
614 4227 668 4284 ait:
689 4229 754 4296 Quis
769 4230 875 4301 estqui
929 4221 1006 4280 lesu.
1020 4207 1730 4289 llicestveruslegiternoster,apudqucmcopioso

71 4317 321 4389 vinoitmondom,
333 4320 390 4375 nisi
404 4319 452 4391 qui
466 4318 556 4374 crodit
570 4320 722 4392 quioicsus
733 4323 774 4374 εει
785 4319 876 4374 Filios
931 4320 973 4369 cst
986 4308 1147 4382 redemptio.
1163 4307 1284 4362 llortuus
1308 4312 1349 4362 est
1368 4302 1441 4360 enim
1469 4315 1526 4357 non
1557 4304 1664 4355 tantum
1677 4310 1729 4370 pro

72 4407 136 4472 Dei,
152 4420 213 4461 cum
228 4413 256 4461 et
269 4404 328 4478 ipse
339 4407 395 4476 iam
410 4406 527 4462 mundus
540 4405 568 4462 id
581 4406 692 4465 credat?
703 4409 745 4462 An
758 4421 813 4463 non
825 4406 876 4479 ipsi
930 4408 1024 4476 gente,
1035 4397 1085 4457 sed
1094 4405 1124 4455 ut
1134 4395 1205 4454 lilios
1215 4393 1276 4464 Dei,
1288 4393 1335 4467 qui
1345 4391 1460 4466 dispersi
1472 4395 1559 4461 eraut,
1575 4401 1730 4463 congrega·

73 4509 184 4567 quoque
199 4494 513 4563 daemonesetcreduut,
530 4503 557 4552 et
572 4495 807 4553 contremiscunt?
822 4495 875 4553 Sed
931 4493 1015 4550 retin
1039 4504 1133 4548 unum.
1162 4486 1299 4542 llemeuto
1328 4498 1395 4539 sane
1418 4482 1492 4538 hunc
1511 4477 1729 4543 esseioanncm,

73 4583 155 4640 dico:
172 4585 300 4658 Putasne,
327 4585 425 4641 Filium
440 4585 489 4641 Dei
509 4593 617 4657 reputat
631 4587 736 4654 iesum,
751 4586 876 4660 quisquis
931 4581 977 4656 qni
991 4580 1067 4646 vidit,
1083 4584 1111 4633 θῑ
1133 4572 1314 4631 ῑθὸῑίωθῦῖΰῐῃ
1337 4569 1475 4643 perhibuit
1498 4568 1537 4642 (⁸²
1550 4566 1650 4624 ⁸⁰i¹¹¹⁰⁵
1668 4565 1732 4639 (Ιιῐίιι

73 4673 119 4731 ille
135 4680 179 4730 est
201 4675 283 4731 homo
299 4674 345 4747 qui
367 4674 452 4747 ipsius
475 4692 528 4732 nec
549 4683 668 4733 torretur
690 4676 878 4734 comminatio-
931 4687 1026 4729 verum
1041 4673 1084 4724 est
1096 4663 1298 4722 testimoniuum
1317 4659 1399 4733 ejus),
1416 4658 1514 4715 exiisse
1530 4656 1659 4713 delaterc
1676 4654 1732 4711 Do·

74 4763 166 4830 nibus,
189 4780 241 4821 nec
256 4763 399 4820 attrahitur
412 4764 649 4836 promissionibus,
666 4783 719 4824 nec
733 4767 878 4840 praeceptis
932 4761 997 4818 nuni
1011 4756 1170 4815 dormientis
1181 4753 1209 4810 in
1223 4767 1305 4809 cruce
1315 4747 1475 4823 sauguinem
1486 4745 1563 4802 simul
1578 4754 1606 4802 et
1616 4759 1731 4818 aquam:

75 4855 258 4925 obtemperat,
288 4869 339 4913 nec
375 4854 495 4911 consiliis
523 4856 693 4929 acquiescit?
716 4854 815 4914 Nonne
843 4856 877 4925 is,
932 4866 986 4925 quo
1001 4848 1127 4906 videlicet
1146 4841 1290 4901 dormienti
1319 4856 1389 4899 novo
1409 4837 1476 4894 Adae
1500 4851 1571 4893 nova
1587 4834 1623 4893 de
1645 4833 1731 4893 latero

75 4943 184 5000 etiamsi
198 4942 316 5000 fateatur
325 4959 360 5000 ue
369 4959 451 5001 nosse
466 4946 565 5014 Deum,
576 4945 655 5003 lactis
670 4951 761 5002 ιειιιειι
772 4944 877 5018 negati
933 4959 982 5000 suo
996 4939 1166 5012 proferretur
1179 4932 1282 5007 pariter
1293 4938 1320 4988 ει
1332 4930 1511 4987 redimeretur
1520 4923 1654 4983 Ecclesia.

73 5031 161 5089 Porro
175 5031 245 5089 lldes
262 5032 322 5090 sine
336 5034 465 5107 operibus
488 5042 651 5091 mortuaest
676 5035 703 5090 in
732 5037 880 5108 semetipsa
969 5037 996 5088 6.
1011 5031 1055 5088 Sic
1076 5043 1142 5103 ergo
1157 5024 1238 5082 hodie
1262 5037 1372 5096 quoqne
1394 5018 1428 5075 ad
1444 5033 1558 5090 uesper
1584 5031 1682 5091 aquam
1704 5022 1733 5073 et

74 5121 147 5194 (111⁶-
160 5138 192 5193 ιι,
206 5123 265 5193 20).
280 5125 337 5181 Νεε
352 5140 418 5182 sane
432 5125 529 5181 mirum
538 5123 626 5181 videri
635 5112 725 5198 potest
737 5125 760 5180 si
775 5140 879 5198 nequa·
933 5121 1094 5196 sauguinem
1109 5116 1192 5183 veuit,
1208 5120 1238 5170 ut
1247 5113 1283 5170 sit
1295 5127 1367 5185 aqua
1381 5117 1409 5168 et
1423 5107 1534 5182 sangnis
1549 5105 1733 5165 testimonium

934 5214 1067 5270 adventus
1081 5209 1152 5280 ejus,
1168 5203 1286 5276 fideique
1301 5198 1431 5260 victricis.
1454 5199 1514 5255 Non
1527 5197 1615 5255 solum
1633 5202 1733 5259 autem.

935 5302 985 5360 sed
995 5295 1177 5357 testimonium
1193 5301 1236 5352 est
1249 5293 1338 5366 majus
1350 5288 1404 5362 his,
1420 5284 1495 5361 quod
1506 5287 1633 5362 perhibet
1647 5283 1735 5357 Spiri-

113 5391 141 5452 ι.
158 5389 265 5462 Quaeris
280 5408 408 5467 quaenam
422 5392 457 5450 sit
471 5391 561 5454 vivida
576 5399 603 5450 et
622 5390 768 5451 victoriosa
798 5391 881 5453 fides?
935 5404 979 5451 tus
992 5386 1123 5448 veritatis.
1138 5384 1240 5440 llorum
1255 5380 1335 5438 trium
1349 5376 1532 5438 testimonium
1549 5389 1646 5434 verum
1669 5389 1733 5434 cer·

77 5474 128 5539 llla
140 5479 202 5541 sino
215 5480 300 5542 dubio
313 5499 364 5557 per
381 5497 464 5558 quam
487 5482 610 5542 Christus
622 5481 726 5541 habitat
738 5481 772 5569 in
789 5483 880 5567 cordi-
935 5491 1047 5554 tumque
1061 5483 1115 5546 est,
1129 5481 1158 5534 et
1171 5471 1237 5533 lelix
1250 5470 1339 5530 anima
1352 5483 1414 5544 qnae
1432 5473 1554 5526 moretur
1566 5463 1634 5522 illud
1662 5460 1734 5553 accii

923 3411 1401 3490 scepitconservandumliesniieste
1436 3419 1528 3468 tamen
1550 3409 1612 3483 plus
1641 3423 1724 3481 quam

76 5227 162 5286 quarn
175 5212 268 5286 ιιιιειι,
281 5215 328 5288 qui
342 5230 394 5272 nec
408 5215 475 5273 vivit
490 5214 611 5288 quidem.
