3734 5948
114 270 168 328 687
588 258 615 315 S.
637 254 806 317 ssssnntnttt
823 252 960 314 attans
978 249 1294 314 cttnnttttttttsts

113 396 210 451 tiosnm
231 393 298 448 vita.
323 392 353 445 ln
376 386 550 459 martyribus,
574 384 620 454 qui
638 398 688 454 pro
707 382 822 437 Domino
844 396 905 438 mo-
921 395 944 472 Α
960 395 1017 436 uon
1030 384 1126 451 parcat
1140 375 1267 432 omnibus
1285 372 1390 431 ceteris
1416 378 1527 443 propter
1539 385 1604 426 eam
1619 368 1660 441 cf

112 485 228 549 riantur,
252 480 319 536 tacit
332 495 390 534 enm
412 475 558 547 pretiosam
580 471 726 543 aliquando
740 472 797 525 sols
812 485 905 536 eausa,
958 466 1066 539 sigiliis,
1076 466 1244 523 orationibus
1258 464 1385 519 audacter
1394 459 1517 533 praeterat
1539 459 1660 517 ouant·

113 571 255 644 aliquando
270 582 353 624 causa
367 565 469 639 pariter
481 570 507 618 et
522 562 586 618 sita.
598 562 633 615 Et
647 560 692 615 illa
706 557 817 630 quidem
832 572 906 614 mors
995 559 1021 614 3.
1037 555 1107 612 Volo
1125 561 1224 620 autem,
1240 552 1311 609 utin
1337 565 1493 624 aequoque
1515 548 1557 606 sic
1571 562 1660 607 man

111 659 385 732 pretiosaest,quam
396 646 905 720 commendntvita,·pretiosiorquam,
960 645 1036 716 quasi
1052 660 1123 698 unus
1147 658 1183 699 ex
1198 641 1335 708 omnibns,
1364 639 1413 694 sed
1436 637 1515 711 quasi
1543 653 1612 694 cum
1640 652 1660 695 n

112 747 177 804 iacit
196 762 296 817 eansa3
317 740 516 817 pretiosissima
535 753 600 795 aero
616 752 696 809 quam
710 735 842 808 prevenit
854 735 906 792 rita
960 749 1040 787 unus.
1057 732 1153 787 Latum
1180 729 1316 803 expandat
1330 729 1430 794 sionm,
1448 744 1482 784 es
1504 727 1661 800 omnigena

111 835 191 892 simul
200 849 262 890 eum
272 847 362 890 causa
959 821 1104 876 lectionum
1118 820 1227 874 claudat
1241 819 1312 875 intra
1324 817 1431 874 viscera
1445 830 1505 884 sua,
1520 814 1661 872 omnibns

147 927 174 978 2.
199 923 284 978 Porro
300 919 352 975 tria
373 925 437 973 sunt
450 931 510 988 quse
532 921 650 970 sanctam
673 911 775 967 iaciunt
788 908 906 965 bominis
960 908 1014 975 liat,
1031 915 1058 963 et
1071 907 1242 981 congaudere
1255 913 1364 979 paratus
1377 915 1405 961 et
1419 904 1552 976 compati:
1571 902 1661 978 ganda

111 1010 219 1068 vitam:
243 1009 330 1068 victus
353 1006 471 1070 sobrius,
490 1010 566 1058 actus
586 1003 686 1073 justus,
709 1014 806 1055 sensns
834 997 902 1069 pius.
959 995 1149 1069 gaudentibus,
1178 995 1244 1052 llere
1270 1011 1333 1051 cnm
1347 995 1485 1051 llentibus.
1508 991 1570 1048 Erit
1606 990 1661 1049 eti

113 1101 206 1156 Victus
230 1097 337 1154 sobrius
358 1095 420 1161 erit,
435 1097 458 1149 si
482 1092 662 1155 continenter,
678 1087 702 1143 si
723 1086 866 1149 socialiter.
882 1085 905 1140 si
958 1086 993 1139 ad
1014 1085 1088 1141 littus
1110 1084 1232 1150 veniens,
1248 1083 1336 1140 malm
1361 1082 1482 1156 piscesa
1499 1094 1606 1155 sagenae
1628 1078 1662 1137 d

111 1187 280 1256 obedienter,
296 1184 322 1239 id
337 1192 380 1240 est
393 1191 477 1247 caste,
492 1176 658 1241 unanimius,
675 1175 814 1230 humiliter
825 1174 904 1229 vixe-
959 1172 1094 1238 excludet,
1110 1181 1137 1228 et
1152 1171 1284 1245 quidquid
1299 1170 1446 1227 molestum
1467 1177 1518 1237 eat,
1535 1168 1615 1226 toran
1634 1180 1662 1225 ι

112 1276 207 1330 rimus.
223 1275 276 1329 Per
296 1271 488 1329 continentiam
504 1268 575 1324 enirn
590 1266 710 1334 castitas,
730 1280 779 1336 per
797 1263 906 1319 sociali·
1188 1283 1303 1341 SERMO
1319 1282 1404 1340 val
1418 1284 1481 1352 (Μ
1503 1280 1537 1354 ι).

112 1372 195 1419 tatem
209 1362 337 1428 ebaritas,
353 1375 403 1432 per
419 1356 601 1414 obedientiam
625 1353 765 1409 humilitas
787 1351 905 1424 acquiri·
961 1379 997 1433 0,
1014 1379 1073 1433 0030
1095 1374 1318 1434 mmmmm
1341 1374 1476 1446 ορρωρρῑ,
1491 1371 1611 1429 101me
1627 1384 1662 1445 μ

113 1461 166 1507 ιοι.
191 1452 225 1507 tn
238 1454 295 1506 bne
317 1458 360 1504 est
376 1448 473 1512 virtus,
494 1461 555 1517 quae
573 1444 690 1500 ammam
708 1440 831 1512 perfecte
849 1441 905 1495 Deo
1200 1493 1205 1502 ,
1465 1489 1471 1500 ,

113 1541 258 1601 subditam,
273 1538 324 1594 sub
343 1538 440 1592 umbra
453 1536 554 1590 alarum
582 1529 694 1588 tm
710 1531 795 1602 ipsius
812 1544 906 1585 secure
995 1500 1022 1550 ¹¹
1035 1492 1242 1595 15⁰d‘m0rdm0
1263 1507 1318 1589 Ψ)
1332 1497 1485 1589 ‚pmoeffffl
1505 1487 1598 1560 ‘'¹¹9⁸-
1618 1486 1663 1569 ⁸⁰!

960 1591 1002 1639 est
1020 1593 1100 1642 etiarn
1123 1583 1212 1652 eulpae
1238 1579 1385 1636 medicina.
1411 1579 1528 1634 Primum
1554 1582 1663 1647 pecca&

112 1629 178 1684 lacit
205 1627 308 1684 rivere.
335 1627 417 1681 Actus
440 1626 532 1694 justus
558 1622 618 1687 erit,
648 1621 671 1675 si
695 1620 774 1675 luerit
803 1632 905 1686 rectus,
1006 1670 1010 1675 .
1089 1673 1094 1684 ,
1412 1666 1417 1677 ,
1590 1665 1596 1677 ,

113 1717 257 1783 discretus,
284 1713 450 1770 fructuosus.
468 1713 569 1767 Rectus
590 1709 758 1782 perbonam
779 1707 908 1763 intentio·
923 1676 946 1754 Β
963 1670 1062 1772 Qum
1084 1688 1126 1772 ,Ψ
1144 1668 1215 1770 ῩΨῙῙΟ
1234 1685 1284 1739 '¹⁰¹'
1306 1666 1465 1738 summm
1483 1675 1663 1737 mmm

964 1763 1028 1832 gell,
1045 1765 1168 1834 quadrant
1180 1775 1208 1813 ιο
1222 1758 1306 1814 corde
1315 1771 1384 1813 auo:
1399 1757 1430 1813 ln
1441 1756 1543 1813 etatem
1558 1768 1663 1827 contu

80 1803 88 1820 “
114 1821 185 1872 nem,
210 1804 345 1860 discretus
368 1817 417 1871 per
445 1815 602 1856 mensuram
627 1797 823 1868 possibilitatis,
848 1795 908 1851 lru-
1200 1848 1204 1857 ,
1418 1845 1424 1856 ,

964 1865 1047 1922 anper
1061 1853 1141 1904 nstra
1155 1849 1204 1903 Dea
1224 1844 1355 1901 eaattalm
1369 1845 1474 1901 cottum
1485 1859 1584 1901 menna
1600 1860 1609 1897 ε
1625 1854 1663 1901 ια

113 1906 224 1950 ctuosus
247 1908 296 1963 per
319 1891 460 1946 utilitatem
489 1888 684 1960 proximorum.
714 1886 817 1942 Sensus
848 1884 909 1956 pius
1229 1936 1234 1946 ‚
1259 1935 1264 1947 ,
1376 1935 1381 1944 ,
1501 1932 1506 1942 ,
1562 1933 1568 1944 ,

112 1983 173 2049 erit,
189 1982 213 2036 si
228 1980 295 2036 sides
313 1991 405 2035 nostra
426 1979 513 2033 Deum
537 1976 619 2030 sentit
639 1990 746 2030 summe
760 1980 908 2045 potentem,
963 1942 1059 1994 ''²⁰⁹²“
1070 1937 1242 2037 mtffmefm’
1255 1950 1286 1988 ἠ
1297 1933 1432 2032 “mnf
1440 1932 1601 2035 “qmlfnf‘f
1616 1944 1664 1989 Ν

963 2042 1048 2098 saper
1075 2024 1261 2080 altitudinem
1288 2021 1417 2086 nubtam,
1432 2037 1479 2077 ero
1496 2021 1603 2077 anate
1622 2018 1664 2077 Ait

111 2084 219 2169 summe
232 2069 392 2141 sapientem,
409 2081 514 2123 summe
533 2066 636 2165 bonurn
653 2082 659 2117 :
676 2071 769 2162 ntper
786 2061 847 2160 ejus
863 2076 910 2129 ρο·
963 2115 1032 2186 Um
1053 2128 1102 2169 w
1131 2115 1163 2166 ¹3
1189 2113 1233 2179 m
1261 2111 1293 2164 ln
1315 2125 1345 2165 se
1364 2109 1372 2163 i
1393 2124 1424 2163 so
1448 2107 1546 2163 tumuit
1585 2114 1615 2163 a
1634 2106 1664 2165 ὰ

112 2166 234 2259 tantiam,
257 2164 380 2257 nostram
396 2154 548 2250 ¹credamus
566 2153 690 2222 adiuvari
709 2149 906 2249 infirmatatem
963 2151 1273 2269 beanimm’spi'mudm
1286 2126 1391 2268 ejectufs’
1415 2148 1579 2254 mmm’r
1654 2210 1664 2251 Ι

111 2262 233 2317 peropus
248 2254 418 2317 sapientiam,
430 2252 551 2299 nostram
563 2241 818 2310 credamuacorrtgt
831 2251 910 2308 rgna-
962 2291 1007 2347 sit·
1015 2290 1114 2346 Coum
1129 2290 1182 2344 hoc
1199 2294 1340 2358 peceatum
1356 2239 1457 2342 meltum
1478 2293 1520 2343 est
1534 2303 1541 2340 :
1557 2210 1664 2341 322¹

113 2335 246 2400 mutiam,
262 2349 310 2406 per
324 2333 383 2402 ejus
400 2333 562 2400 bonitatem,
578 2338 698 2384 nostram
711 2326 852 2383 credamus
866 2324 909 2380 di·
1063 2381 1095 2391 ..
1236 2377 1240 2387 ,
1302 2377 1308 2389 ,

112 2420 150 2475 lui
173 2421 351 2493 iniquitatem.
367 2419 430 2475 Tria
453 2425 517 2474 sunt
539 2433 601 2490 quae
617 2424 732 2471 mortem
756 2421 909 2469 sanctorum
964 2397 1008 2437 m
1023 2383 1138 2451 ⁸¹³th
1153 2390 1423 2450 mmmmm
1434 2378 1476 2431 ’ἰ
1495 2386 1665 2473 mm?

107 2507 212 2563 iaciunt
225 2507 386 2579 pretiosam,
402 2506 480 2577 quies
495 2521 510 2559 a
525 2505 629 2567 labore,
644 2504 773 2575 gaudium
787 2500 822 2556 de
836 2500 910 2556 nori·
963 2469 1074 2566 (Μ’
1092 2484 1119 2536 v,
1129 2468 1175 2565 ,3)·
1185 2553 1190 2564 ,
1200 2465 1359 2562 εωυυάῗῑω,
1372 2470 1522 2562 Ρῗοωωω,
1533 2476 1665 2519 mmmm

110 2605 163 2651 me
189 2596 321 2652 securim
337 2595 370 2649 de
383 2594 543 2650 mmm
964 2573 1011 2627 per
1027 2556 1239 2611 inobedientiam
1254 2552 1377 2608 muberts
1390 2568 1418 2606 tn
1432 2550 1559 2623 paradiso
1572 2550 1658 2618 (Geta.

166 2638 173 2663 '
963 2645 1063 2699 Exboe
1088 2651 1197 2717 peccato
1221 2641 1295 2698 lacta
1309 2649 1351 2698 est
1364 2654 1429 2696 caro
1454 2637 1567 2694 rebellis
1586 2636 1665 2712 spir‘d

356 2725 472 2783 SERMO
488 2725 559 2782 LXV
575 2724 660 2796 (tta).
964 2733 1093 2805 quoniam
1110 2732 1223 2804 spiritus
1243 2731 1302 2800 ejus
1324 2744 1379 2784 non
1401 2726 1452 2784 iub
1474 2724 1665 2796 subjectanea

111 2839 149 2895 lte
163 2838 336 2894 connexione
356 2836 395 2890 tri
416 2835 479 2890 tinia
491 2832 635 2905 parabole
648 2830 725 2902 apud
744 2829 908 2885 ltattlroenm
963 2836 1014 2877 nec
1025 2836 1088 2877 caro
1098 2821 1133 2876 sit
1147 2820 1269 2890 subjecta
1283 2817 1402 2889 spiritui.
1418 2817 1518 2874 (ὶοοῑιο
1535 2812 1666 2877 noeentd

146 2925 204 2975 ιιιι,
220 2909 306 2964 tt-ts
328 2927 334 2963 :
354 2927 374 2990 a.
404 2907 484 2989 inatile
497 2907 541 2960 est
562 2918 682 2975 reparata
696 2903 833 2957 cn’tornm
848 2899 908 2954 tlte·
965 2913 1131 2968 pensamine,
1149 2906 1665 2985 quonwmipssppoggfflpmmmmg

144 2995 228 3038 saara
242 2978 403 3037 accomodata
417 2993 449 3031 tn
462 2991 540 3048 apro,
558 2996 570 3023 a
586 2984 640 3030 etc.
924 2953 995 3067 BV,
1015 3005 1054 3071 ρ).
1080 2956 1180 3056 ΗΟᾹΜ
1212 3000 1327 3055 duomm
1351 3004 1523 3068 peccatorum
1559 3009 1666 3069 W

144 3103 170 3151 t.
197 3095 346 3166 'l'riplieem
360 3092 440 3148 nobis
454 3091 626 3148 commendat
645 3088 759 3159 gradum
780 3088 905 3160 parabola
960 3091 1092 3147 Dominus
1105 3089 1277 3153 medicinam,
1297 3086 1392 3142 dicens
1405 3086 1666 3159 :contemne

109 3184 207 3256 triplex
229 3183 353 3239 lectionis
372 3180 464 3235 unius.
482 3182 555 3249 Ager
569 3188 611 3234 est
633 3193 739 3248 corpus.
757 3175 827 3232 llnic
841 3178 905 3231 dum
961 3182 1112 3236 tissnmet
1127 3177 1244 3233 inmitis
1261 3171 1368 3231 11011
1380 3172 1580 3245 mentuunt.
1589 3174 1667 3249 ιι,

107 3275 198 3330 adhuc
230 3273 404 3330 dominantur
432 3268 572 3340 passiones
598 3267 808 3332 desideriorum,
834 3267 906 3336 jacet
959 3265 1340 3339 tinmpecoetumtuit.quod
1354 3263 1414 3336 ipsa
1428 3261 1528 3319 mulier
1551 3262 1667 3319 νίιιιιιιι

107 3361 235 3424 incultus,
262 3368 290 3414 et
303 3359 436 3414 obnoxius
459 3356 613 3424 maledieto,
629 3356 721 3425 spinas
745 3361 772 3409 et
791 3354 907 3411 tribulos
960 3373 1052 3413 seeum
1068 3356 1148 3412 traxit
1168 3355 1195 3408 in
1209 3355 1317 3426 eulpam
1328 3352 1409 3425 (Gen.
1425 3367 1466 3421 ru,
1481 3353 1521 3423 6).
1536 3348 1639 3409 Debuit
1650 3366 1667 3421 ‚a

107 3450 259 3525 germinam
275 3446 339 3518 quid
356 3447 428 3500 intus
441 3445 521 3499 lateat
536 3445 686 3514 ignoratur.
703 3440 771 3510 Quis
785 3441 858 3497 enim
873 3458 906 3498 eo
961 3445 1005 3500 illa
1018 3451 1159 3515 peccatum
1187 3458 1266 3499 suum
1286 3442 1397 3507 detlere,
1417 3456 1467 3499 nec
1499 3439 1601 3497 addere
1626 3452 1667 3513 pa

105 3549 231 3609 tempore
255 3536 382 3591 idoneum
412 3539 517 3602 reputet
540 3531 608 3586 terre
625 3529 723 3600 dignos
746 3529 906 3601 paenitentia¹
959 3541 1085 3606 peceato,
1102 3533 1150 3588 sed
1167 3533 1194 3588 in
1211 3533 1264 3587 boc
1282 3529 1432 3601 seputtttit
1461 3529 1564 3584 habere
1601 3542 1668 3587 cn·

107 3624 232 3682 tructus?
264 3622 333 3692 Quid
372 3631 425 3677 tam
461 3618 621 3690 insipienter
648 3617 773 3690 exponis,
805 3619 904 3684 anima,
961 3639 1034 3690 nem,
1051 3621 1074 3676 si
1100 3621 1188 3677 virum
1203 3620 1304 3677 iaceret
1323 3618 1426 3690 pcccati
1448 3618 1492 3675 ani
1505 3616 1666 3689 perticipa-

107 3729 207 3785 corpus
230 3711 332 3768 tuum?
348 3710 443 3766 Nescis
462 3708 526 3781 quid
545 3708 732 3765 absconditum
751 3707 786 3762 sit
807 3705 906 3762 ineo?
960 3710 1106 3767 dammodo
1122 3710 1194 3766 euim
1204 3707 1328 3763 naturale
1340 3719 1381 3764 est
1400 3704 1668 3778 unumquemqnerd

107 3801 190 3872 Quid,
206 3801 260 3856 nisi
275 3815 388 3875 regnum
402 3798 557 3855 caelorum?
572 3798 697 3854 lnvenire
712 3803 755 3852 est
774 3796 802 3850 in
815 3811 849 3851 eo
864 3813 906 3850 su-
961 3798 988 3855 in
1007 3800 1087 3867 vitiis,
1104 3799 1160 3855 sive
1171 3798 1197 3852 io
1216 3796 1372 3864 virtutibus,
1386 3797 1522 3852 associare
1536 3794 1590 3851 sibi
1602 3806 1668 3853 nnn

109 3890 174 3945 lutis
197 3904 290 3960 opera,
315 3889 414 3956 quibus
438 3903 548 3962 regnum
574 3889 706 3942 coelorum
727 3884 827 3958 poteria
846 3885 907 3939 edi·
962 3889 1063 3945 Contra
1085 3889 1137 3944 laec
1151 3880 1342 3958 peccatumest'
1353 3885 1425 3941 istud
1441 3883 1588 3941 remedium
1604 3904 1612 3942 :
1626 3886 1668 3945 h

109 3975 191 4050 pisci.
209 3976 276 4030 Eme
289 3989 356 4046 ergo
368 3989 477 4045 agrurn,
492 3982 542 4028 eta
557 3972 783 4045 concupiscentits
796 3971 906 4028 tuistibi
963 3977 1070 4047 tepent,
1092 3976 1226 4047 quoniam
1242 3972 1528 4049 epsicomotabnnenr
1546 3973 1660 4045 (latu.

109 4065 215 4121 vindica
228 4079 327 4136 corpus
342 4072 429 4127 tuum,
449 4062 511 4118 dato
534 4063 662 4119 nimirum
679 4062 766 4133 pretia
780 4062 907 4117 lomentis
998 4069 1025 4119 2.
1040 4064 1175 4134 Quartum
1200 4070 1343 4134 peceatum
1366 4062 1502 4118 commisit
1516 4062 1617 4130 Adam,
1636 4077 1669 4133 aa

109 4161 136 4209 et
154 4151 342 4210 occasionibus
356 4150 477 4222 ipsarum
492 4149 782 4220 concupiscentiarum.
961 4151 1047 4208 sensit
1060 4153 1140 4223 (Gen.
1154 4167 1194 4221 tu,
1211 4154 1251 4221 6).
1267 4152 1356 4208 Adam
1371 4151 1452 4217 enim,
1469 4149 1541 4205 sicut
1558 4149 1669 4223 aitbpn

145 4247 172 4298 1.
195 4240 248 4297 Ubi
264 4255 327 4296 tero
349 4240 507 4293 thesaurum
523 4236 663 4304 elloderis,
679 4248 736 4292 esto
749 4239 804 4308 jani
820 4252 908 4313 nego·
925 4231 1208 4307 nannentsedactnr
1220 4241 1444 4307 ;nantt'ernntent
1454 4238 1571 4297 seducto
1588 4240 1669 4314 inps

109 4334 200 4396 tiator,
215 4340 242 4387 et
256 4328 391 4401 pretiosas
404 4325 566 4397 margaritus
580 4340 682 4398 quaere.
699 4325 726 4380 Si
744 4325 910 4394 pretiosissi-
966 4333 1078 4386 catione
1092 4332 1149 4400 snit
1172 4332 1196 4399 (l
1220 4332 1287 4386 Tira.
1309 4345 1339 4384 ιι.
1365 4330 1420 4400 tt).
1437 4327 1485 4386 illa
1509 4343 1560 4399 per
1574 4328 1669 4400 ignora

110 4435 182 4474 mam
205 4433 285 4472 unam
308 4414 456 4482 inveneris,
482 4413 561 4468 obem
585 4423 649 4469 tunc
674 4414 759 4469 vende
779 4414 909 4485 quidquid
966 4419 1015 4473 iste
1029 4418 1150 4491 peccavit
1164 4434 1214 4489 per
1228 4416 1424 4472 infirmitatem.
1440 4416 1566 4473 Peccavit
1579 4422 1670 4473 autem

110 4511 205 4578 babes,
229 4516 257 4564 et
270 4523 328 4563 eme
347 4521 418 4562 eam.
442 4503 509 4572 Quae
532 4512 573 4559 est
596 4512 686 4558 tamen
708 4520 760 4558 una
780 4512 835 4559 tam
851 4521 911 4575 pre·
965 4506 1103 4579 diligendo
1119 4522 1241 4576 uxorem,
1257 4522 1311 4561 aon
1340 4506 1479 4577 quincius
1504 4505 1670 4561 voluntatem

111 4597 200 4656 tiosa‘i
222 4596 318 4669 Neque
332 4595 405 4651 enim
420 4594 517 4649 urinum
543 4593 567 4646 si
582 4609 630 4663 pro
645 4595 771 4648 thesauro
792 4594 911 4649 vendidit
965 4597 1012 4650 serl
1037 4595 1102 4665 quia
1131 4611 1192 4649 rem
1206 4594 1338 4650 voluntati
1352 4594 1468 4667 praetulit
1489 4592 1598 4648 divinae.
1617 4592 1670 4651 ὕοι

110 4701 276 4760 quecunque
297 4685 418 4750 babebat,
447 4683 532 4738 idest
563 4699 611 4752 ριο
642 4682 743 4738 divitiis
763 4682 857 4738 salutis
884 4694 910 4737 et
964 4684 1078 4739 Domino
1093 4684 1226 4739 eidietum
1249 4691 1308 4739 est:
1325 4686 1379 4741 Pro
1398 4699 1428 4740 eo
1453 4681 1527 4756 qaod
1555 4681 1670 4741 abacti

110 4786 222 4850 peccata
245 4783 271 4830 et
298 4772 401 4845 peccati
421 4771 539 4828 tomenta
563 4771 694 4827 deseruit.
726 4773 787 4827 llaec
809 4772 909 4843 quippe
964 4775 1290 4848 aeoristnoeptasqnam
1304 4771 1670 4839 acemanecestriae

109 4867 166 4922 sola
193 4865 267 4938 prius
294 4862 420 4917 habebat.
450 4860 530 4914 Nunc
556 4868 655 4927 antem,
681 4858 727 4912 ribi
752 4861 907 4916 thesaurum
964 4864 1107 4931 tnotttea.
1123 4877 1165 4927 ιιι,
1196 4861 1250 4932 tt).
1269 4862 1377 4917 lustum
1389 4861 1490 4933 quippe
1508 4860 1671 4916 eratutillit

109 4955 181 5008 hune
198 4951 307 5025 reperit,
324 4947 462 5021 quomodo
477 4947 575 5019 quoerit
589 4947 673 5002 bonas
698 4951 866 5020 margaritas,
883 4957 909 5003 et
963 4950 1005 5019 pis
1021 4950 1189 5006 voluntatem
1206 4952 1316 5017 laceret,
1333 4951 1376 5005 eui
1394 4952 1456 5020 plus
1473 4948 1598 5004 debebat.
1614 4947 1671 5018 Qui

109 5056 159 5113 pro
174 5056 227 5097 nna
244 5040 334 5096 omnia
347 5036 488 5094 vendidit?
502 5036 560 5111 ligo
581 5051 661 5089 uuam
676 5036 744 5090 trane
758 5035 824 5090 nibil
836 5036 909 5091 aliud
964 5039 1083 5108 ambige
1100 5042 1162 5110 ptus
1183 5056 1244 5095 eum
1269 5041 1372 5095 debere
1394 5037 1537 5106 conditori,
1560 5053 1647 5110 quam
1662 5056 1671 5108 j

107 5144 189 5202 quarn
212 5130 343 5184 unitatem
365 5125 480 5182 arbitror
504 5141 575 5183 esse.
592 5123 694 5193 Quaerit
716 5131 804 5180 autem
824 5126 909 5181 bonas
964 5127 1113 5199 Siquidem
1127 5130 1293 5186 uxorierant
1310 5130 1434 5185 astrictus
1458 5135 1561 5184 tantum
1576 5142 1671 5197 peren

108 5217 281 5293 margaritas,
292 5219 339 5290 qui
350 5218 376 5272 iu
386 5231 471 5289 opere
481 5215 579 5273 salutis
589 5230 710 5271 sunnon
720 5220 909 5271 estconteutns
964 5217 1020 5271 Deo
1036 5227 1124 5273 annm
1140 5219 1325 5290 pertimerem
1339 5218 1419 5273 simul
1435 5225 1462 5273 et
1484 5231 1616 5272 aanorern.
1628 5216 1672 5274 aa

109 5306 286 5366 interioribus
304 5305 393 5371 bonis,
409 5308 457 5362 sed
478 5320 584 5361 summa
604 5320 719 5377 qumque
733 5312 760 5360 et
773 5302 907 5361 excelleo·
963 5306 1214 5362 debueruntualere
1224 5307 1279 5362 duo
1293 5307 1399 5362 rineula
1412 5307 1446 5361 ad
1461 5307 1609 5361 tenendum
1624 5322 1672 5363 ena

107 5397 176 5453 tiore
186 5395 328 5470 perquirit.
336 5394 408 5449 Nibil
418 5394 637 5466 ergopretiosius
651 5393 906 5459 inveniensnnitnte,
964 5395 1014 5449 Dei
1029 5405 1204 5467 praeceptum,
1222 5411 1301 5468 qnam
1318 5412 1401 5453 unum
1424 5404 1528 5451 tantum
1550 5408 1620 5468 erga
1642 5376 1672 5471 nn

18 5610 38 5617 ss
142 5524 218 5594 (tati
235 5525 322 5587 Alina,
339 5522 372 5575 26
389 5535 421 5572 ex
439 5519 541 5597 Partis.
999 5522 1061 5592 (lli
1079 5523 1099 5589 ')
1121 5522 1209 5590 Alias,
1225 5523 1259 5576 27
1274 5538 1305 5577 ex
1318 5522 1419 5576 Partis.
