3734 5948
56 208 103 268 161
657 204 688 264 tlt
708 201 951 264 sailulttttsttll
970 203 1079 265 stitttlo
1098 205 1118 264 l.
1661 215 1712 274 162

54 331 175 388 mundus
197 345 214 386 a
235 329 328 395 sorde,
354 343 405 386 nec
425 327 515 385 inians
538 329 616 399 cuius
638 339 680 386 est
703 328 783 384 unius
800 327 855 383 diei
874 327 997 419 *Jacob
1012 328 1047 383 ad
1059 327 1186 386 Rachelis
1200 330 1350 404 amplexus,
1366 332 1442 390 hias
1460 342 1538 406 patre
1551 338 1715 409 supponitur

52 421 110 479 rita
124 435 213 492 super
227 418 427 474 terramNunc
440 417 558 474 abluitur
571 433 682 489 sponsa,
696 433 769 474 nunc
782 417 858 487 puri·
914 415 994 487 (Gen.
1023 432 1107 488 xxix,
1137 421 1245 490 12-21).
1269 421 1366 489 Nobis,
1390 422 1499 490 iratres,
1529 425 1575 497 qni
1597 426 1714 482 ministri

53 507 163 576 fleatur,
177 516 209 563 ut
223 508 250 562 in
264 506 421 564 caelestibus
434 506 489 562 illis
504 506 607 578 nuptiis
621 521 722 577 sponso
737 521 786 561 sno
800 505 859 560 sina
913 519 1007 560 snmus
1021 512 1048 561 et
1063 506 1134 562 servi
1147 507 1241 573 vestri,
1258 525 1308 579 per
1317 510 1454 566 Christum
1464 512 1544 570 nobis
1558 515 1715 586 precipitur

54 597 130 654 omni
145 596 253 652 macula
276 603 467 668 presentetur.
492 596 653 664 Quaeramus
669 610 736 667 ergo
750 593 861 666 hydrias
914 592 1027 665 implere
1043 595 1152 666 hydrias
1165 611 1248 669 aqua,
1272 599 1381 669 quoties
1404 602 1482 657 deest
1505 602 1608 659 vinum.
1631 603 1712 660 acsi

56 684 164 752 se1,in
176 685 275 759 quihus
291 686 350 741 hacc
363 685 467 741 ablutio
479 685 646 754 indecorum,
663 685 690 738 id
714 691 758 741 cst
772 682 861 740 conli-
914 683 1033 738 dicatur:
1059 685 1098 738 Illi
1122 685 1296 741 devotionem
1320 688 1488 756 desiderant,
1512 691 1603 746 vinum
1620 693 1714 764 requi-

56 776 186 842 tentium,
215 773 366 848 purificatio
395 773 451 830 liat.
480 775 549 830 Nam
580 774 603 829 si
626 767 775 830 dixerimus
798 772 861 843 quia
913 778 986 835 runt,
1006 771 1141 827 servorem
1168 772 1307 843 flagitant,
1333 777 1381 830 sed
1405 778 1525 833 nondum
1552 779 1627 834 venit
1647 779 1715 834 hora

56 868 204 939 peecatum
228 879 284 920 non
307 864 448 934 hahemus,
473 880 524 920 nos
547 864 621 935 ipsos
643 863 808 928 seducimus,
834 868 862 916 ει
913 875 987 914 mea:
1012 859 1123 929 implete
1147 861 1256 930 hydrias
1281 878 1360 934 aqua.
1386 864 1452 932 Quse
1479 874 1522 921 est
1546 869 1618 921 enirn
1639 882 1712 939 aqua

55 953 161 1009 reritas
173 951 203 1006 in
218 951 297 1006 nohis
310 965 366 1006 non
381 959 431 1018 cst,
449 966 510 1022 quae
524 950 583 1005 sola
604 951 712 1018 liberat,
733 948 791 1006 sola
805 949 859 1004 sal·
913 946 1053 1018 sapientise
1066 946 1202 1014 salutaris,
1217 950 1267 1004 etsi
1291 965 1345 1006 non
1364 952 1433 1008 adeo
1456 955 1560 1022 suavis,
1585 956 1636 1011 nisi
1650 955 1713 1011 funs

56 1049 112 1107 rat,
128 1041 190 1098 sola
204 1033 285 1096 lavat.
301 1038 381 1109 Quod
395 1039 417 1094 si
433 1039 609 1096 confiteamur
623 1047 734 1110 peccata
757 1045 859 1103 nostra,
913 1036 984 1103 vitae,
1008 1041 1037 1091 et
1064 1035 1168 1090 initium
1188 1037 1327 1106 sapientiae
1348 1040 1428 1096 timor
1447 1041 1579 1098 Domini?
1607 1044 1714 1100 Dicitur

56 1144 110 1186 nou
142 1131 264 1186 deerunt
288 1129 362 1185 veris
393 1128 494 1183 iudeis
522 1127 719 1200 purificationis
740 1127 859 1199 hydriae;
913 1136 980 1193 ergo
1004 1122 1152 1179 ministris:
1175 1125 1289 1180 incutite
1312 1134 1425 1194 metum,
1448 1136 1476 1185 et
1496 1129 1592 1200 spiritu
1607 1131 1712 1187 timoris

57 1217 191 1292 qnoniam
206 1216 295 1274 fidelis
311 1225 354 1273 est
364 1216 501 1289 Deus,qui
516 1217 630 1273 dimittat
645 1216 724 1272 nohis
737 1222 860 1288 peccate,
913 1225 968 1266 non
990 1220 1043 1266 tarn
1067 1226 1133 1267 vasa
1156 1228 1237 1285 quam
1264 1213 1347 1269 corda
1375 1215 1506 1287 replete;
1536 1218 1609 1290 quia,
1633 1226 1663 1274 ut
1677 1219 1713 1273 ad

60 1312 87 1363 ct
100 1304 237 1362 emundet
250 1319 302 1361 nos
315 1305 349 1359 ah
363 1305 437 1360 omni
455 1303 597 1375 iniquitate
610 1307 637 1372 (1
647 1305 728 1362 ioan.
743 1320 762 1372 ι,
778 1307 806 1370 8,
821 1306 860 1372 9).
913 1298 1073 1357 charitatem
1098 1301 1271 1373 perveniant,
1295 1302 1418 1359 initiandi
1441 1311 1536 1360 sunta
1554 1307 1662 1377 timore,
1682 1314 1713 1362 ut

93 1397 126 1449 ⁴l.
151 1394 213 1464 ligo
239 1392 350 1466 quidem
376 1408 424 1450 sex
451 1392 571 1465 hydrias,
601 1408 649 1449 sex
675 1391 862 1448 observantias
914 1387 1041 1443 dicentet
1050 1387 1144 1458 ipsit
1160 1390 1260 1446 timore
1281 1393 1329 1445 tac
1345 1393 1533 1463 concepimus,
1547 1395 1673 1463 Domine,
1684 1400 1713 1452 ει

59 1479 182 1537 arbitror
209 1496 286 1547 esse,
313 1495 382 1553 quas
409 1480 444 1535 ad
475 1480 645 1553 purificanda
676 1480 861 1537 confitentium
912 1477 1117 1548 parturivimus
1127 1478 1263 1549 spiritam
1273 1477 1378 1536 salutis
1395 1479 1472 1552 (lsai,
1489 1495 1569 1546 xxvi,
1587 1482 1642 1553 18).
1659 1483 1715 1540 Sed

60 1569 148 1627 eorda
169 1568 257 1625 sancti
282 1579 374 1640 patres
396 1568 549 1636 instituere,
572 1577 600 1626 et
624 1585 719 1625 omnes
743 1569 812 1635 illas,
832 1569 861 1624 ni
913 1563 1049 1634 quomodo
1080 1562 1264 1634 implebuntur
1288 1564 1423 1634 hydriaei
1451 1566 1616 1624 Praedixerat
1643 1570 1715 1626 amru

61 1658 166 1728 lallor,
195 1658 240 1714 hic
268 1658 418 1729 poterimus
445 1657 579 1714 invenire.
610 1658 698 1713 Prima
725 1657 861 1730 siquidem
876 1673 898 1751 Β
914 1651 1103 1722 Evangelista:
1122 1653 1269 1725 Cupientes
1282 1654 1403 1724 rippale
1423 1660 1560 1716 metretas
1577 1659 1659 1730 tinas
1672 1659 1716 1717 aet

61 1746 170 1818 hydria,
186 1745 355 1802 continentia
370 1753 413 1801 cst
426 1745 568 1817 castitatis,
586 1761 640 1817 qua
654 1745 765 1801 diluitur
780 1746 860 1818 qnid·
914 1743 1020 1797 ternos.
1031 1738 1098 1808 Quae
1120 1747 1184 1795 sunt
1205 1740 1265 1796 dure
1280 1751 1412 1814 metreta,
1423 1760 1518 1817 quaeve
1542 1747 1643 1803 tertiat
1654 1748 1715 1803 Uti·

62 1835 128 1906 quid
143 1843 209 1890 ante
223 1833 329 1890 luxuria
343 1833 503 1906 inquinavit.
515 1832 714 1891 secundavero
727 1835 861 1905 jejunium
913 1845 967 1901 que
975 1829 1075 1898 duplex
1085 1829 1165 1885 timor
1172 1830 1333 1903 communis,
1343 1840 1370 1887 et
1380 1840 1460 1888 notus
1470 1835 1612 1903 omnihus;
1623 1844 1650 1891 at
1661 1844 1717 1892 ter·

63 1931 113 1991 est,
129 1929 161 1979 ut
175 1923 250 1996 quod
266 1921 449 1978 maculaverat
463 1923 584 1994 crapula,
605 1939 677 1979 nunc
697 1923 861 1979 abstinentia
914 1917 966 1972 lius
975 1917 1085 1989 quidem
1100 1918 1188 1979 minus
1198 1919 1360 1986 communis,
1371 1928 1397 1976 θῐ
1409 1921 1497 1977 minus
1507 1931 1598 1978 notus·
1611 1924 1716 1981 Primus

63 2011 188 2069 mundet.
204 2012 257 2067 Per
270 2011 416 2084 segnitiem
439 2025 548 2083 quoque
568 2019 596 2067 et
609 2010 784 2077 otiositatem,
801 2028 862 2085 quae
914 2020 974 2059 mus
998 2003 1068 2059 enim
1095 2004 1174 2061 timor
1201 2013 1254 2072 est,
1278 2021 1313 2062 ne
1336 2006 1488 2063 cruciemur
1516 2009 1544 2063 in
1568 2010 1715 2082 gehenua3

62 2099 173 2156 inimica
188 2102 233 2156 est
247 2099 355 2167 animae,
369 2098 469 2154 multas
484 2099 666 2154 contraximus
680 2100 775 2156 sordes
790 2115 860 2156 oon·
914 2094 1062 2162 secundus,
1085 2110 1119 2150 ne
1144 2095 1246 2150 exclusi
1268 2110 1285 2150 a
1305 2095 1410 2152 visione
1434 2096 1484 2153 Dei
1508 2097 1647 2168 privemur
1660 2105 1715 2164 tam

62 2197 103 2244 tra
126 2187 179 2244 Dei
200 2187 381 2253 sententiam,
405 2186 556 2242 insudare
580 2187 669 2243 vultus
690 2187 782 2254 alieni,
807 2203 862 2244 non
914 2182 1092 2238 inaestimabili
1120 2183 1225 2254 gloria3
1257 2183 1354 2239 tertius
1378 2184 1466 2253 replet
1495 2184 1613 2241 animam
1642 2185 1715 2243 omni

63 2276 160 2343 nostri,
184 2291 256 2347 pane
279 2282 425 2334 vescentes
439 2276 520 2344 (Gerr.
545 2290 585 2343 ιιι,
613 2277 668 2347 19);
685 2285 797 2347 propter
811 2277 863 2332 hoc
914 2271 1068 2326 sollicitudo
1083 2270 1216 2340 timidam,
1232 2287 1267 2327 ue
1283 2269 1353 2328 torte
1368 2273 1508 2328 deseratur
1523 2274 1643 2346 agretia.

64 2379 176 2438 quoque
192 2363 272 2420 tertia
285 2363 382 2435 hydria
392 2363 472 2420 nohis
488 2364 644 2435 apponitur,
658 2372 688 2419 ut
702 2364 798 2420 sordes
811 2363 863 2420 illae
951 2363 977 2415 9.
994 2359 1030 2414 Ει
1054 2359 1165 2430 quidem
1188 2358 1278 2415 omnis
1311 2359 1392 2417 timor
1419 2360 1535 2427 Domini,
1560 2361 1631 2419 sicut
1646 2378 1717 2435 aqua

62 2453 89 2509 in
103 2453 204 2510 labore
218 2466 348 2507 manuum
362 2452 508 2507 diluantur.
525 2452 570 2508 Sic
584 2448 672 2509 8¹0
686 2460 714 2508 et
727 2467 777 2524 per
790 2467 864 2508 som-
915 2445 1062 2518 exstinguit
1074 2447 1177 2518 ignem,
1188 2449 1227 2503 sic
1242 2447 1389 2522 exstinguit
1400 2449 1508 2521 peccati
1517 2451 1717 2523 concupiscen-

62 2540 216 2597 nolentiam
230 2547 384 2610 ceteraque
401 2540 521 2596 noctium
537 2546 565 2595 et
578 2542 753 2596 tenebrarum
767 2555 862 2612 opera,
916 2534 997 2602 tiam;
1015 2535 1065 2592 sed
1079 2534 1102 2590 is
1126 2535 1244 2592 maxime
1267 2552 1328 2593 cum
1348 2537 1383 2592 ad
1403 2553 1511 2595 ornnem
1538 2541 1716 2598 tentationem

63 2629 149 2686 multa
163 2628 342 2701 deliquimus;
357 2627 421 2684 ideo
435 2643 544 2700 quoque
563 2637 659 2700 quarta
681 2626 777 2699 hydria
792 2628 864 2702 vigi·
916 2622 1006 2680 statim
1021 2624 1149 2690 occurrit,
1161 2640 1196 2680 ne
1206 2624 1276 2681 lorte
1286 2625 1425 2698 contingat
1435 2627 1575 2686 emitterre
1589 2629 1714 2702 gratiam,

63 2718 161 2773 herum
186 2718 361 2775 observantia
384 2717 504 2790 ponitur,
520 2723 551 2773 ut
570 2726 652 2773 nocte
670 2726 815 2789 surgentes
828 2718 864 2773 ad
915 2719 946 2766 ut
959 2710 1011 2766 sihi
1026 2710 1172 2768 derelictus
1187 2714 1268 2768 homo
1290 2713 1398 2770 labatur
1418 2716 1538 2787 quotidie
1552 2715 1587 2774 de
1606 2717 1717 2773 maloin

64 2805 254 2865 confitendum
277 2806 402 2876 Domino
425 2819 480 2862 non
503 2805 590 2861 bonas
616 2814 711 2861 noctes
735 2806 864 2876 praeteriti
916 2801 1006 2870 peius,
1031 2799 1066 2854 de
1093 2809 1205 2871 peccato
1234 2801 1332 2858 minori
1355 2802 1383 2858 in
1410 2803 1563 2875 graviorem
1594 2806 1716 2877 culpam;

65 2895 199 2968 temporis
226 2894 402 2950 redimamus.
428 2894 488 2948 tam
515 2908 581 2951 vero
613 2892 648 2950 de
679 2893 772 2969 lingua
804 2894 864 2967 quis
917 2887 1013 2959 quales
1026 2886 1233 2960 utiquemultos
1246 2890 1370 2946 videmus
1383 2907 1445 2947 cum
1459 2894 1486 2948 in
1501 2893 1630 2966 sordibus
1642 2903 1717 2967 sunt,

64 2985 182 3050 ιιειειει,
198 2997 280 3056 qnam
294 2982 408 3038 multum
423 2981 607 3054 inquinaverit
620 2997 671 3038 nos
690 2998 740 3054 per
760 2983 864 3039 vanilo·
917 2974 1108 3032 sordescentes
1127 2977 1229 3056 adhnc.
1248 2978 1316 3032 Nam
1340 2979 1469 3036 adversus
1488 2981 1613 3039 timorem
1634 2982 1718 3039 istum

64 3071 129 3145 qnia
152 3079 183 3128 et
203 3069 357 3139 mendacia,
382 3085 433 3142 per
453 3071 621 3126 detrationes
640 3078 669 3125 et
682 3071 863 3142 adulationes,
918 3079 974 3120 non
988 3071 1031 3120 εει
1044 3065 1117 3119 unde
1141 3063 1193 3120 sihi
1211 3063 1365 3120 blandiatur
1387 3067 1478 3121 anima
1498 3068 1556 3124 sive
1570 3069 1606 3124 de
1620 3069 1718 3126 minori

63 3174 115 3234 per
127 3160 216 3217 verbs
228 3159 336 3216 malintae
350 3161 378 3216 er
392 3160 477 3216 verba
488 3158 647 3230 japsanriaer
657 3159 708 3216 Ρη)
719 3160 760 3216 his
774 3161 865 3217 omni.
919 3152 989 3208 lorte
1003 3152 1153 3224 quantitate
1170 3152 1284 3223 peccati,
1300 3152 1357 3210 sive
1367 3152 1402 3210 de
1416 3154 1606 3214 emendatione
1616 3155 1717 3214 futura.

64 3249 118 3307 hus
131 3248 292 3306 necessaria
304 3255 346 3304 est
360 3247 456 3319 hydria
478 3248 583 3321 quinta.
600 3247 736 3304 silentium
752 3248 864 3318 scilicet,
918 3239 1027 3296 Talibus
1041 3238 1114 3296 enim
1128 3239 1322 3296 blandimentis
1343 3241 1528 3314 impediuntur
1548 3244 1719 3318 aliquatenus

66 3347 160 3395 ειειοε
188 3336 341 3408 religionis,
363 3344 393 3393 ει
415 3336 443 3392 in
465 3353 520 3409 quo
545 3343 588 3393 εει
609 3336 738 3394 fortitudo
762 3345 865 3393 nostra.
918 3329 973 3386 duo
987 3328 1074 3401 prima
1087 3342 1192 3400 genera
1210 3328 1323 3386 amous.
1340 3328 1465 3401 Praecipit
1481 3346 1549 3404 ergo
1570 3334 1648 3390 nobis
1661 3334 1717 3390 Do·

66 3425 152 3483 Sexta
166 3439 278 3499 quoque
292 3423 391 3495 hydria
404 3425 550 3497 disciplina
564 3433 615 3496 εει,
632 3442 685 3498 qua
705 3442 759 3484 non
773 3435 868 3482 nostro
920 3418 1020 3486 minus,
1034 3423 1065 3472 ¹11
1079 3417 1130 3474 ¹¹⁸⁰
1148 3430 1220 3488 aqua
1242 3418 1353 3490 hildim
1375 3418 1547 3490 impleamus·
1564 3420 1633 3479 Sunt
1646 3422 1719 3479 enim

67 3514 193 3580 arbitrio,
215 3515 265 3570 sed
286 3514 375 3571 aliem
398 3514 523 3585 ιίιίιιιιιε,
545 3521 575 3569 ιιι
594 3514 718 3571 deleatur
737 3513 868 3587 quidquid
919 3506 1065 3581 aliquando
1086 3522 1188 3576 vaouae,
1218 3516 1246 3564 et
1274 3507 1363 3579 plena
1384 3516 1478 3581 vento,
1498 3508 1522 3565 si
1545 3511 1606 3583 quis
1628 3519 1720 3569 tamen

67 3602 270 3675 indisciplinate
296 3603 414 3661 vivendo
446 3602 620 3675 deliquimus.
653 3603 773 3675 Lapides
806 3610 869 3660 sunt
920 3596 990 3652 adeo
1009 3595 1120 3652 insanus
1134 3603 1177 3651 est
1190 3605 1219 3652 ut
1233 3595 1261 3651 in
1276 3611 1310 3653 eo
1320 3614 1371 3669 per
1383 3598 1509 3656 vanitatis
1522 3600 1640 3655 studium
1655 3600 1720 3672 illae,
1779 3641 1784 3653 .

68 3694 139 3761 hec,
155 3692 226 3748 dura
239 3699 314 3762 sunt,
335 3692 385 3748 sed
400 3706 514 3748 neeesse
529 3692 662 3748 hahemus
674 3692 703 3747 in
718 3693 760 3749 his
772 3693 868 3759 lavari,
921 3699 990 3757 quas
1017 3683 1200 3756 praediximus,
1229 3685 1409 3743 observantiae
1433 3686 1560 3745 mercede
1587 3696 1720 3761 perpetua

67 3782 122 3839 uisi
135 3782 210 3840 forre
229 3780 354 3839 volumus
375 3781 460 3855 [attae
473 3781 648 3854 voluerimus]
660 3789 774 3854 propser
787 3782 869 3838 roedi.
921 3778 1080 3841 vacuentur,
1096 3780 1125 3828 nt
1139 3780 1202 3829 sunt
1223 3773 1305 3831 fatuae
1318 3774 1448 3850 virgines,
1464 3774 1494 3832 in
1517 3791 1633 3847 quarum
1648 3777 1722 3835 vasis

69 3874 140 3928 tates
162 3878 273 3928 nostras
289 3885 305 3925 a
320 3869 437 3927 Domino
458 3870 584 3945 accipere
607 3868 728 3926 libellum
752 3870 868 3942 repudii.
921 3860 1013 3918 oleum
1022 3876 1078 3918 non
1091 3861 1210 3918 habetur
1221 3863 1331 3931 (llatth.
1345 3877 1416 3928 xxv,
1427 3865 1465 3934 o).
1480 3864 1621 3920 interdurn
1629 3874 1721 3923 autem

68 3965 201 4018 tuamen
223 3960 252 4015 in
275 3975 310 4016 eo
330 3958 405 4032 quod
428 3959 556 4017 dicuntur
574 3959 700 4032 lapideae,
714 3975 770 4017 non
782 3959 870 4017 solum
922 3951 1006 4024 (quod
1016 3952 1097 4023 pejus
1105 3952 1157 4021 est)
1168 3951 1257 4022 plena
1267 3951 1378 4024 quidem
1388 3960 1460 4021 sunt,
1473 3953 1522 4008 sed
1536 3953 1625 4027 plenae
1639 3972 1722 4016 vene·

70 4049 182 4118 amna,
196 4048 246 4106 seo
258 4049 344 4107 mulo
368 4048 466 4105 metius
489 4048 611 4104 solidas
632 4056 724 4121 potest
737 4049 868 4124 ιιιειιιςῑ,
923 4054 969 4106 no,
999 4041 1071 4112 quoe
1099 4047 1142 4096 est
1169 4039 1280 4107 invidia.
1309 4058 1441 4109 nunnus,
1467 4045 1722 4117 fescenninis

71 4138 203 4211 quoniam
215 4151 271 4194 non
294 4135 387 4194 luvam
403 4138 471 4206 hene,
488 4137 540 4192 nisi
553 4135 632 4192 firma
644 4136 794 4193 stabilitate
808 4154 872 4209 per.
924 4129 1065 4186 detractio.
1081 4130 1229 4202 Propterea
1252 4145 1287 4186 ne
1311 4129 1381 4187 sorte
1407 4131 1562 4189 subintrant
1579 4132 1641 4202 ista,
1657 4133 1721 4190 dum

70 4225 233 4283 manserint.
599 4235 602 4241 ’
923 4219 1015 4275 vinnm
1039 4217 1127 4283 deest,
1160 4218 1288 4289 jubemur
1311 4218 1427 4290 implere
1449 4220 1561 4293 hydrias
1587 4237 1666 4293 aqua,
1693 4233 1723 4279 ut

106 4320 134 4373 8.
141 4313 189 4371 Ait
201 4328 270 4387 ergo
279 4313 411 4371 Dominus
420 4312 453 4368 ad
464 4311 620 4369 ministros:
633 4315 750 4387 implete
759 4314 872 4388 hydrius
889 4308 1104 4427 nubserventur
1117 4305 1245 4360 mandata
1267 4304 1376 4362 Domini
1398 4305 1427 4361 in
1452 4308 1567 4377 timore3
1583 4324 1643 4381 quc
1657 4314 1722 4366 tunc

62 4420 159 4478 ‚epm
173 4400 245 4472 Quid
266 4401 320 4458 sihi
341 4402 414 4458 istud
435 4400 503 4468 vrdr,
516 4401 655 4460 Domine?
669 4404 783 4462 ministri
796 4405 871 4461 sont.
924 4402 1044 4452 mutatur
1056 4394 1084 4449 in
1098 4393 1201 4459 vinum,
1215 4408 1277 4449 cum
1296 4393 1376 4449 timor
1390 4395 1535 4467 expellitur
1550 4412 1566 4452 a
1579 4398 1721 4469 charitate,

71 4493 196 4552 elusum
204 4491 302 4550 devini
310 4490 435 4563 peuuna,
446 4499 475 4547 et
488 4498 516 4547 tu
528 4491 613 4548 dicis:
630 4495 744 4566 lmptete
758 4493 872 4568 hydriae
925 4493 953 4541 et
966 4482 1112 4554 implentur
1129 4480 1220 4539 omnia
1237 4481 1345 4539 fervore
1367 4482 1478 4554 spiritus
1492 4494 1520 4542 et
1536 4486 1656 4557 incunda
1668 4487 1721 4542 de-

71 4598 158 4656 nque.
173 4579 216 4636 Dli
230 4580 265 4637 de
275 4579 381 4651 poculis
394 4578 523 4652 cogitant,
536 4588 566 4636 et
580 4588 608 4635 tu
622 4582 748 4653 praecipis
762 4589 793 4641 ut
806 4599 872 4640 vasa
924 4573 1033 4632 votione
1045 4574 1114 4645 (tt).

69 4669 270 4744 parificatum
293 4668 435 4740 impleant.
451 4668 497 4726 Sic
516 4669 638 4743 omnino,
661 4670 702 4728 sio
724 4672 871 4745 suspiranti

709 4907 750 4974 ΙΝ
774 4904 1083 4975 sarthluaslttn.

391 5024 511 5084 SERth
532 5027 554 5084 1.
924 5042 987 5099 ιιιιι,
1002 5030 1048 5100 ti)
1064 5025 1160 5083 811.
1175 5027 1323 5097 Propterea
1332 5024 1404 5081 euim
1413 5040 1461 5082 vos
1474 5024 1594 5084 libenter
1607 5028 1719 5097 auditis,

107 5123 136 5178 l.
151 5116 254 5191 itaqua
262 5115 328 5172 inihi
341 5115 491 5172 maculatio
505 5123 559 5188 εει,
569 5114 871 5186 tratresmei,inverbo
925 5119 989 5191 quia
1003 5133 1037 5173 ex
1051 5116 1108 5175 Deo
1123 5115 1198 5172 estis.
1214 5115 1271 5171 Nec
1284 5111 1381 5188 ignoro
1395 5113 1468 5188 quod
1477 5113 1531 5173 alio
1540 5115 1570 5172 ln
1582 5116 1642 5176 loco
1656 5119 1721 5175 dicit

68 5208 117 5268 illo
128 5207 252 5277 matini,
265 5207 320 5276 Qui
333 5221 370 5264 ec
384 5205 438 5263 Deo
452 5210 504 5276 ert,
520 5204 603 5265 verta
616 5205 667 5262 Dei
680 5205 762 5264 eadit
776 5208 870 5279 (tono.
925 5206 1081 5279 Scriptura:
1098 5209 1142 5265 De
1155 5207 1226 5278 ipro,
1249 5208 1279 5265 et
1299 5220 1351 5280 per
1373 5205 1479 5279 ipsum,
1493 5210 1522 5264 et
1533 5207 1566 5263 in
1579 5207 1640 5280 ipro
1652 5211 1722 5266 sant

105 5387 170 5460 (tt)
195 5384 303 5443 conier-
310 5361 465 5455 sermonem
479 5388 515 5442 aa
529 5384 564 5441 de
583 5383 715 5457 Diversis,
731 5385 778 5440 uhi
791 5385 890 5450 eodem
908 5384 966 5449 tere
985 5385 1066 5442 modo
1081 5385 1185 5456 hydria
1206 5384 1264 5441 istae
1288 5383 1425 5442 moraliter
1438 5384 1619 5460 explicentur,
1635 5393 1663 5443 et
1685 5386 1720 5445 de

71 5467 201 5517 metram
214 5472 371 5515 sermonem
386 5461 431 5516 57.
683 5507 684 5512 ,
1084 5506 1088 5512 .
1151 5515 1154 5521 ,
1369 5510 1373 5518 ,
1488 5480 1490 5484 ⁴
