3734 5948
117 215 139 278 ll
848 211 1033 282 Pautalia:
1726 213 1760 274 te
1778 220 1782 225 '

115 340 255 400 marsitas
268 341 365 414 aliqua
378 341 499 398 trabeam
511 339 664 398 seminabat
679 356 762 410 super
774 354 870 397 omnes
884 357 978 413 aquus,
995 337 1102 413 publice
1119 347 1146 397 et
1157 341 1281 414 priuatim
1296 342 1462 399 annuntians
1476 345 1591 401 verbum
1602 343 1662 400 Dei.
1680 343 1758 412 Quod

115 443 191 489 mn
204 431 307 502 ipsum
320 445 356 488 ex
370 429 499 486 mandato
514 428 612 485 summi
625 425 761 500 pontilicis
779 428 925 495 acdtabat:
945 430 980 485 ad
996 437 1090 487 nutum
1107 446 1216 504 quoque
1240 430 1385 503 praesulum
1398 441 1570 500 caeterorum,
1603 433 1761 506 ubicunque

115 536 197 579 aarum
211 521 343 592 aliquem
357 519 535 591 confingebat
548 518 658 575 adame.
674 538 686 568 ι
699 516 771 587 Quid
786 517 814 573 in
829 518 953 590 partibus
969 519 1140 576 Germanicis
1153 536 1215 577 cum
1238 521 1440 593 expeditionem
1458 539 1563 581 sacram
1584 523 1761 596 praecipiente

116 609 232 684 Ειςειιίο
247 610 337 667 tertio
352 608 515 681 publicaret,
530 606 583 679 ipsi
597 606 751 681 contigerit,
776 606 873 664 eodem
888 607 957 665 libro
972 607 1046 665 idem
1059 608 1208 665 Gaufridus
1220 610 1310 677 tradit,
1327 626 1356 666 n.
1367 614 1398 666 7:
1417 632 1428 663 ι
1447 612 1498 669 ltel
1512 621 1541 669 et
1554 613 1596 669 tac
1607 613 1762 688 sublingua

115 704 199 770 ejus...
216 698 292 754 lude
308 707 369 755 erat
383 696 455 769 quod
468 695 639 753 Germanicis
661 695 742 751 etiam
756 695 863 768 populis
884 697 1010 769 loquens,
1034 697 1103 755 miro
1118 697 1279 754 audiebatur
1297 699 1413 768 aflectu;
1439 710 1468 757 et
1491 717 1525 757 ex
1547 718 1676 759 sermone
1689 703 1761 773 ejus,

118 803 190 859 pern
200 785 378 859 intelligere,
394 791 489 855 utpote
497 783 608 839 alterius
621 782 720 853 linguae
736 782 861 839 homines
877 799 931 839 non
946 783 1180 856 valebant,uragis
1204 801 1286 857 qnam
1300 801 1334 841 ex
1361 786 1517 857 peritissimi
1540 789 1686 860 cujuslibet
1701 798 1763 861 post

115 894 166 932 sam
180 874 331 948 loquentis
347 872 509 944 interpretis
526 871 663 928 intellecta
677 872 826 941 locutione,
844 872 973 930 aedificari
984 873 1092 930 illorum
1106 873 1383 937 devotioridebatur,
1399 884 1425 931 ct
1440 877 1587 934 verborum
1601 879 1662 947 eius
1676 877 1765 950 magis

115 966 209 1022 nure
224 965 360 1021 virtumrn
374 981 382 1018 r
398 964 476 1034 cujus
495 961 534 1018 rei
548 968 625 1018 certa
640 961 763 1032 probatio
777 961 867 1018 tunsio
881 970 1023 1033 pectorum
1039 970 1107 1029 erat,
1120 972 1147 1020 et
1159 962 1257 1019 effusio
1272 964 1480 1034 lacrymarum.»
1498 965 1576 1036 Quod
1585 969 1647 1035 ejus
1660 983 1763 1023 sermo·

115 1071 166 1112 nnn
180 1053 347 1128 intelligere
360 1051 500 1120 Germani,
521 1071 533 1102 a
551 1057 645 1122 utpote
658 1050 771 1106 alterius
783 1050 882 1124 linguae
907 1052 1042 1118 homiues,
1061 1074 1072 1102 ι
1093 1068 1148 1108 non
1163 1052 1296 1115 valerent,
1321 1052 1384 1109 inde
1403 1054 1556 1123 conficitur,
1586 1071 1648 1111 eum
1672 1056 1763 1112 nativa

74 1160 78 1168 ·
115 1159 152 1199 aru
165 1140 278 1198 Gallica
294 1140 435 1198 locutione
448 1156 527 1197 usum
536 1137 630 1195 fuisse.
647 1140 681 1193 Et
695 1137 806 1210 quidem
820 1138 959 1211 Philippus
972 1142 1121 1196 monachus
1137 1141 1165 1195 in
1182 1141 1251 1197 libro
1271 1156 1299 1196 vx
1313 1142 1355 1197 De
1375 1142 1436 1211 ejus
1450 1142 1594 1209 miraculis,
1617 1161 1693 1200 uum.
1721 1146 1767 1211 to,

113 1234 150 1296 ait,
164 1248 243 1300 eum,
261 1231 406 1288 «Romana
418 1229 520 1300 lingna,
538 1248 551 1279 ι
566 1227 594 1283 id
611 1236 655 1284 est
668 1227 780 1295 Gallica,
797 1228 869 1297 apud
884 1230 1037 1285 Germanos
1053 1227 1173 1286 locutum
1193 1229 1286 1286 luisse.
1304 1231 1482 1288 Elkehardus
1496 1231 1593 1289 lunior
1604 1232 1632 1287 in
1647 1233 1718 1290 libro
1730 1233 1766 1289 dc

113 1321 220 1378 lusibus
234 1318 400 1377 monasterii
413 1317 600 1385 Sancti-Galli,
614 1317 872 1390 agensdequodam
887 1318 978 1375 ειεειιιί
994 1318 1057 1375 noui
1073 1320 1207 1376 inonacbo
1223 1319 1376 1390 illitterato,
1394 1319 1501 1385 scribit,
1527 1320 1704 1378 latitantem«
1722 1323 1766 1378 la·

114 1411 218 1473 taliter,
233 1423 296 1479 quo
309 1407 398 1477 illum,
411 1406 458 1480 qui
469 1406 535 1463 uiuit
548 1404 730 1480 intelligebat,
744 1405 854 1472 lateret,
873 1428 884 1459 s
901 1421 1045 1480 compares
1058 1424 1122 1465 suos
1136 1408 1280 1465 elocutum
1290 1408 1382 1464 fuisse.
1398 1407 1473 1465 ldem
1485 1409 1520 1466 de
1532 1408 1640 1481 anglis,
1655 1419 1686 1465 ut
1696 1410 1766 1468 alios

113 1501 256 1563 unumne,
272 1495 440 1553 dicendum:
455 1510 569 1568 quorum
585 1494 741 1566 ingratiam
752 1493 879 1552 auredus
893 1497 993 1553 seculo
1007 1511 1049 1563 rx,
1064 1496 1201 1552 Pastorale
1215 1496 1343 1569 Gregorii
1369 1497 1457 1569 ltagni
1474 1504 1502 1554 et
1516 1497 1597 1555 neda
1618 1498 1765 1557 Historiam

113 1587 241 1645 &senice
257 1584 330 1643 uerti
344 1583 533 1642 curarit.lliuc
545 1584 643 1640 eodem
658 1593 780 1656 tempore
790 1584 931 1642 versiones
951 1585 1172 1657 Evangeliorum,
1187 1596 1216 1643 et
1225 1586 1373 1659 RegulaeS.
1388 1586 1526 1644 Benedicti
1537 1586 1565 1643 in
1575 1586 1765 1646 Germanicam

140 1765 202 1820 XV.
218 1762 281 1820 Sed
295 1761 412 1821 fortasse
426 1762 469 1818 bis
482 1761 583 1819 diutius
596 1760 782 1834 immoramur,
803 1779 882 1835 quam
898 1762 934 1819 sit
947 1778 1039 1836 operar
1053 1764 1191 1835 pretium;
1219 1780 1270 1821 nec
1293 1771 1384 1821 tamen
1399 1780 1450 1822 nos
1463 1764 1588 1835 poenitet,
1606 1766 1716 1838 quaudo
1737 1765 1764 1822 id

112 1852 291 1927 apostolicm
306 1850 461 1909 sanctiani
474 1850 645 1908 commendat
659 1850 747 1907 zelum
766 1860 794 1907 et
808 1850 939 1909 officium.
953 1854 1038 1910 Porro
1049 1852 1076 1907 in
1091 1852 1267 1911 concionibus
1282 1853 1347 1924 suis,
1363 1860 1481 1910 testante
1507 1851 1641 1912 Goufrido
1658 1854 1686 1910 in
1705 1854 1765 1912 loco

112 1959 168 1999 nox
186 1941 317 2009 laudato,
334 1959 348 1993 a
362 1940 492 1998 utebatur
500 1954 568 1995 sane
580 1938 729 2011 Scripturis
747 1938 896 1996 tamlibere
911 1941 1119 2014 commodeque,
1135 1949 1165 1998 ut
1180 1957 1233 1998 nou
1249 1949 1302 1997 ιιιιι
1315 1942 1394 2015 sequi
1417 1943 1486 2009 illas,
1508 1959 1589 2015 quam
1604 1943 1765 2015 praecedere

110 2031 282 2099 cederetur,
298 2037 329 2087 et
340 2029 443 2085 ducere
458 2028 518 2100 ipse
532 2043 588 2100 quo
601 2027 692 2095 veliet,
712 2037 852 2086 auctorem
862 2044 957 2085 earum
971 2031 1068 2086 ducem
1082 2029 1215 2101 Spiritum
1230 2047 1362 2104 sequens.

141 2119 217 2176 xvt.
232 2119 299 2175 lam
314 2132 381 2174 aero
396 2135 457 2191 quas
472 2116 588 2174 maxime
598 2117 659 2175 vitae
676 2117 809 2190 religiosa
831 2118 961 2191 principia
977 2135 1010 2175 ex
1024 2119 1108 2175 sacris
1127 2119 1224 2176 litteris
1242 2120 1271 2175 in
1303 2121 1359 2176 suis
1381 2120 1415 2175 ad
1435 2120 1582 2175 monachos
1592 2118 1765 2175 sermonibus

109 2207 245 2266 bedam
261 2207 378 2279 soleret,
393 2223 450 2264 non
463 2207 497 2262 ab
512 2223 543 2264 re
557 2206 608 2263 erit
622 2206 761 2279 paulisper
775 2208 960 2266 considerare.
974 2209 1064 2265 Unum
1080 2225 1113 2265 cx
1128 2208 1270 2281 praecipuis
1285 2216 1337 2277 est,
1348 2225 1381 2265 ex
1404 2206 1540 2280 apostolo,
1556 2215 1585 2264 ut
1609 2224 1640 2264 se
1664 2207 1694 2263 iu
1710 2209 1763 2265 boc

110 2297 207 2354 seculo
222 2296 394 2369 peregrinos
407 2302 577 2367 reputarent,
599 2297 678 2364 cuius
701 2295 741 2352 rei
764 2304 954 2368 argumentum
972 2297 1146 2367 suppeditant
1160 2297 1219 2353 loca
1233 2299 1306 2352 duo:
1323 2313 1393 2354 unus
1406 2297 1482 2352 locus
1504 2313 1537 2353 ex
1554 2311 1682 2354 sermone
1698 2302 1710 2352 ι
1726 2297 1764 2357 de

108 2385 277 2460 Epiphania,
297 2401 373 2441 num.
396 2389 423 2454 t,
443 2385 559 2456 «Super
577 2383 620 2440 his
633 2383 733 2455 sapius
747 2400 796 2442 vos
814 2384 964 2442 admonere
978 2399 1115 2450 curamus,
1139 2390 1168 2440 ut
1192 2401 1330 2458 nunquam
1355 2397 1447 2442 menta
1461 2383 1578 2451 excidat,
1599 2385 1763 2459 peregrinos

109 2490 245 2544 imeae,
263 2473 348 2544 longe
362 2474 450 2531 factos
463 2489 480 2528 a
493 2471 591 2544 patria,
611 2472 704 2545 pulsos
718 2473 888 2530 lxaereditate.
904 2472 1034 2545 Quisquis
1051 2474 1124 2530 euim
1134 2473 1329 2531 desolationem
1346 2489 1401 2530 nou
1415 2474 1498 2539 nouit,
1524 2490 1577 2530 nec
1601 2473 1764 2531 consolatio·

110 2580 165 2621 nen
175 2577 341 2636 agnoscere
355 2570 456 2634 potest.
470 2560 599 2634 Quisquis
612 2561 825 2618 consolationem
841 2561 952 2634 ignom
965 2578 1025 2618 esse
1046 2563 1239 2632 necessariam,
1263 2569 1389 2634 superest
1406 2571 1437 2618 ut
1452 2578 1507 2619 non
1522 2563 1623 2619 babeat
1635 2563 1686 2620 Dei
1699 2579 1764 2636 gra-

110 2654 177 2708 tiam.
197 2650 299 2709 ‚ulter
315 2651 389 2708 locus
399 2662 443 2708 est
458 2651 486 2706 iu
499 2665 626 2707 sermone
640 2653 658 2707 ‘l
671 2650 706 2706 de
720 2650 946 2727 Quadragesima,
963 2667 1037 2708 num.
1056 2656 1068 2708 t
1083 2671 1089 2707 :
1109 2675 1120 2703 ι
1146 2651 1251 2709 Felices
1266 2653 1312 2725 qui
1335 2668 1365 2708 se
1382 2652 1512 2725 presenti
1527 2654 1627 2709 saecrdo
1642 2669 1762 2725 nequam

111 2742 225 2798 mamas
240 2748 272 2799 et
286 2739 452 2812 peregrinos
466 2739 604 2805 exhibent,
620 2738 806 2796 immaculatos
820 2755 851 2798 se
864 2740 1049 2797 custodientes
1063 2741 1098 2796 ab
1113 2757 1156 2805 eo,
1175 2761 1187 2792 ι
1204 2749 1259 2798 etc.

139 2831 227 2887 xvtt.
235 2830 363 2886 Alterum
376 2827 507 2885 Bernardi
530 2828 642 2886 effatum
656 2831 741 2898 erat„
755 2830 783 2883 id
797 2829 826 2885 in
842 2829 936 2901 primis
949 2830 1081 2901 expedire
1101 2831 1252 2895 monacbis,
1268 2832 1322 2886 imo
1336 2831 1461 2886 omuibus
1484 2832 1518 2886 ad
1546 2831 1674 2889 uirtutem
1694 2846 1763 2887 con·

112 2920 300 2984 tendentibus,
315 2926 355 2987 ut,
362 2917 479 2989 apostoli
493 2917 628 2989 exemplo,
639 2917 750 2989 praeteri
756 2926 845 2974 torum
857 2917 943 2988 obliti,
953 2919 987 2973 ad
999 2919 1137 2975 anteriora
1149 2936 1180 2975 se
1189 2920 1348 2975 extendant.
1364 2940 1376 2971 ι
1388 2921 1472 2976 Ροιιο
1482 2920 1621 2993 ριοιεειιε
1630 2927 1735 2988 nostor,
1749 2942 1761 2970 ι

111 3009 140 3063 ιιι
151 3023 292 3068 sermone
302 3010 318 3062 ι
328 3007 356 3063 in
371 3005 575 3077 Puritlcationc,
593 3022 668 3063 num.
683 3011 710 3072 3,
728 3027 739 3058 a
761 3006 789 3062 in
805 3023 839 3065 eo
853 3007 987 3074 consistit,
1003 3014 1033 3063 ut
1047 3009 1145 3080 saepius
1161 3025 1204 3065 me
1219 3008 1321 3064 diruisse
1336 3008 1460 3077 memini,
1480 3018 1509 3064 ut
1532 3024 1671 3082 nunquam
1690 3009 1765 3065 arbi·

112 3108 209 3155 ιιειιιιιι·
222 3112 279 3154 ιιοε
299 3096 539 3169 apprehendissc3
555 3096 604 3152 sed
617 3111 726 3168 semper
740 3098 921 3154 extendamur
935 3097 969 3153 ad
983 3096 1130 3166 anteriora,
1155 3097 1323 3154 incessanter
1337 3114 1469 3154 conemur
1484 3098 1511 3152 in
1530 3097 1635 3163 melius,
1656 3106 1684 3152 et
1706 3097 1761 3152 im·

111 3187 265 3259 perfectum
282 3193 408 3243 nostrum
422 3184 519 3242 diuinae
533 3184 725 3242 misericordiae
740 3184 881 3242 obtutibus
888 3185 991 3261 jugiter
1005 3201 1183 3257 exponamus.
1200 3208 1212 3238 s
1230 3187 1333 3242 Eadem
1353 3193 1395 3242 cst
1409 3188 1545 3241 sententia
1564 3186 1592 3240 in
1602 3201 1729 3242 sermone
1746 3189 1762 3241 t

109 3275 292 3348 iapsalmuur
307 3290 352 3342 xc,
367 3291 444 3331 unm.
461 3279 497 3337 3;
515 3296 528 3324 ι
545 3274 582 3329 Et
596 3275 656 3330 haec
669 3284 712 3331 cst
726 3273 819 3347 utique
834 3290 934 3348 magua
948 3275 1034 3332 virtus
1048 3282 1076 3332 et
1090 3290 1194 3331 summa
1210 3275 1353 3342 securitas,
1367 3275 1476 3348 quando
1491 3282 1519 3330 et
1532 3275 1576 3346 pie
1587 3272 1665 3344 vivis,
1676 3281 1704 3330 et
1718 3282 1760 3330 ta·

110 3381 165 3422 nen
180 3365 249 3437 plus
261 3364 383 3420 attendis
397 3379 458 3436 quae
472 3364 571 3420 desunt
586 3363 633 3419 tibi
641 3379 723 3435 quam
738 3381 799 3436 quae
813 3363 964 3421 obtinuisse
980 3363 1093 3435 videris,
1108 3365 1209 3421 oblitus
1223 3381 1284 3436 quae
1299 3371 1374 3420 retro
1394 3371 1467 3428 sunt,
1483 3363 1682 3435 etJextendaus
1697 3364 1760 3420 teia

109 3454 258 3512 mteriora.
277 3473 291 3505 ι
307 3453 395 3509 Διιιιιε
411 3461 455 3509 εει
467 3451 651 3524 quodibidam
666 3452 776 3526 legitur,
792 3453 903 3509 multum
914 3453 1049 3511 interesse
1064 3454 1099 3509 ad
1114 3453 1323 3525 perlectionem,
1339 3462 1369 3510 ut
1383 3469 1443 3520 nos,
1459 3469 1520 3510 cum
1536 3468 1632 3511 omnes
1643 3452 1757 3526 religio·

110 3547 144 3600 nis
156 3554 188 3601 et
201 3542 292 3600 officii
305 3543 393 3600 nostri
409 3551 504 3614 partes
516 3541 728 3614 impleverimus,
744 3556 839 3600 servos
852 3542 963 3600 inutiles
973 3543 1169 3614 profiteamur:
1183 3543 1256 3617 quod
1272 3542 1344 3600 idem
1358 3552 1400 3599 est
1415 3550 1498 3615 atquc
1512 3541 1679 3599 anteriorum
1694 3557 1760 3598 esse

108 3635 310 3690 inmemorem.
631 3703 635 3712 ι

138 3722 244 3779 xvttt.
259 3719 383 3777 Tertium
397 3707 504 3776 axioma
521 3729 573 3785 est,
590 3729 620 3776 ut
631 3735 741 3792 semper
756 3719 908 3787 timeamus,
916 3735 952 3776 ne
966 3718 1094 3777 videlicet
1109 3735 1126 3775 a
1139 3719 1226 3794 gratia
1241 3735 1292 3776 uos
1304 3720 1433 3777 excidero
1445 3719 1594 3794 contingat.
1606 3739 1619 3771 ι
1634 3720 1702 3775 Tota
1715 3718 1760 3773 iu·

106 3813 181 3869 terim
197 3809 344 3867 beatitudo
358 3816 452 3865 nostra
466 3817 519 3875 est,
538 3830 550 3861 ι
565 3809 654 3882 inquit
668 3824 795 3865 sermone
809 3812 826 3864 ιι
841 3809 876 3864 de
890 3809 1016 3865 omnibus
1031 3809 1148 3876 Sanctis,
1164 3825 1239 3867 num.
1256 3813 1283 3877 3,
1296 3829 1310 3861 a
1326 3809 1424 3864 timere
1435 3810 1531 3865 Deum.
1548 3827 1562 3861 a
1578 3809 1613 3863 Et
1626 3822 1756 3864 sermone

108 3907 116 3957 t
133 3909 199 3974 post
213 3907 342 3957 oetaeum
351 3898 518 3970 tipiplrauiae,
536 3914 610 3954 num.
632 3902 659 3969 b,
674 3896 817 3969 praemisse
832 3897 968 3970 duplicem
979 3914 1040 3954 esse
1054 3897 1190 3954 timorem.
1208 3919 1219 3949 ι
1250 3913 1285 3954 ne
1305 3898 1376 3954 forte
1392 3897 1462 3953 trudi
1480 3897 1507 3952 in
1526 3897 1693 3970 gehennam,
1721 3911 1757 3951 ne

107 3992 173 4047 torte
187 3990 227 4044 ab
240 3995 346 4045 aeterna
361 3987 416 4043 uita
425 3987 566 4058 contingat
580 3987 697 4058 excludi,
716 4008 728 4037 ι
743 3986 856 4043 subdit:
876 4007 888 4038 ι
903 3987 1005 4043 Bonum
1016 3994 1059 4042 est
1073 3986 1205 4041 adbibere
1220 3994 1247 4042 et
1262 3986 1385 4054 tertium,
1397 3985 1443 4060 qui
1458 3985 1552 4059 utique
1573 3985 1758 4056 spiritualibus

105 4091 184 4136 notus
199 4085 282 4135 est...
297 4076 405 4132 liment
423 4076 497 4132 enim
507 4077 554 4148 qui
569 4084 705 4133 noverunt
718 4074 883 4148 spiritualem
898 4076 998 4140 cibum,
1014 4091 1049 4130 ne
1069 4075 1178 4147 quando
1192 4075 1262 4130 forte
1282 4075 1442 4132 fraudentur
1456 4091 1500 4132 eo.
1526 4075 1592 4131 Cibo
1621 4073 1756 4147 siquidem

106 4169 172 4226 forte
188 4166 333 4239 egentqui
349 4181 459 4221 manum
472 4164 606 4223 miserunt
619 4165 655 4221 ad
674 4164 789 4220 fortia...
806 4165 870 4220 llaec
885 4170 926 4220 est
942 4171 1054 4220 metreta
1071 4163 1160 4230 tertia,
1177 4179 1258 4235 quam
1273 4165 1324 4220 sub
1339 4165 1519 4235 disjunctione
1541 4164 1683 4236 signanter
1709 4178 1759 4235 po·

105 4259 167 4321 snit,
185 4272 222 4313 eo
241 4255 318 4327 quod
328 4253 514 4327 nordomnium
527 4253 580 4309 sit:
597 4253 661 4326 quia
676 4269 728 4310 nec
742 4252 868 4309 omuibus
876 4252 1032 4323 centuplum
1048 4253 1306 4324 repromissum,sed
1319 4252 1384 4309 solis
1396 4253 1442 4325 qui
1452 4253 1729 4324 omniaretiquerunt.
1743 4273 1757 4304 s

104 4347 212 4402 Tertius
223 4344 278 4400 iste
301 4342 391 4407 timor,
412 4341 490 4398 addit
509 4358 636 4400 sermone
652 4343 790 4415 sequenti,
810 4358 837 4398 n.
862 4346 888 4408 8,
917 4346 943 4408 9,
971 4342 1088 4414 «replet
1115 4342 1233 4397 animem
1256 4342 1331 4398 orani
1358 4342 1539 4399 sollicitudine
1563 4342 1694 4410 timidam,
1723 4357 1757 4398 nc

104 4436 167 4492 lorti
177 4435 355 4491 deseratnra
368 4430 489 4504 gratia...
503 4447 539 4487 ne
555 4430 626 4489 forte
638 4431 779 4502 contingat
793 4431 917 4487 amittere
935 4430 1061 4503 gratiam,
1078 4436 1108 4487 ut
1125 4430 1177 4486 sibi
1191 4430 1337 4487 derelictus
1351 4431 1431 4488 bomo
1446 4432 1553 4487 labatur
1581 4429 1703 4504 quotidie
1722 4431 1757 4487 de

106 4523 218 4581 maloin
231 4523 326 4595 pejus,
341 4520 376 4578 de
395 4529 509 4594 peccato
524 4521 621 4577 minori
635 4521 663 4576 iu
676 4521 830 4594 graviorem
848 4520 973 4591 culpam:
993 4541 1004 4571 ι
1021 4521 1084 4576 llaec
1098 4519 1177 4575 latius
1191 4520 1362 4591 persequitur
1378 4536 1505 4578 sermone
1530 4523 1565 4577 bi
1581 4520 1608 4576 in
1632 4519 1755 4582 Cantica,

104 4630 181 4669 num.
198 4617 227 4682 9,
243 4610 466 4668 ubinaecverbs:
482 4611 533 4666 «ln
548 4609 663 4666 veritate
677 4609 819 4680 didici,nil
838 4625 916 4681 reque
933 4608 1030 4666 efficax
1045 4625 1107 4666 esse
1125 4609 1159 4663 ad
1182 4608 1299 4681 gratiam
1321 4610 1543 4682 promerendam,
1569 4607 1751 4675 retinendae,

103 4700 335 4774 recuperandam,
350 4699 470 4772 quamsi
484 4699 556 4757 omni
577 4706 700 4770 tempore
714 4714 805 4755 coram
820 4700 878 4756 lico
892 4699 1039 4757 inveniaris
1055 4714 1109 4755 non
1124 4698 1208 4754 altum
1221 4713 1331 4770 sapere,
1346 4700 1395 4755 sed
1411 4700 1516 4755 timere.
1535 4718 1548 4749 ι

137 4791 219 4850 xlx.
235 4789 284 4847 liis
298 4788 430 4846 bernardi
444 4788 536 4847 effatis
549 4795 676 4861 quartum
690 4787 793 4846 addere
806 4787 877 4851 licet,
891 4789 928 4844 ab
940 4786 1000 4861 ipso
1010 4803 1177 4860 magnopere
1192 4803 1224 4844 ac
1239 4787 1388 4860 sepissime
1407 4786 1641 4855 commendatum,
1655 4801 1756 4856 nempe

103 4890 132 4938 ut
145 4879 252 4953 ingrati
263 4878 294 4935 in
307 4879 396 4936 Deum
414 4876 497 4935 animi
513 4878 605 4936 vidum
619 4884 678 4935 toto
694 4878 787 4935 animo
802 4877 978 4953 effugientes,
993 4885 1086 4950 gratos
1096 4893 1177 4950 quam
1190 4878 1305 4934 maxime
1320 4895 1350 4934 se
1365 4885 1495 4949 prestare
1510 4881 1636 4950 satagam
1651 4875 1667 4931 ii
1686 4891 1757 4947 quos

103 4973 179 5029 Deus
192 4966 313 5026 eseenli
327 4967 481 5024 turbinibus
509 4968 612 5025 eduxit.
629 4968 747 5042 Exponit
760 4968 787 5023 id
810 4966 963 5039 argumenti
983 4967 1011 5021 in
1028 4981 1154 5023 sermone
1182 4968 1302 5025 secundo
1317 4967 1351 5023 de
1370 4974 1475 5037 septem
1499 4964 1692 5022 misericordiis
1704 4980 1755 5036 pro

101 5059 248 5118 Dominica
261 5065 340 5114 sexta
353 5065 417 5129 post
431 5058 622 5126 Pentecosten,
637 5058 684 5113 ubi
698 5057 736 5114 ait
749 5074 777 5114 n.
795 5063 830 5115 ιι
849 5078 861 5109 ι
876 5056 993 5128 Oportet
1011 5055 1125 5128 proinde
1141 5064 1248 5132 gratum
1262 5072 1324 5112 esse
1348 5056 1485 5112 bominem
1508 5061 1536 5112 et
1550 5055 1688 5121 devotum,
1704 5051 1752 5124 qui

104 5158 240 5222 percepta
253 5147 351 5220 grana
365 5162 480 5204 munera
495 5163 549 5205 non
568 5147 650 5204 nrodo
663 5162 776 5204 manere
790 5148 842 5204 sibi
857 5147 1006 5215 desiderat,
1022 5146 1071 5203 sed
1086 5155 1112 5201 et
1125 5144 1332 5216 multiplicari...
1348 5143 1402 5200 sed
1417 5161 1467 5201 nos
1481 5146 1606 5209 maxime,
1628 5159 1697 5215 quos
1711 5157 1757 5197 se·

100 5239 231 5312 gregavit
241 5236 303 5303 sibi,
321 5244 350 5293 et
364 5237 508 5309 assumpsit
521 5237 555 5292 ad
570 5236 745 5294 serviendum
759 5238 810 5293 sibi
825 5238 885 5302 soli,
904 5259 917 5286 s
933 5243 986 5293 etc.
1003 5235 1070 5291 Illud
1086 5235 1174 5305 ipsum
1189 5241 1270 5305 urget
1280 5235 1306 5289 in
1321 5250 1447 5292 sermone
1465 5237 1498 5291 27
1513 5236 1553 5290 De
1569 5232 1692 5297 dirersis,
1709 5230 1755 5302 qui

101 5337 143 5384 est
166 5327 300 5385 «Contra
313 5327 460 5398 pessimum
471 5327 565 5384 vitium
589 5326 827 5402 ingratitudinis»
846 5321 976 5383 interulis
991 5326 1027 5380 ita
1042 5325 1166 5381 scribens
1181 5340 1256 5379 num.
1271 5328 1305 5379 o:
1334 5324 1448 5394 «Quam
1470 5323 1569 5379 multos
1589 5320 1661 5377 euim
1677 5319 1755 5376 vide·

100 5428 205 5475 musct
218 5415 374 5488 plangimus
393 5415 502 5483 iratres,
517 5417 564 5489 qui
587 5415 734 5473 dummodo
760 5423 870 5496 maneat
897 5415 1006 5470 habitus
1025 5422 1052 5470 et
1076 5421 1198 5484 tonsura,
1222 5411 1297 5470 salva
1319 5413 1370 5469 sibi
1389 5414 1479 5471 omnia
1500 5410 1683 5468 arbitrantur:
1700 5423 1754 5464 uon

101 5507 315 5564 considerantes
328 5505 432 5572 miseri,
449 5505 678 5579 quemadmodum
693 5505 894 5583 ingratitudinis
912 5506 1013 5561 aerinis
1039 5503 1169 5559 interiora
1191 5503 1352 5568 corrodens,
1375 5503 1411 5561 ob
1431 5504 1481 5560 boc
1506 5507 1610 5558 mutum
1624 5498 1752 5556 corticem
