3734 5948
183 223 237 284 815
643 216 671 275 S.
693 211 861 276 sanatam
879 210 1018 273 hBBthS
1048 211 1358 279 calamitatensls
1776 219 1831 279 sla

504 339 620 397 senato
637 340 687 396 [Χ.
996 350 1021 431 Α
1037 346 1162 394 catemm
1178 341 1251 412 quod
1266 341 1293 396 iu
1308 339 1351 397 his
1364 339 1489 397 omnibus
1503 347 1559 407 est,
1576 346 1661 397 imum
1676 349 1785 398 constat
1799 342 1833 401 de

184 458 224 514 De
237 453 368 511 uberibus
381 449 486 523 sponsi,
502 447 532 504 id
546 453 589 505 est
609 447 723 513 Christi,
744 461 863 519 quoram
889 459 981 499 unum
1036 428 1240 494 consuetudine,
1264 429 1298 485 de
1321 429 1464 485 dulcedine
1489 429 1566 487 nibil.
1582 427 1650 497 Quid
1674 429 1737 499 nisi,
1752 431 1831 500 juxta

220 524 469 594 esticnponimitcs
480 516 979 591 respectcndipeccctores,·cltemsm,
1032 517 1201 588 prophetam,
1216 519 1308 574 vitata
1324 519 1459 591 Ephraim
1472 533 1533 574 sum
1547 517 1627 575 docte
1642 519 1761 592 diligere
1776 523 1830 577 tri·

218 596 375 667 b&minimi
385 609 435 650 ⁸⁶¹⁴
445 592 573 664 filiium
583 605 628 647 0⁰⁸
642 589 808 662 “diffindi
1034 605 1240 676 turomiidsee
1254 621 1284 673 x,
1301 609 1358 677 ii).
1374 606 1496 678 Denique
1508 606 1535 662 iu
1551 608 1702 680 Evangelio
1715 609 1762 682 qui
1777 609 1830 666 boc

219 706 244 758 i.
272 700 438 758 Accedamus
454 698 509 769 jam
523 695 556 752 ad
574 695 684 758 librum.
709 693 854 767 verbisque
870 706 977 763 sponsa
1031 693 1119 748 solum
1143 695 1216 763 quod
1238 692 1329 751 iacere
1352 694 1442 760 dehet,
1459 695 1532 759 tacit,
1551 710 1646 752 servm
1663 696 1766 753 inutilis
1785 714 1830 756 re·

181 793 312 849 rationem
333 790 430 846 demus
457 794 484 843 et
503 784 732 857 consequentiam.
752 784 874 841 Pendeat
893 782 975 846 enim,
1030 791 1141 852 putatur
1161 782 1238 853 (hnc.
1253 798 1324 849 xvir,
1350 783 1406 854 lb).
1426 784 1550 840 Mandata
1570 784 1661 840 ioman
1687 794 1828 860 utcunque

180 889 208 940 et
231 887 367 953 praerupta
390 884 484 933 numnt
498 876 600 948 absque
614 873 758 946 principio.
779 873 894 943 Ideoque
910 885 977 940 prae·
1030 867 1167 935 adimpleo
1180 887 1187 939 ;
1202 871 1250 925 sed
1262 870 1351 925 anima
1370 885 1433 927 mea
1454 871 1523 927 sicut
1545 876 1614 928 terra
1634 871 1693 927 sine
1711 888 1784 944 aqua
1798 877 1828 933 iu

180 970 340 1028 mittendum
377 965 420 1023 cui
448 972 630 1037 competenter
658 963 819 1018 coliaereaut.
842 960 977 1016 Panaenus
1029 957 1092 1016 illis.
1109 959 1143 1014 Ut
1156 958 1434 1030 igitnrholocsuslum
1448 976 1535 1016 meum
1547 960 1645 1035 pingue
1658 959 1705 1017 iiat
1719 980 1727 1017 :
1743 964 1828 1022 Osca·

179 1057 293 1130 preiude
307 1057 382 1125 istos,
398 1067 468 1127 quos
482 1051 578 1124 sponsi
590 1048 696 1106 sodales
709 1048 837 1118 diximus,
852 1045 977 1104 visitandi
1031 1047 1107 1104 letor
1121 1064 1175 1113 me.
1189 1063 1293 1120 quaeso,
1309 1051 1403 1106 ascuto
1417 1051 1474 1109 oris
1487 1051 1538 1108 sci.

179 1145 369 1218 salutandique
404 1142 500 1217 gratia,
527 1140 598 1196 sicut
623 1138 681 1194 heri
714 1146 740 1194 el
771 1134 975 1204 nudiustertius,
1066 1137 1092 1189 3.
1113 1135 1236 1208 Plerique
1254 1145 1373 1193 vestrum
1393 1137 1460 1192 milri
1473 1153 1597 1210 quoque,
1612 1146 1644 1195 ut
1656 1140 1783 1212 memini,
1797 1141 1826 1197 in

178 1235 325 1292 accessisse
344 1247 417 1290 nnnc
430 1245 540 1303 quoque
552 1228 742 1300 adsponsam3
758 1226 898 1299 ipsumque
912 1227 976 1281 suh·
1030 1223 1141 1293 privatis
1160 1223 1376 1281 coniessionihus
1400 1224 1456 1281 suis
1477 1225 1608 1297 conqueri
1630 1225 1719 1282 solent
1741 1244 1827 1299 super

177 1328 389 1379 murmurantem
404 1327 432 1375 et
441 1319 584 1376 sedentem
593 1316 738 1388 reperisse,
754 1314 846 1369 mirari
855 1327 975 1379 causam,
1029 1311 1216 1381 huiuscemodi
1238 1311 1352 1370 ¹28⁹
1364 1313 1448 1369 animi
1470 1314 1572 1371 arentis
1596 1315 1725 1389 languore
1744 1325 1827 1392 atquc

177 1421 205 1470 et
218 1411 295 1484 quusi
308 1408 407 1481 alloqui
420 1407 448 1462 iu
462 1409 534 1463 hunc
547 1406 668 1462 modurn.
684 1402 755 1472 Quid
774 1402 840 1459 novi
856 1400 975 1458 accidit?
1028 1400 1190 1457 hebetudine
1216 1401 1325 1458 stolida
1346 1403 1454 1472 mentis,
1476 1402 1550 1477 quod
1572 1403 1624 1460 Ilei
1646 1406 1750 1462 scilicet
1771 1408 1827 1464 alta

176 1501 240 1574 quid
257 1507 284 1555 te
302 1498 438 1555 cernimus
461 1494 542 1550 solito
570 1492 734 1550 tristiorem?
754 1506 815 1563 quae
841 1489 971 1561 inopinati
1027 1495 1107 1562 atque
1120 1489 1228 1546 subtilia
1242 1498 1383 1563 penetrare
1396 1497 1541 1563 nequeunt,
1557 1492 1630 1564 quod
1643 1492 1678 1550 de
1692 1496 1825 1552 suaaimte

176 1587 322 1644 murmuris
336 1584 441 1640 causa?
454 1584 535 1639 Certe
547 1597 609 1637 cnm
632 1597 727 1638 aversa
746 1587 774 1635 et
788 1579 900 1635 alienata
914 1577 969 1633 ires
1025 1579 1137 1650 spiritus
1150 1587 1197 1635 aut
1218 1580 1267 1652 nil,
1284 1591 1330 1637 aut
1351 1597 1444 1651 parum
1468 1581 1592 1638 sentiant.
1607 1579 1678 1651 Quid
1699 1582 1756 1656 isti,
1773 1582 1825 1641 nisi

177 1684 238 1751 post
265 1683 399 1732 amatores
420 1682 492 1738 tuos,
523 1685 584 1726 cum
611 1669 710 1742 quibus
736 1668 807 1724 male
829 1677 886 1725 erat
909 1666 967 1731 tibi,
983 1621 1006 1701 Β
1024 1666 1059 1722 sd
1078 1668 1201 1724 osculum
1232 1668 1371 1743 suspirant
1394 1670 1490 1740 (ltili
1512 1669 1654 1742 Suspirant
1681 1671 1774 1746 plana,
1798 1683 1825 1731 et

176 1765 313 1837 compulsa
332 1761 440 1820 taudem
474 1758 575 1815 reverti
590 1758 623 1813 ad
643 1756 729 1814 virum
752 1755 971 1828 immaniorem,
1026 1754 1130 1813 inhiant
1149 1755 1257 1827 spiritui
1284 1756 1422 1828 sapientiae
1443 1766 1470 1813 et
1486 1758 1655 1817 intellectus:
1672 1759 1825 1818 intellectus

176 1869 265 1911 noune
289 1861 318 1908 ut
337 1850 431 1905 saltem
459 1846 604 1904 merereris
629 1853 740 1919 tangere
768 1847 860 1917 pedes,
882 1842 974 1900 multis
1026 1843 1121 1917 utique
1137 1846 1373 1917 quopertingant;
1389 1845 1540 1917 sapientiae,
1552 1847 1614 1920 quis
1628 1856 1740 1921 gustent
1753 1851 1823 1923 quod

175 1942 300 2015 precibus
318 1945 345 1997 et
368 1938 478 1994 fletibus
491 1935 632 1992 institisti?
644 1933 862 2006 llecolo,inquit.
878 1932 973 2002 Quid?
1027 1932 1161 1991 intellectu
1180 1933 1420 2007 apprehenderint.
1441 1933 1498 2009 Ego
1518 1936 1545 1992 iu
1569 1936 1620 1993 hon
1644 1939 1704 2010 ipso
1723 1939 1823 1998 attactu

175 2032 292 2089 Obtento
320 2043 363 2097 eo,
390 2027 525 2099 simulque
553 2030 662 2095 accepta
684 2024 713 2078 in
748 2023 843 2078 osculo
875 2020 973 2092 pedum
1027 2034 1148 2078 sanctum
1164 2033 1229 2095 puto
1243 2039 1336 2080 orasse
1349 2025 1593 2096 Prophetam,cum
1603 2025 1704 2083 diceret
1720 2045 1728 2083 a
1745 2029 1824 2088 Siertt

170 2117 340 2191 indulgentia
354 2116 389 2172 de
417 2113 541 2184 eliensis,
556 2112 677 2186 nunquid
699 2126 754 2167 non
786 2125 882 2166 rursus
905 2109 975 2166 iacta
1027 2110 1152 2183 adipsci
1171 2112 1345 2185 pinuquedine
1367 2113 1625 2186 replenturcuimo
1640 2133 1715 2187 mee,
1731 2123 1760 2175 et
1780 2118 1821 2174 la-

174 2207 328 2278 impatiens,
348 2213 376 2259 et
392 2211 465 2260 taum
478 2218 649 2274 nequaquam
663 2199 821 2274 dignatione
835 2206 971 2266 contenta,
1027 2199 1079 2255 hiis
1091 2202 1293 2258 exstinctionis
1309 2200 1438 2257 laudubit
1452 2216 1482 2258 os
1496 2219 1591 2260 meum
1602 2204 1690 2275 (Psoi.
1706 2220 1773 2273 unu,
1784 2208 1820 2278 b).

174 2297 224 2352 sed
242 2295 354 2366 majoris
369 2292 557 2350 iamiliaritatis
575 2291 684 2364 cupida,
698 2290 847 2348 secundam
860 2303 970 2371 quoque
1025 2286 1157 2345 Osculum
1171 2290 1282 2346 omnino
1297 2293 1414 2362 petebat,
1429 2299 1455 2346 et
1470 2290 1537 2348 illud
1552 2294 1686 2366 osculum,
1702 2295 1731 2349 in
1747 2296 1821 2365 cujus

173 2384 461 2461 gratiameademqua
478 2382 553 2453 prins
576 2380 702 2436 instantia
721 2379 862 2451 postulasti
882 2378 971 2435 etim·
1027 2384 1098 2434 tactu
1125 2378 1241 2449 perfusis
1269 2380 1346 2435 labiis
1374 2380 1536 2452 pinguedine
1567 2383 1661 2454 gratiae
1694 2383 1820 2456 specialis

173 2473 294 2546 patrasti,
308 2472 345 2528 ita
359 2480 390 2529 ut
403 2472 430 2527 in
459 2471 552 2528 osculo
575 2486 672 2526 manus
686 2470 783 2540 adepta
802 2467 841 2524 sis
858 2466 973 2525 virtutes
1027 2465 1121 2540 latius,
1143 2468 1310 2542 spiritudini,
1326 2478 1484 2542 sequeretur
1503 2470 1576 2542 quod
1593 2472 1657 2527 alibi
1677 2472 1749 2529 idem
1764 2464 1820 2546 ipse

173 2578 228 2620 non
243 2576 354 2635 paneas,
370 2549 397 2616 et
412 2574 466 2617 nou
489 2559 606 2631 parvas?
625 2559 687 2615 Non
710 2556 838 2621 diititeor,
863 2556 911 2611 cit.
940 2557 973 2611 Et
1027 2564 1150 2626 precatur
1170 2573 1178 2612 s
1197 2558 1348 2630 repleatur
1372 2574 1402 2615 os
1424 2575 1521 2617 mecm
1546 2560 1638 2627 luade.
1656 2567 1691 2618 nt
1709 2566 1820 2620 conum

173 2651 227 2706 illi:
251 2648 395 2706 Enimvero
418 2663 484 2703 nuru
514 2654 542 2701 tu
560 2661 591 2701 as
602 2661 664 2717 qnae
680 2644 778 2718 *jurare
803 2647 831 2700 et
844 2642 972 2699 obtestari
1026 2648 1145 2720 pierium
1162 2654 1254 2715 taem,
1266 2653 1323 2706 tota
1338 2650 1383 2707 die
1396 2648 1629 2722 magnitudinem
1641 2653 1818 2730 tnom(i’sel.

172 2738 289 2802 solebas,
318 2736 342 2791 si
372 2750 489 2807 uuquam
514 2734 547 2789 ad
562 2734 684 2790 osculum
714 2745 809 2788 munus
830 2729 972 2802 pervenire
1026 2749 1092 2805 axx,
1113 2736 1154 2807 8).
1174 2738 1293 2809 Denique
1313 2746 1339 2794 et
1360 2737 1490 2795 eructavit
1509 2739 1553 2795 ubi
1567 2741 1713 2812 ¹gustavit:
1733 2743 1820 2810 Quum

172 2829 291 2888 daretur,
319 2825 445 2883 suiiicerc
470 2825 527 2893 jam
546 2823 612 2895 tibi;
641 2823 678 2878 nil
694 2828 720 2878 te
738 2821 883 2878 decaetero
899 2818 972 2890 peti·
1026 2842 1130 2898 magno
1152 2824 1308 2883 multitudo
1331 2827 1489 2884 dulcedinis
1503 2833 1571 2900 tute,
1589 2831 1716 2897 Domine,
1736 2847 1820 2904 quum

172 2917 278 2973 inmun?
306 2917 375 2990 ligo.
391 2913 464 2986 Quid
480 2911 686 2987 igitur?.1⁴'orte
700 2911 799 2966 horum
811 2924 872 2981 quae
886 2924 966 2965 coee-
980 2893 1008 2976 ῧ
1023 2914 1194 2972 abscondisti
1206 2915 1371 2973 timentibus
1387 2922 1414 2973 te
1428 2917 1515 2987 (Psoi.
1529 2933 1601 2986 xxx,
1616 2922 1673 2990 ab).
1689 2919 1760 2975 Satis
1772 2921 1822 2976 hoc

172 3021 253 3079 peras
274 3003 410 3078 quidpiam
430 3002 547 3058 ablatum
562 2999 737 3057 causaberis?
751 2997 835 3053 Nihil.
850 3000 892 3052 hu
905 3011 969 3053 vero
1023 3004 1142 3062 naculum
1167 3002 1284 3060 detinuit
1305 3018 1366 3075 nos,
1382 3013 1410 3059 aa
1431 3006 1547 3062 necdum
1567 3023 1611 3065 me
1630 3008 1706 3072 illud,
1724 3017 1754 3065 up
1772 3025 1823 3067 ve.

171 3094 254 3151 times
271 3091 415 3164 repetitum
441 3090 484 3155 iri,
504 3087 577 3161 quod
592 3087 688 3144 libide
715 3086 784 3143 mala
797 3093 843 3143 tua
856 3084 969 3158 pristina
1023 3108 1081 3150 rum
1106 3091 1202 3158 interr,
1231 3090 1313 3164 digne
1339 3091 1406 3146 satis
1432 3091 1600 3162 expressisse
1626 3093 1744 3153 confido,
1769 3097 1823 3154 Sed

172 3189 378 3240 convenatrene
392 3177 526 3234 indultum
542 3176 769 3249 praesumpseras?
783 3175 855 3230 Non.
1024 3188 1191 3236 transeamus
1215 3176 1249 3233 ad
1267 3177 1384 3251 reliqua;
1400 3177 1463 3250 quis
1487 3178 1515 3233 id
1536 3177 1631 3234 melius
1645 3179 1823 3253 impressum,

209 3275 237 3326 2.
251 3271 312 3343 hge
333 3277 436 3332 amen,
449 3264 493 3320 dic
507 3264 578 3320 unde
590 3278 725 3336 queamus
739 3261 893 3318 satisiacere
907 3259 967 3316 tibi.
1023 3283 1102 3342 qnam
1116 3281 1273 3338 expressum
1289 3265 1446 3323 innotescis,

170 3357 365 3428 Nonrquiesco,
380 3354 427 3421 ait,
443 3352 496 3409 nisi
510 3352 711 3420 osculaturum
725 3349 821 3407 osculo
835 3347 890 3404 oris
916 3347 968 3406 sui.
1059 3359 1085 3412 t.
1101 3354 1229 3427 sequitur
1244 3373 1250 3413 :
1271 3356 1343 3424 Qnic
1356 3357 1475 3414 meliora
1488 3359 1557 3413 sunt
1575 3358 1660 3415 seberc
1675 3362 1725 3414 tuo
1743 3361 1821 3430 aino,

172 3445 280 3504 Gratias
293 3444 328 3500 de
338 3442 433 3499 osculo
446 3441 559 3514 pedum,
581 3439 680 3513 gmtias
693 3447 721 3495 et
744 3437 777 3493 ds
791 3452 904 3504 manus3
919 3437 968 3492 sed
1023 3445 1187 3519 spumantia
1200 3446 1356 3516 unquentis
1370 3447 1485 3518 optimis
1497 3445 1593 3518 (Cant.
1604 3462 1623 3511 ι,
1636 3451 1662 3517 l,
1671 3447 1710 3517 i).
1720 3448 1754 3503 Et
1766 3451 1823 3506 hae

171 3536 196 3593 si
210 3551 275 3593 cura
288 3531 378 3590 estilii
392 3531 448 3588 ulla
462 3531 496 3588 de
510 3545 562 3596 me,
580 3529 731 3587 osculetur
740 3544 786 3584 me
805 3527 899 3584 osculo
912 3527 970 3583 oris
1023 3536 1105 3589 verba
1122 3533 1201 3603 cujus
1223 3532 1293 3603 sint,
1312 3541 1408 3590 auctor
1431 3549 1486 3591 non
1510 3535 1639 3607 loquitur,
1661 3537 1821 3611 relinquens

172 3628 218 3682 Μ’
231 3625 328 3694 (cent.
340 3638 361 3691 ¹,
378 3622 417 3691 ¹)-
433 3619 493 3676 N⁰¹¹
506 3635 566 3674 ³¹¹¹ss
581 3618 696 3689 ingrata,
707 3617 754 3672 ”d
770 3630 842 3671 ΜΗΘ·
858 3613 968 3683 Assoellis
1024 3624 1105 3680 nobis
1120 3623 1205 3682 libere
1226 3625 1415 3696 commentari,
1436 3624 1482 3681 cui
1504 3625 1674 3697 potissimum
1698 3642 1820 3697 persone

173 3717 269 3782 saiwis
285 3709 390 3768 mesni?
414 3708 528 3780 Ρθῑῑθΐθι
553 3705 601 3762 ⁸⁰d
617 3702 968 3778 Pf⁰i⁸l¹⁵5¹1s0ii⁰ili⁰25h
1024 3712 1193 3771 conveniant.
1203 3712 1269 3769 hlihi
1283 3728 1347 3770 nero
1362 3727 1416 3769 non
1427 3714 1593 3780 deest‚unde
1609 3713 1652 3769 illa
1665 3730 1816 3790 congrues·

172 3801 315 3860 Dfl‘ildetio
342 3801 423 3869 feror,
440 3815 495 3855 non
508 3796 624 3854 talione.
639 3797 690 3865 Ne,
705 3809 808 3867 quaeso,
824 3790 972 3848 causemini
1025 3810 1068 3859 ιρι·
1081 3802 1217 3876 assignem
1238 3800 1296 3861 sige
1314 3817 1438 3874 sponsae,
1457 3803 1517 3858 give
1538 3816 1639 3873 sponso
1646 3845 1655 3870 e
1670 3802 1730 3861 sige
1742 3803 1819 3861 etim

173 3887 422 3962 presumptionem,
439 3885 487 3941 ubi
500 3884 611 3942 allectio
629 3890 718 3954 urget.
736 3880 826 3937 Pudor
839 3895 905 3937 saue
922 3895 970 3948 re·¹
1025 3891 1119 3962 ,panai
1140 3890 1287 3946 sodalibus,
1304 3889 1338 3943 Er
1360 3891 1478 3960 primum
1499 3904 1607 3961 sponsae
1630 3892 1821 3963 quamq-0011.

174 3978 287 4047 elamat,
310 3975 359 4032 seu
373 3983 484 4046 supera
501 3988 587 4030 amer.
603 3974 659 4029 nee
672 3971 779 4045 ignoro,
794 3970 868 4042 quen
883 3971 972 4025 nonor
1025 3978 1410 4058 grurnt‚tnuscaso.1ntenn
1434 3978 1669 4037 consubstantians
1690 3979 1735 4036 rua
1748 3982 1822 4053 paa-

173 4064 485 4141 regisjttditiumdiligit
498 4064 584 4136 (Pasti
599 4076 699 4128 tellus
716 4062 762 4133 i);
777 4061 826 4116 ⁸01¹
848 4074 972 4132 praeceps
1027 4080 1068 4126 ter
1087 4074 1168 4138 utque
1189 4064 1257 4135 illis,
1281 4064 1394 4121 accessit
1415 4064 1489 4136 ipse,
1507 4066 1542 4121 de
1566 4082 1619 4140 qno
1641 4082 1732 4125 sermo
1754 4076 1822 4124 erat·

174 4169 251 4212 amor
264 4169 314 4210 nee
325 4152 459 4224 judicium
470 4150 649 4225 prestolatur,
669 4163 721 4204 ¹100
735 4147 856 4204 consilio.
865 4153 964 4218 tempe·
986 4169 1010 4249 n
1026 4156 1124 4228 titique
1137 4155 1225 4210 libens
1238 4153 1381 4226 appropiat
1394 4153 1430 4210 de
1440 4171 1470 4210 se
1484 4156 1666 4228 loquentibus.
1679 4157 1727 4214 Sic
1741 4159 1822 4214 solet.

175 4252 257 4311 ratur,
275 4257 326 4299 nec
338 4243 444 4314 pudore
466 4241 595 4303 trenetur,
616 4251 667 4293 nec
689 4235 788 4290 radoni
815 4234 970 4303 subjicitur,
1025 4244 1070 4300 Sic
1093 4243 1220 4298 euntibus
1234 4242 1260 4296 in
1275 4243 1413 4312 Emmaus,
1432 4253 1459 4299 et
1478 4245 1679 4302 conterentibus
1696 4245 1769 4302 inter
1783 4260 1822 4308 se,

175 4323 969 4405 R080,⁸¹1pl11100‚fltttlwe⁰⁸⁶¹⁴l⁶i¹irmt⁰⁸⁶¹⁶l⁰0milli·
1023 4331 1173 4403 jucundum
1196 4347 1227 4387 aa
1251 4329 1450 4404 facundumque
1470 4333 1591 4390 exhibuit
1605 4333 1730 4391 comitem
1745 4335 1821 4406 (Lac.

175 4422 227 4477 En.
246 4420 331 4496 gratia
352 4420 437 4489 ipsius
454 4414 548 4471 multis
560 4411 616 4480 iam
644 4409 722 4465 anni?
736 4418 808 4466 caste
830 4409 973 4481 waietlue
1025 4434 1098 4486 xxiv,
1115 4420 1170 4484 ¹5)-
1187 4421 1290 4491 Nempe
1304 4421 1356 4476 hoc
1370 4425 1495 4493 estquod
1508 4423 1534 4477 in
1550 4422 1698 4495 Evangelio
1713 4424 1824 4495 poltice-

174 4509 265 4568 tivere
297 4522 373 4574 cura,
401 4502 508 4562 lectioni
524 4500 628 4566 insisto,
645 4498 740 4557 resisto
758 4499 839 4569 uitiis,
858 4498 971 4554 orationi
1026 4520 1087 4567 pur:
1107 4509 1153 4568 [pet
1167 4510 1222 4568 apo
1238 4511 1282 4569 vet
1298 4514 1356 4569 tres
1369 4514 1531 4584 congregati
1542 4513 1694 4585 scematis
1709 4515 1824 4572 nomine

176 4597 305 4656 incumbo
320 4595 488 4667 frequentem
515 4591 598 4665 vigilo
612 4598 706 4647 contra
736 4590 914 4660 tentationes,
928 4605 973 4645 re·
1025 4615 1098 4666 meo,
1114 4614 1161 4672 ⁰9⁰
1174 4615 1238 4656 eum
1252 4601 1283 4657 m
1297 4601 1408 4658 medam
1425 4617 1522 4658 eoram
1542 4603 1650 4671 (pappa,
1661 4617 1747 4671 mu,
1764 4602 1822 4675 20„

177 4689 269 4764 cogito
283 4699 370 4742 annos
382 4697 457 4738 meos
471 4682 499 4736 in
513 4679 692 4738 amaritudine
704 4678 800 4736 ammae
814 4694 892 4736 meae.
908 4678 973 4736 Sine
1025 4693 1109 4756 etper
1117 4686 1274 4757 prophetam
1284 4702 1290 4738 :
1301 4686 1524 4758 Anteqccmmit,
1534 4687 1668 4754 clement,
1678 4703 1726 4760 epo
1736 4704 1825 4747 excu-

177 4775 289 4848 qnereia
303 4785 345 4827 me
370 4768 512 4834 arbritror,
532 4775 663 4840 quantum
684 4769 714 4823 in
732 4783 776 4824 me
789 4777 841 4838 est,
856 4782 973 4823 conver·
1027 4772 1259 4840 emmeramum
1270 4774 1613 4847 mammarumque,
1623 4795 1632 4831 ,·
1643 4779 1825 4836 gaggam

179 4863 235 4921 sari
256 4863 326 4918 inter
340 4857 446 4928 iratres,
460 4856 647 4929 superioribus
669 4855 846 4927 potestatibus
867 4856 974 4911 subdita
1029 4861 1107 4931 (lsai.
1122 4875 1186 4926 aas,
1203 4861 1259 4932 ih).
1274 4861 1313 4918 lta
1326 4877 1391 4936 ergo
1410 4878 1481 4919 nunc
1494 4879 1548 4918 uon
1561 4874 1670 4922 uocatus
1684 4864 1786 4936 adiuit,
1800 4875 1826 4923 et

197 4968 262 5019 um,
291 4946 437 5023 egrediens
462 4954 491 5002 et
512 4944 669 5017 regrediens
695 4944 729 4999 ad
755 4943 900 5016 imperium
928 4961 976 5001 sc·
1028 4949 1177 5007 delectatus
1195 4951 1286 5006 verbis
1312 4951 1442 5023 prevenit
1470 4967 1575 5024 preces.
1598 4953 1725 5012 Arbitror
1752 4955 1825 5030 quod

179 5040 274 5100 uioris.
291 5037 388 5093 Aliena
405 5051 460 5092 nou
472 5034 567 5105 cupio;
591 5048 650 5090 mea
662 5033 752 5105 potius
766 5042 792 5090 et
807 5051 850 5092 me
875 5035 977 5106 pariter
1030 5038 1161 5096 interdum
1185 5055 1236 5096 nec
1253 5041 1333 5096 rerba
1347 5049 1492 5111 exspectat,
1507 5043 1555 5099 sed
1569 5042 1634 5101 solis
1651 5046 1824 5119 cogitationi·

179 5131 254 5190 dedi.
274 5130 305 5184 ln
319 5131 418 5184 sudore
432 5125 520 5183 vultus
535 5122 717 5182 meicomedo
739 5140 840 5198 panem
866 5138 977 5182 meum:
1030 5129 1083 5185 bus
1103 5130 1257 5188 advocetur.
1278 5127 1399 5199 Denique
1419 5128 1456 5185 nit
1477 5130 1558 5186 homo
1577 5130 1623 5202 qui
1640 5131 1767 5190 inuentus
1787 5141 1830 5190 est

163 5258 166 5265 '
216 5254 292 5333 (liii)
319 5252 362 5310 Sic
377 5249 546 5322 ipsiusmodi
560 5249 671 5323 privatis
698 5248 914 5310 coniessionihus
934 5268 979 5309 rc·
1031 5255 1137 5321 sioues,
1150 5269 1212 5327 quae
1224 5265 1225 5269 ’
1238 5251 1338 5309 fiebant
1359 5252 1387 5306 in
1414 5252 1491 5310 cellis
1513 5254 1638 5329 privatim
1657 5272 1827 5346 communes,

169 5330 304 5386 -aelrnant
343 5324 416 5396 ipsas
443 5322 539 5406 etiam·
553 5322 753 5450 negligentias,¹
771 5323 864 5406 quales
896 5332 976 5382 accit
1028 5342 1090 5398 qnae
1108 5326 1143 5381 ab
1163 5325 1289 5383 omnibus
1312 5323 1412 5380 debant
1436 5324 1552 5401 singulis
1572 5328 1702 5401 sabbatis,
1720 5340 1827 5391 taneta

181 5399 334 5457 heruardus
348 5397 375 5450 in
394 5407 519 5450 samone
532 5409 560 5449 ιιι
573 5395 608 5451 de
644 5397 842 5462 insumemus,
857 5409 933 5454 aum.
947 5399 975 5465 5,
1029 5398 1164 5470 passim.
1179 5395 1278 5455 Conim
1292 5395 1340 5452 lib.
1357 5398 1370 5450 i
1386 5396 1421 5453 de
1430 5397 1490 5454 Vita
1501 5396 1672 5471 saturandi,
1687 5417 1766 5467 unm.
1781 5407 1825 5465 28.

167 5470 284 5540 ,Guigm
300 5465 447 5523 Carthasim
462 5465 538 5520 Prior
553 5465 586 5529 ll,
601 5466 720 5535 privsms
737 5466 853 5536 appellat
866 5466 977 5523 conies-
