3734 5948
71 92 136 173 ὦ

690 108 869 172 santulus
881 105 926 170 ΒΕ
943 111 1105 175 hithhals.

1676 122 1743 197 osu,

71 230 127 311 egat
141 196 204 305 ιιι,
218 237 357 295 nomam
371 242 413 298 cat
427 238 454 309 (f
467 240 527 304 Gor.
545 251 585 304 tr,
602 239 628 303 l,
644 240 672 305 3,
687 237 723 308 il.
739 237 770 293 ln
783 236 881 310 quibus
894 252 1008 333 statutt,
1024 240 1064 314 l).
1085 241 1165 299 Hanc
1185 241 1317 314 triplicem
1340 243 1456 314 gradum
1477 243 1627 317 deploravit
1644 245 1729 303 David

71 316 171 387 verbis
194 326 311 383 nomnda
335 335 397 381 sunt
425 327 475 382 tria
496 325 607 394 judicia,
628 329 784 394 humanum,
799 342 878 383 snum

10 412 24 495 ἔξ
71 416 213 492 cujusque
224 414 376 488 proprium,
386 415 550 472 etdirinum.
562 417 594 470 Et
609 417 755 471 humanum
768 414 877 489 quidem

10 498 18 579 ζ
72 504 170 578 potest
189 505 314 576 judicare
329 503 363 558 de
380 505 460 559 rebus
474 503 661 571 exterioribus,
678 520 739 576 quae
753 503 878 562 sensibus

10 592 15 663 J
72 592 203 666 corporis
219 591 420 666 percipiuntnr;
435 593 468 648 de
482 592 654 649 interioribus
667 607 732 649 uero
746 607 802 648 nou
825 607 877 663 po·

74 684 144 740 icat.
158 682 227 739 ilinc
240 681 313 738 enim
327 683 457 754 scriptum
473 697 514 738 est
531 698 536 736 :
556 683 621 752 Quis
635 683 712 740 enim
725 685 778 740 seit
787 683 877 738 hemf-

10 812 14 841 ·‚
73 745 881 846 aramquesuatfrontinianisispirifuspatesf‘iaeofss

10 844 16 907 .²
77 862 144 939 Cor.
156 874 187 930 ιι,
200 860 255 929 lll.
270 857 443 931 Quapropter
457 860 491 915 de
505 860 547 914 his
563 876 623 932 quae
638 869 702 916 sunt
715 860 743 915 iu
757 859 875 928 homine,

73 957 167 1029 potest
183 951 312 1020 iudicare
338 948 451 1019 spiritns
473 948 591 1003 hominis
616 948 662 1020 qni
685 950 712 1004 in
734 948 795 1022 ipso
816 956 876 1017 est;

10 1036 14 1109 ζ’
75 1038 162 1112 longe
184 1051 250 1094 vero
269 1039 443 1109 praestantius
466 1036 501 1092 de
520 1037 562 1093 his
586 1036 652 1106 ipsis
668 1036 775 1107 judicat
791 1038 875 1107 Deus,

10 1186 15 1203 ‚
76 1118 285 1198 cujusnecdnm
294 1142 324 1182 se
334 1124 592 1196 fateturtlpostolns
602 1125 721 1183 evasisse
729 1126 875 1195 judicium,

10 1218 15 1269 ’;
74 1213 126 1289 qui
134 1225 222 1272 mmen
232 1216 290 1286 jam
301 1216 447 1271 humanum
457 1215 676 1280 transcendisset,
687 1224 714 1270 et
726 1215 875 1286 proprium.

10 1322 17 1385 ζ
75 1303 164 1360 Porro
188 1303 336 1359 humanum
363 1301 551 1359 contemnebat
578 1303 625 1375 qui
652 1302 787 1359 dicebat:
810 1305 876 1362 llihl

10 1396 18 1403 '
73 1391 174 1450 autem
180 1409 232 1466 pro
242 1393 361 1449 minimo
372 1396 416 1449 est
426 1396 459 1448 ut
472 1390 572 1448 anobis
585 1391 704 1462 judicer,
716 1396 766 1448 out
777 1391 810 1447 alr
823 1391 876 1447 lto-

76 1499 164 1541 mano
178 1483 232 1538 die.
242 1481 293 1536 Sed
309 1496 396 1553 neque
411 1479 550 1552 proprium
567 1479 678 1536 timebat
688 1480 734 1551 qui
750 1479 873 1536 dicebat:

75 1569 374 1642 Scdneqmmeiprom
382 1568 489 1638 judico.
501 1567 578 1624 Nihil
586 1567 663 1624 enim
670 1566 875 1625 mihicooscius

74 1657 253 1729 anm-Solum
268 1673 334 1729 ergo
348 1657 465 1712 restabat
480 1657 611 1722 divinum,
631 1657 664 1713 de
679 1671 733 1729 quo
747 1664 802 1714 ait:
823 1659 876 1728 Qui

73 1750 173 1804 autem
181 1745 297 1818 judicat
308 1761 362 1814 me,
372 1745 508 1801 Dominus
524 1749 576 1802 esf.

108 1846 135 1898 D.
156 1842 242 1898 Debet
256 1850 346 1899 tamen
361 1841 488 1913 quisque,
500 1850 629 1912 quantum
647 1849 745 1912 potest,
758 1857 787 1897 se
801 1842 871 1899 irro-

72 1931 285 2005 prebeusibilem
298 1930 436 1996 exhibere,
448 1930 565 2002 primurn
574 1930 684 2003 quidem
699 1944 789 1986 eoram
805 1932 871 2000 Deo,

10 2084 12 2089 ,
72 2022 118 2077 sed
135 2021 236 2077 deinde
249 2019 330 2074 eriam
346 2036 438 2076 coram
453 2020 617 2076 hominibus.
634 2019 690 2077 lloe
710 2036 809 2092 nempe
831 2028 872 2075 est

72 2110 144 2184 quod
168 2108 235 2165 alibi
258 2109 376 2180 loquitur
396 2110 465 2164 idem
480 2109 628 2179 apostolus,
645 2109 735 2165 dicens
752 2126 759 2167 :
775 2111 872 2166 Proni-

10 2216 12 2221 ·
71 2199 545 2259 horestonxnontaetomcoram
555 2197 872 2263 Deo,sedetiomeorcm

10 2326 13 2331 -
71 2285 233 2347 hominihus
251 2286 343 2358 (Rom.
369 2301 419 2343 xit.
440 2288 495 2355 17).
510 2286 607 2341 Tribus
625 2286 759 2358 siquidem
783 2287 871 2343 modis

10 2370 16 2447 s
72 2375 247 2450 providemus
270 2377 340 2431 bona
366 2390 459 2432 coram
480 2375 647 2440 bominibus,
663 2375 690 2430 id
714 2375 869 2442 esthabitu,

10 2454 12 2531 ἓ
69 2464 186 2531 actione,
202 2479 326 2521 sermone
343 2482 349 2521 :
366 2463 469 2531 habitu,
486 2480 519 2519 ne
539 2465 574 2520 sit
592 2463 732 2532 notabilis3
753 2464 869 2532 actione,

68 2570 102 2611 ne
117 2553 154 2610 sit
170 2552 409 2626 reprehensibilis;
429 2568 566 2618 sermono,
576 2567 611 2607 ne
625 2551 660 2608 sit
672 2552 868 2627 contemptibi-

66 2641 112 2715 lis.
126 2640 228 2697 Tribus
241 2639 320 2696 etiam
336 2640 425 2696 modis
439 2655 528 2696 coram
550 2642 615 2706 Deo,
631 2641 809 2713 cogltatioue,
824 2640 868 2697 af-

10 2768 12 2777 .
64 2728 180 2787 fectione
195 2737 223 2784 et
245 2727 404 2785 intentione.
420 2730 488 2784 Nam
507 2737 532 2784 et
554 2728 685 2803 cogitatio
708 2729 789 2784 debet
810 2745 871 2788 esse

932 344 964 384 ex
980 346 1095 401 persona
1112 332 1257 403 peccatoris
1271 332 1364 405 lolius,
1379 332 1488 405 Adaml,
1504 333 1598 390 dicens
1611 333 1728 392 Domino

931 420 1073 490 expellenti
1088 422 1123 476 de
1139 420 1261 492 paradiso
1274 421 1302 476 in
1317 423 1395 477 latam
1411 424 1471 492 eius
1484 421 1576 478 saeculi
1588 423 1728 496 evagatio·

931 522 1011 564 nem:
1029 510 1210 580 confirmasti
1222 527 1306 583 saper
1315 526 1489 568 memorum
1504 515 1595 568 tunm.
1611 513 1646 567 Et
1658 527 1740 586 quo·¹

931 596 1002 650 niam
1017 597 1132 653 carnalia
1147 598 1282 654 desideria
1297 607 1359 655 sunt
1373 615 1453 670 poena
1469 599 1571 671 peceati
1587 616 1594 653 τ
1611 600 1671 656 flora
1683 604 1727 658 cat

929 686 1082 742 territuria
1097 703 1281 745 carceraeac
1295 689 1370 760 faeie
1386 690 1439 744 irre
1450 690 1584 745 tamtam
1599 704 1664 745 vero
1677 705 1728 748 nec

931 771 1013 828 robur
1027 782 1068 829 est
1080 774 1210 831 rationis:
1223 777 1283 832 flora
1294 779 1336 833 esf
1346 792 1407 848 pax
1426 776 1530 833 ossibus
1546 778 1615 833 mets
1624 794 1643 833 a
1651 779 1727 849 facie

928 865 1111 933 peccatorum
1121 879 1250 922 meorum
1261 866 1349 934 (Psol.
1360 881 1463 935 xxxva,
1474 867 1501 933 3,
1514 866 1552 936 l).
1564 863 1616 933 Qui
1632 882 1726 923 rursus

930 951 1041 1006 eosdem
1056 953 1157 1027 gradus
1170 969 1203 1010 ex
1227 969 1343 1025 persona
1364 954 1430 1025 justi
1444 956 1578 1023 decantat,
1604 955 1697 1011 dicens
1715 972 1722 1014 :

932 1041 1034 1098 Memor
1055 1042 1101 1112 soi
1117 1044 1174 1107 Dei,
1192 1047 1221 1108 ct
1237 1043 1393 1099 delectatus
1415 1061 1489 1111 rum,
1507 1048 1535 1100 et
1551 1047 1724 1103 exercitatur

930 1146 992 1186 sum
1012 1130 1101 1201 (Ptol.
1119 1145 1208 1200 naxvt,
1224 1133 1263 1203 l).
1286 1133 1437 1189 Delectatus
1451 1133 1522 1188 enim
1538 1148 1586 1204 per
1600 1135 1738 1203 volunta<

931 1227 993 1284 tem,
1007 1219 1169 1277 exercitatus
1183 1237 1230 1292 per
1244 1221 1386 1278 rationem.

965 1309 991 1362 l.
1022 1307 1063 1364 Ne
1090 1323 1155 1381 ergo
1183 1325 1199 1364 a
1225 1309 1357 1365 memoria
1375 1307 1490 1379 expellat
1513 1311 1598 1366 Deum
1618 1312 1725 1367 irruens

931 1396 1006 1450 turba
1022 1396 1198 1467 plurimarum
1213 1398 1418 1470 cogitationum,
1440 1415 1500 1469 quae
1515 1400 1601 1454 solent
1614 1399 1725 1457 effluere

929 1497 1059 1560 tauquam
1067 1490 1127 1545 silis
1138 1492 1212 1561 plebs
1221 1492 1248 1546 iu
1258 1492 1366 1563 atrium,
1379 1495 1536 1561 ponaturad
1548 1495 1608 1564 ejus
1619 1498 1725 1566 portam

926 1577 1089 1648 janitor,an
1094 1595 1125 1634 us
1135 1595 1233 1636 nomen
1246 1587 1287 1635 est
1293 1579 1442 1635 recordatio
1454 1580 1569 1652 propriae
1579 1580 1725 1654 professio-

929 1666 987 1735 nis3
1000 1676 1027 1722 ut
1041 1683 1102 1722 cum
1114 1670 1303 1740 turpibussese
1317 1668 1525 1740 cogitationibus
1539 1670 1653 1726 senserit
1667 1669 1725 1725 ani·

929 1771 989 1810 mus
1003 1757 1176 1827 praegravari,
1192 1756 1314 1828 increpet
1328 1773 1367 1822 se,
1382 1756 1487 1812 etdicat
1501 1757 1571 1813 sibi:
1583 1759 1725 1815 Tnuchaec

928 1843 1010 1899 debes
1024 1844 1154 1915 cogitare,
1172 1845 1217 1917 qni
1232 1845 1361 1900 sacerdos
1376 1860 1415 1909 es,
1431 1845 1480 1917 qui
1494 1844 1608 1903 clericus
1622 1862 1662 1916 es,
1677 1847 1724 1918 qui

932 1931 1045 1989 1150
1070 1934 1218 1989 monachus
1237 1934 1290 1989 es?
1315 1932 1407 1988 Cultor
1423 1932 1533 2002 justitiae
1546 1934 1628 1990 dehet
1647 1935 1675 1988 in
1693 1952 1724 1992 se

927 2021 1073 2094 quidquam
1087 2022 1208 2095 iniquum
1223 2021 1386 2077 admitteret
1401 2023 1483 2077 Decet
1496 2037 1604 2079 serrum
1614 2021 1723 2092 Christi,

926 2118 1073 2166 amatorem
1088 2112 1146 2178 Dei,
1164 2109 1215 2167 tale
1229 2109 1331 2182 aliquid
1351 2111 1391 2166 vel
1406 2110 1439 2162 ad
1455 2108 1590 2164 modicum
1605 2110 1722 2180 medita·¹

926 2199 968 2255 rii
984 2199 1047 2254 llaec
1060 2200 1186 2263 dicendo,
1200 2197 1325 2254 excludet
1339 2197 1440 2252 fluxum
1460 2196 1558 2254 illicitae
1576 2197 1636 2272 cogi
1642 2198 1722 2255 tatio-

926 2288 967 2342 nis
991 2304 1039 2359 ρει
1061 2286 1278 2344 recordationem
1301 2288 1417 2358 propriae
1436 2285 1624 2358 professionis.
1638 2286 1722 2343 Simi-

925 2374 986 2430 liter
1013 2376 1048 2431 ad
1075 2383 1180 2448 portam
1203 2375 1356 2440 uoluntatis,
1378 2375 1405 2431 in
1424 2390 1479 2446 qna
1499 2375 1587 2430 solent
1612 2389 1722 2431 manere

926 2464 1040 2519 carnalia
1056 2464 1201 2531 desideria,
1226 2473 1352 2532 unquam
1371 2464 1399 2518 in
1413 2464 1496 2520 domo
1515 2464 1662 2520 domestica
1681 2462 1718 2518 fa-

924 2553 1011 2623 milia,
1041 2561 1173 2610 statuatur
1197 2553 1333 2622 ostiarius,
1359 2553 1406 2626 qni
1433 2560 1543 2610 vocatur
1571 2552 1713 2610 recordati<

925 2642 1041 2699 coelestis
1050 2642 1153 2715 patriae.
1164 2641 1213 2698 Hic
1223 2641 1296 2697 enhu
1312 2649 1402 2715 potest
1419 2659 1533 2715 pravum
1544 2642 1719 2711 desiderium,

924 2730 1001 2803 quasi
1020 2746 1122 2786 cuneus
1133 2745 1260 2796 cuneum,
1276 2729 1428 2801 expellere3
1444 2738 1471 2785 et
1485 2732 1574 2802 ipsum
1594 2730 1642 2802 qni
1660 2730 1719 2790 ait:

10 2872 15 2881 ,
64 2824 166 2885 macta,
183 2815 255 2873 unde
271 2816 467 2886 scriptumest:
480 2816 617 2889 Cogitatio
632 2820 733 2874 sancto
746 2818 870 2876 servabit
884 2811 906 2890 Β
921 2818 994 2876 Ecce
1003 2824 1047 2877 sto
1057 2819 1093 2876 od
1103 2820 1207 2877 ostium
1216 2822 1246 2876 et
1256 2819 1339 2890 pulso
1353 2819 1447 2891 (apoc.
1463 2835 1501 2888 ιιι,
1513 2818 1569 2890 20),
1584 2819 1643 2874 sine
1656 2834 1723 2875 cun·

73 2911 118 2974 le,
134 2916 161 2961 et
184 2904 289 2961 allectio
312 2920 397 2975 pura3
412 2911 439 2959 et
463 2905 574 2961 intentio
590 2912 674 2961 recta.
691 2906 760 2962 Sunt
778 2914 870 2962 autem

71 2995 122 3056 tria
140 2995 201 3062 ista,
214 2995 241 3050 id
265 3000 306 3050 est
320 2993 460 3067 cogitatio,
475 2995 582 3051 allectio
595 3002 622 3050 et
638 2994 750 3052 intentio
766 2995 793 3051 in
807 2996 870 3051 ani·

71 3100 125 3140 ma.
139 3081 194 3140 Sed
206 3083 234 3138 iu
249 3099 279 3140 ea
294 3078 403 3156 qnoque
417 3083 535 3154 propriis
545 3083 653 3156 singula
666 3084 733 3139 locis
745 3084 870 3140 distincta

70 3171 205 3229 ridentur.
221 3172 291 3228 Nam
304 3170 432 3244 cogitatio
452 3170 479 3226 in
502 3172 633 3228 memoria
648 3181 700 3239 est,
716 3172 825 3229 allectio
841 3172 869 3227 in

68 3260 220 3325 voluntate,
236 3259 347 3316 intentio
360 3259 388 3315 in
402 3261 504 3316 ratione
518 3260 650 3319 consistit.
720 3278 723 3284 ·

104 3353 133 3405 3.
156 3349 247 3421 Atque
270 3356 299 3404 ut
321 3362 416 3404 eorum
432 3364 512 3404 usum
530 3365 561 3405 ac
575 3348 757 3404 differentiam
772 3348 870 3405 clarius

64 3438 220 3506 videamus,
235 3452 374 3494 sumamus
389 3436 468 3493 nobis
483 3438 637 3507 exemplum
652 3437 685 3492 de
699 3422 781 3493 rebus
794 3447 870 3495 exte·¹

66 3526 196 3586 rioribus.
211 3526 241 3581 ln
262 3525 423 3600 corporibus
445 3525 468 3580 si
496 3525 611 3598 quilibet
638 3524 767 3581 deformis
793 3527 868 3585 color

66 3624 160 3674 cutem
175 3621 277 3672 tantum
294 3614 405 3686 inficiat,
420 3629 519 3686 corpus
534 3615 642 3687 quidem
658 3615 762 3686 turpius
777 3614 868 3672 reddi·

68 3715 124 3773 tur,
141 3707 187 3762 sed
210 3705 248 3761 nil
273 3705 299 3761 ei
319 3706 353 3762 de
376 3720 426 3763 sua
444 3705 558 3761 sanitate
572 3721 605 3759 ex
618 3704 671 3762 hoc
684 3704 821 3761 adimitur.
838 3705 868 3761 Si

68 3810 137 3853 vero
145 3795 220 3853 carni
230 3795 343 3865 putredo
354 3794 456 3867 aliqua,
465 3795 508 3850 vel
516 3793 616 3850 lividus
628 3805 716 3850 tumor
727 3794 865 3865 insederit,

67 3877 128 3958 jtu'r
143 3900 198 3940 non
213 3883 300 3940 solum
320 3885 405 3941 decus
417 3883 549 3955 corporis,
566 3884 612 3939 sed
628 3892 655 3940 et
668 3884 743 3939 salus
757 3899 867 3956 quoque

72 3972 254 4047 perturbatur.
271 3970 349 4041 Quod
374 3973 398 4028 si
427 3974 543 4046 languor
563 3971 672 4029 forsitan
691 3972 868 4046 invalescens,

923 2908 1038 2964 ctatione
1052 2907 1183 2976 recipere.
1207 2905 1266 2960 lam
1295 2922 1360 2962 uero
1376 2906 1409 2960 ad
1434 2905 1581 2962 thalamum
1608 2905 1720 2963 rationis

924 2996 983 3052 talis
998 3004 1026 3051 ot
1040 3001 1094 3050 tarn
1111 2996 1186 3049 ferox
1200 2993 1367 3048 adhibendus
1381 3003 1421 3048 est
1435 3002 1536 3061 custos,
1552 3011 1605 3063 que
1620 2995 1719 3050 nemini

923 3090 1013 3155 pareat
1028 3101 1034 3141 :
1049 3082 1098 3139 sed
1113 3080 1264 3153 quicunque
1281 3082 1376 3148 hostis,
1395 3081 1453 3137 sire
1468 3082 1547 3147 clam,
1559 3082 1615 3139 sire
1629 3082 1719 3155 palam

922 3173 1030 3246 ingredi
1045 3170 1258 3242 presumpserit,
1276 3170 1370 3240 procul
1384 3188 1447 3227 enm
1461 3181 1569 3244 arceat,
1585 3179 1613 3226 et
1627 3171 1671 3228 hic
1685 3173 1720 3229 sit

922 3261 1072 3319 recordatio
1086 3261 1227 3331 gehennae.
1242 3260 1274 3313 ln
1287 3259 1392 3315 caeteris
1406 3259 1550 3332 siqnidem,
1566 3259 1593 3315 id
1606 3267 1647 3315 est
1661 3275 1718 3316 mc-

923 3351 1007 3407 moria
1016 3359 1044 3406 et
1053 3350 1199 3418 voluntate,
1211 3348 1309 3404 nonita
1321 3359 1361 3405 est
1373 3347 1554 3416 intolerabile,
1565 3348 1588 3404 si
1604 3347 1645 3403 rel
1662 3361 1719 3403 me-

924 3440 1007 3496 moria
1022 3438 1135 3510 recipiat
1157 3438 1321 3510 quandoque
1340 3453 1436 3509 vagam
1457 3436 1658 3507 cogitationem,
1675 3436 1718 3492 rel

921 3530 1043 3586 voluntas
1053 3528 1184 3600 impuram
1192 3526 1362 3583 affectionem
1376 3526 1444 3582 :boc
1453 3541 1517 3581 vero
1527 3523 1718 3598 gravissimum

920 3627 947 3675 et
960 3615 1071 3672 omnino
1087 3616 1261 3686 damnosum,
1282 3614 1304 3668 si
1325 3628 1444 3684 unquam
1472 3612 1541 3667 ratio
1570 3610 1718 3681 perdiderit

921 3703 1108 3763 rectitudinem
1123 3702 1288 3759 intentionis.

1192 3808 1310 3865 SERbe
1330 3808 1463 3864 XXXIII.

920 3905 960 3961 De
974 3900 1062 3959 nerbas
1071 3900 1177 3974 psalmi
1194 3914 1300 4028 ιιιιΒοι
1319 3900 1387 4026 ρειιῗι
1402 3899 1528 3958 ascendit
1543 3901 1576 3955 in
1589 3903 1716 3957 maten

1284 3987 1357 4026 mear
1391 3992 1402 4021 ε

71 4078 135 4119 cnm
157 4061 218 4134 ipsa
237 4077 318 4118 carne
339 4077 402 4118 ossa
422 4061 699 4134 qnoque‚mcdullitns
718 4063 867 4132 occuparit,
883 4090 907 4169 n
959 4065 984 4120 l.
1001 4060 1119 4117 l'erbnm
1134 4058 1327 4115 exhortationis
1342 4069 1393 4124 est,
1408 4058 1505 4115 fratres
1519 4059 1582 4123 mei,
1595 4068 1718 4126 utquan·

73 4162 138 4207 tunc
152 4149 258 4205 demum
273 4149 307 4206 de
327 4152 380 4207 vita
396 4166 450 4206 nou
465 4151 600 4206 immerito
615 4158 705 4221 potest
717 4149 866 4221 desperari.
922 4150 1066 4222 doquidem
1090 4164 1185 4205 omnes
1204 4148 1353 4205 ascendere
1375 4147 1492 4217 nitimur,
1513 4162 1609 4203 omues
1626 4146 1717 4202 tendi·

72 4237 176 4296 Eodem
190 4236 271 4295 modo
293 4238 322 4293 in
336 4239 436 4304 anima,
451 4240 474 4292 si
487 4245 626 4310 peccatum
641 4239 795 4312 suggeritur
808 4253 868 4307 me·

72 4327 169 4386 moriae
197 4344 244 4398 per
267 4327 469 4401 cogitationem,
487 4328 591 4383 nullum
614 4334 703 4384 tamen
722 4327 870 4400 prebuerit

73 4425 120 4474 aut
138 4416 262 4474 rolnntas
284 4416 420 4484 affectum,
436 4423 483 4471 aut
505 4416 663 4473 deliberatio
681 4417 741 4488 ipsa
755 4431 869 4473 consen·

75 4523 134 4562 sum
152 4523 158 4563 :
177 4505 262 4561 fateor
276 4505 385 4577 quidem
409 4502 566 4559 deformitas
588 4512 636 4570 est,
653 4520 704 4560 nec
717 4506 810 4561 andire
822 4503 870 4562 ins

74 4594 152 4651 terim
171 4595 262 4649 anima
286 4593 329 4648 illa
347 4601 491 4649 meretur:
510 4594 575 4649 Toto
587 4593 709 4666 pulchro
723 4610 761 4661 es,
778 4596 871 4652 amica

73 4701 137 4741 mco
149 4683 243 4753 (Cant.
259 4698 295 4752 rr,
311 4681 350 4753 7).
365 4682 500 4739 Craterum
515 4681 566 4736 etsi
581 4698 673 4740 aaevns
685 4692 736 4747 est,
753 4683 803 4738 sed
816 4698 870 4739 non

73 4772 199 4827 morh'ns.
209 4770 289 4838 Quod
303 4769 326 4826 si
341 4770 464 4826 volu-»tas
475 4777 779 4842 qnoquepraeoccnpata
788 4784 871 4828 sensu

74 4858 262 4916 delectationis
280 4857 408 4926 allicitur,
419 4857 519 4914 resistit
533 4868 623 4914 tamen
635 4857 723 4914 adhuc
736 4857 871 4913 delibera·

57 4951 112 5012 tio
127 4947 255 5014 rationis3
271 4947 421 5003 infirmatur
434 4947 556 5018 quidem,
568 4948 615 5003 sed
631 4947 746 5003 necdum
760 4948 873 5004 moritur

73 5037 185 5096 anima:
202 5037 298 5094 clamet
314 5044 402 5090 tamen
418 5053 527 5092 necesso
542 5044 583 5091 est
599 5037 693 5093 :Sauo
710 5050 766 5105 aare,
776 5036 873 5092 Domi·

922 4257 983 4296 mus
1006 4239 1034 4294 in
1055 4237 1182 4304 sublime,
1206 4254 1313 4294 sursum
1330 4238 1480 4308 aspiramus
1503 4249 1719 4300 omnesomnes

923 4344 1051 4386 conamur
1073 4326 1100 4381 in
1125 4326 1208 4381 altum
1225 4343 1231 4382 :
1258 4326 1315 4381 illic
1330 4327 1486 4382 studeamus
1501 4323 1655 4390 ascendere,
1671 4322 1719 4380 ubi

924 4422 1024 4475 bonurn
1039 4417 1074 4472 sit
1086 4428 1136 4470 nos
1149 4431 1221 4485 esse,
1236 4416 1282 4470 uhi
1307 4430 1431 4470 securum
1448 4415 1482 4469 sit
1495 4427 1547 4469 nos
1560 4428 1631 4481 esse,
1646 4411 1719 4466 unda

923 4507 1020 4565 cadere
1035 4520 1089 4560 non
1103 4512 1234 4575 oportent,
1255 4503 1301 4559 uhi
1321 4512 1393 4561 stare
1408 4502 1554 4574 possimus.
1569 4503 1624 4558 Nec
1637 4500 1719 4556 modo

925 4604 955 4650 nt
976 4592 1141 4650 desiderium
1169 4597 1308 4663 provocet,
1327 4607 1498 4648 ascensorem
1522 4590 1620 4646 montis
1638 4588 1721 4656 huius

925 4685 1060 4756 Propheta
1086 4681 1217 4755 requirit;
1243 4697 1337 4738 rerum
1356 4680 1436 4737 etiam
1455 4689 1486 4738 nt
1504 4678 1650 4736 ascendere
1668 4693 1720 4757 cu·

925 4775 1045 4847 pientem
1060 4771 1169 4828 modum
1185 4771 1282 4826 doceat
1294 4771 1464 4826 ascendendi.
1480 4769 1564 4840 Felix,
1579 4768 1627 4840 qni
1640 4767 1722 4837 huius

926 4862 1026 4919 montis
1039 4861 1211 4918 ascensiones
1226 4861 1253 4915 in
1268 4861 1350 4916 corda
1364 4876 1413 4915 suo
1429 4857 1572 4929 disposuit,
1587 4856 1721 4928 concupi-

927 4967 1007 5008 scens
1020 4960 1046 5007 et
1064 4948 1191 5006 deficiens
1209 4949 1237 5004 in
1251 4949 1319 5004 atria
1342 4949 1461 5004 Domini.
1489 4947 1629 5018 Siquidem
1644 4960 1724 5002 mons

926 5038 977 5094 iste
1002 5052 1082 5093 mons
1110 5037 1184 5105 uber,
1203 5037 1336 5094 bonorum
1358 5037 1479 5093 omnium
1497 5036 1629 5103 cumulus,
1645 5049 1725 5092 mons

73 5144 120 5198 ne,
136 5129 165 5183 ct
187 5126 307 5184 recolor
329 5125 442 5197 (feram.
470 5140 537 5194 xrn,
556 5127 611 5193 rt).
634 5125 710 5180 Tunc
726 5139 791 5181 uero
806 5125 875 5180 mori
927 5127 1072 5197 voluptatis
1081 5136 1199 5194 aemrnae,
1215 5127 1313 5182 domus
1328 5128 1378 5184 Dei
1387 5127 1489 5184 estlit
1503 5126 1578 5184 beuti
1586 5127 1637 5198 qai
1646 5123 1725 5182 hobi·

74 5215 185 5281 dicitur,
195 5216 306 5286 qnando
320 5221 347 5269 et
364 5213 421 5284 ipsa
437 5215 506 5270 ratio
520 5213 553 5268 ad
567 5222 704 5285 peecatum
720 5227 769 5282 per
782 5213 875 5268 inten·
931 5220 995 5273 forat
1007 5217 1039 5271 ira
1055 5216 1134 5272 domo
1150 5220 1211 5284 tna,
1225 5218 1361 5286 Domine,·
1376 5216 1407 5272 in
1427 5218 1533 5274 saeculo
1554 5214 1725 5273 saeculoram

73 5307 177 5362 tionem
188 5309 326 5361 curratur.
344 5302 670 5374 Tunoenimconseutit3
684 5301 760 5358 etde
776 5301 821 5357 tali
838 5303 878 5360 dt
933 5304 1091 5363 madebunt
1104 5309 1132 5361 tc
1147 5305 1235 5375 (Ptol.
1247 5321 1343 5369 xxxin,
1360 5305 1399 5378 t).
1414 5305 1485 5363 dudi
1499 5314 1596 5364 testem
1607 5301 1725 5370 fidelem,

76 5393 350 5466 citurzantmnqooe
362 5392 532 5465 peccauerit,
542 5392 605 5471 ipra
618 5393 757 5472 morietur
766 5389 876 5464 (Erech.
932 5395 999 5467 quia
1011 5408 1090 5451 mons
1103 5401 1145 5450 est
1156 5396 1255 5451 domus
1268 5392 1320 5451 ista
1336 5411 1344 5451 a
1361 5396 1382 5454 0
1407 5394 1504 5461 lanei,
1519 5409 1607 5467 quom
1624 5407 1730 5464 magno
