3734 5948
100 253 167 314 1137

718 243 888 308 sanantes
906 243 939 304 tlt
959 244 1111 306 caduce.

1670 243 1740 305 1¹38

96 379 198 449 judicio
227 377 416 444 exhibendam,
427 384 454 431 ει
480 375 583 430 orantis
610 373 721 441 allecto,
743 380 769 427 ει
797 369 893 443 spiritu
909 383 934 462 fl
949 368 1034 426 stolus
1057 380 1083 425 et
1101 371 1243 442 Propheta,
1260 368 1360 441 quippe
1374 367 1502 424 habentes
1516 372 1640 427 eumdem
1657 370 1740 444 Spiri-

100 466 285 540 prophetantis
301 465 423 521 enuntiat
438 481 446 531 ς
462 473 596 537 quatenus
611 461 656 535 qui
672 461 771 519 coelum
787 467 895 515 terram·

102 573 153 626 arne
168 553 287 610 movebit
302 554 327 608 in
343 553 439 608 virtute
453 568 513 617 sna,
529 552 665 608 accinctus
688 549 806 621 potentia
828 563 894 606 con·

103 656 142 699 tra
169 644 332 709 insensatos
348 649 374 696 et
403 642 493 696 sumis
522 639 698 695 nihilominus
721 647 748 695 et
772 637 853 704 mitis,
867 641 894 692 et

102 732 176 804 quasi
191 731 302 787 omnino
316 730 428 786 inermis
442 738 571 800 appareat
585 737 697 800 propter
713 727 823 782 electos.
841 725 895 782 Ubi

102 823 153 877 hoc
163 835 269 893 quoque
279 818 341 873 addi
356 824 457 890 potest,
468 816 530 890 quia
545 816 579 871 ad
595 816 802 873 discernendum
817 815 895 870 alter-

102 917 205 964 utrosa
219 923 258 977 se,
276 922 346 977 opus
360 906 410 963 erit
423 905 543 978 quodam
558 905 639 959 modo
654 905 704 969 illi,
715 920 776 961 cum
790 903 896 958 hinnuli

101 998 209 1069 quium
224 994 349 1061 saltibus,
363 994 512 1050 luminibus
526 1008 645 1065 capreae;
657 1002 791 1064 quatenus
803 992 896 1049 ridere

101 1093 127 1140 et
141 1087 291 1140 discernere
300 1083 327 1138 in
343 1091 416 1138 tanta
430 1081 605 1138 multitudine
618 1091 645 1136 et
659 1081 688 1135 in
702 1083 777 1135 tanta
800 1081 895 1136 turba·

101 1174 174 1229 tione
193 1172 288 1244 possit,
305 1173 332 1226 in
351 1186 482 1242 quosnam
498 1169 587 1235 salire,
617 1178 644 1223 et
673 1184 742 1240 quos
761 1168 895 1224 transilire

102 1268 232 1331 oporteat,
247 1275 283 1314 ne
301 1259 370 1314 forte
384 1258 520 1330 contingat
533 1259 637 1327 justum
656 1273 707 1328 pro
725 1255 809 1327 impio
833 1270 896 1310 eon·

949 468 1017 518 tum.
1034 459 1102 514 Nam
1119 460 1142 513 si
1167 458 1330 532 dignationis
1353 455 1402 511 iuit
1417 457 1491 530 qnod
1513 458 1664 514 minoratus
1687 471 1737 530 cst,

949 566 1002 607 nan
1020 547 1191 606 necessitatis
1207 566 1216 616 3
1241 546 1307 603 nihil
1330 547 1409 617 plane
1438 544 1465 599 in
1481 546 1533 600 hoc
1547 545 1657 601 bonitati
1672 564 1741 618 pm.

948 639 1083 708 scribitur,
1111 638 1157 694 sed
1176 636 1329 693 ascribitur.
1352 633 1473 705 Denique
1496 622 1655 689 mirrcmtum
1671 634 1739 690 Pro-

949 730 1029 800 pheta
1044 725 1188 797 perhibuit,
1209 740 1263 781 non
1278 724 1418 788 minomm,
1437 723 1564 777 attollens
1578 722 1702 794 gratiam,
1717 733 1742 779 et

949 815 1105 889 propellens
1113 813 1319 883 injuriamNam
1330 819 1357 867 et
1369 811 1549 866 minoritatem
1558 819 1652 864 natura
1663 826 1743 866 reeu-

950 913 1033 974 sat,et
1044 905 1251 959 minorationem
1262 907 1371 956 excusat
1380 915 1473 955 cansa.
1481 900 1584 972 Nempe
1596 900 1743 955 minoratus

950 1007 1001 1063 est,
1017 994 1079 1066 quia
1094 993 1153 1064 ipsc
1169 988 1279 1047 abab
1298 988 1404 1045 voluit:
1428 988 1578 1044 minoratus
1586 998 1626 1043 est
1636 1005 1685 1044 sua
1699 1003 1745 1045 vo-

949 1081 1062 1150 luntate,
1077 1088 1104 1137 ει
1119 1092 1213 1137 nostra
1224 1077 1393 1135 necessitato.
1402 1077 1447 1133 Sic
1458 1076 1598 1144 minorari,
1619 1076 1743 1133 misereri

949 1171 1009 1226 fuit.
1024 1168 1152 1238 Quaenam
1167 1166 1285 1241 perditio
1300 1166 1377 1222 haec?
1392 1164 1514 1222 Proiecto
1529 1165 1643 1221 arcessit
1657 1166 1743 1235 pieta·

949 1259 978 1327 ti,
1007 1257 1137 1331 quidquid
1156 1255 1288 1326 maiestati
1313 1254 1399 1310 risum
1413 1262 1454 1309 εει
1480 1254 1634 1324 deperiisse.
1651 1252 1744 1322 Quan-

102 1347 208 1414 culcari,
220 1362 282 1402 cum
297 1347 325 1401 in
344 1346 383 1400 ira
398 1346 514 1417 populos
537 1344 699 1414 confringet.
715 1343 785 1399 Nam
814 1360 897 1416 quan·
952 1364 1030 1420 quam
1046 1362 1096 1402 nec
1110 1345 1256 1418 Apostolus
1266 1343 1348 1400 tacuit
1362 1342 1414 1400 hoe
1427 1359 1555 1414 magnum
1565 1359 1671 1415 magnae
1687 1341 1745 1414 pie-

103 1445 161 1489 tum
177 1435 209 1490 ad
224 1433 333 1505 impios,
350 1448 462 1489 necesso
476 1442 517 1489 est
542 1443 569 1488 ut
590 1433 736 1499 impleatur
757 1432 897 1504 prophetia
952 1436 1012 1490 tatis
1024 1431 1220 1505 areanum,sed
1231 1433 1267 1487 ait
1278 1448 1284 1486 :
1297 1433 1474 1488 Eumoulem
1485 1430 1646 1504 quiaraodico
1660 1447 1747 1502 quom

103 1521 200 1588 David,
224 1523 279 1579 imo
303 1537 392 1577 sermo
418 1521 526 1578 Domini
545 1521 681 1594 loquentis
705 1536 752 1592 per
770 1536 801 1577 os
827 1522 899 1590 ejns,
953 1525 1051 1597 Anneli
1071 1523 1235 1579 minoratus
1259 1523 1321 1585 ert,
1347 1520 1470 1577 uidemus
1490 1520 1605 1584 iesum,
1631 1524 1748 1593 propter

102 1611 898 1683 quincomminuomeoautpulueremonte'scciemuenti,
954 1615 1112 1685 passionem
1133 1611 1236 1668 mortis
1267 1610 1360 1683 pluria
1384 1613 1412 1667 ει
1445 1608 1549 1667 honore
1580 1614 1748 1667 coroniolam

103 1705 136 1756 ut
147 1702 243 1756 lutum
255 1700 420 1772 pluteorum
435 1699 528 1756 delebo
544 1715 590 1756 eos
607 1699 696 1768 (Paul.
716 1714 786 1770 xrrr,
797 1697 856 1770 ι3);
874 1709 902 1754 ει
916 1659 939 1737 Β
955 1705 1087 1775 (Ηειν.ιι,
1103 1702 1141 1770 9).

103 1788 167 1843 itum
184 1787 253 1843 alius
277 1802 379 1852 sermo,
395 1803 473 1859 quem
493 1803 542 1858 per
556 1786 636 1842 alium
657 1789 816 1860 prophetam
831 1803 900 1858 prae·

104 1878 216 1944 dixerat,
232 1876 358 1948 impletus
369 1876 545 1932 nihilominus
561 1884 624 1932 tunc
638 1869 827 1950 cognoscetur,
839 1892 899 1932 eum

104 1967 136 2022 ad
152 1966 266 2036 angelos
281 1965 390 2020 rediens
404 1964 476 2020 dioet
488 1981 495 2018 ι
506 1966 617 2023 Gulcuui
627 1983 671 2024 eoa
680 1966 818 2038 inserere
829 1980 899 2032 meo,

103 2055 303 2110 elconculcaui
317 2070 362 2110 eos
377 2053 533 2110 iuirumec
547 2055 613 2125 (lsu.
630 2069 707 2122 uxor,
727 2055 766 2125 3).

138 2145 165 2197 7.
182 2142 210 2197 si
226 2142 269 2196 cui
282 2148 373 2197 atatem
388 2142 474 2217 magis
495 2143 531 2197 ita
555 2143 761 2214 intelligendum
785 2143 898 2209 videtur,

103 2240 131 2285 ut
150 2230 237 2286 malos
256 2232 346 2300 potius
370 2230 514 2300 transilire,
547 2239 630 2303 atque
657 2232 684 2287 in
707 2232 793 2288 bonos
821 2232 900 2287 salire

103 2319 229 2375 hinnulus
242 2328 337 2374 noster
351 2318 460 2389 debeat,
475 2333 529 2373 non
544 2319 700 2375 contendo:
728 2329 827 2376 tantum
850 2335 898 2375 eo-

103 2408 171 2480 gilot
185 2405 270 2461 saltus
284 2406 446 2478 dispositum
458 2406 490 2461 iri
503 2407 530 2462 in
544 2406 801 2464 discriminationem
816 2409 901 2464 bono·

104 2513 173 2561 rum,
191 2496 386 2567 malorumque.
402 2494 470 2549 Nam
493 2497 521 2552 et
545 2510 628 2561 ame,
645 2495 668 2550 si
689 2496 760 2553 bene
777 2497 898 2562 memini,

103 2588 139 2642 ita
154 2585 307 2641 dictumest
321 2585 348 2638 in
364 2598 492 2640 sermone
505 2584 655 2654 altero,ubi
668 2585 817 2657 capitulum
828 2585 899 2640 idem

102 2672 166 2729 alibi
177 2687 259 2743 supra
275 2678 301 2726 et
316 2673 350 2727 ab
365 2681 475 2728 anctore
490 2671 619 2743 positum,
636 2680 661 2728 et
681 2687 697 2726 a
727 2688 769 2727 me
793 2672 902 2745 exposi-

104 2772 157 2819 tum
174 2759 347 2817 nihilominus
362 2761 496 2832 reperitur
509 2762 613 2834 (Supra
628 2776 710 2818 serta.
728 2761 783 2834 et).
801 2762 900 2817 Verum

103 2851 139 2906 ibi
158 2851 306 2906 secundum
321 2849 672 2922 dispensationemquidem
682 2850 786 2923 gratiae,
802 2865 864 2922 quae
874 2849 901 2904 in

989 1796 1016 1850 9.
1031 1792 1063 1846 Et
1078 1792 1136 1845 haec
1151 1788 1297 1844 dixerimus
1327 1802 1377 1860 pro
1393 1787 1501 1844 nomine
1522 1795 1549 1842 et
1572 1787 1747 1844 similitudine

952 1879 1068 1949 hinnuli,
1098 1884 1232 1948 quatenus
1260 1890 1361 1945 sponso
1395 1889 1466 1941 eam,
1498 1875 1574 1944 juxta
1593 1891 1747 1932 sermonem

952 1982 1071 2039 sponsae,
1089 1965 1192 2036 absque
1207 1960 1356 2032 majestatis
1383 1959 1482 2030 injuria
1494 1971 1663 2032 aptaremus.
1677 1961 1747 2028 Quid

950 2056 1022 2120 diro,
1039 2056 1143 2126 absque
1170 2052 1321 2120 majestatis
1350 2049 1457 2119 injuria,
1475 2049 1584 2121 quando
1605 2065 1653 2104 nec
1668 2049 1746 2103 inhr-

952 2145 1032 2199 mitas
1046 2143 1205 2198 inhonorata
1227 2137 1377 2195 remansit?
1392 2137 1524 2192 llinnulus
1547 2149 1606 2202 est,
1623 2138 1749 2207 parvulus

953 2243 1008 2303 εει,
1024 2246 1131 2304 capreae
1146 2244 1255 2302 quoqne
1270 2227 1368 2284 similis
1383 2227 1550 2299 perhibetur,
1568 2234 1696 2297 tanquam
1714 2227 1750 2282 ia-

952 2316 1749 2393 ctusexmulieremttamensupermontesBctbel,attamen

953 2411 1091 2469 excelsior
1100 2408 1175 2465 colis
1185 2409 1280 2478 scel-ata
1295 2404 1386 2476 (Heba.
1397 2420 1448 2470 vn,
1460 2404 1516 2475 ιι).
1527 2405 1587 2461 Non
1596 2404 1677 2460 dicit:
1693 2405 1747 2461 Ex·

953 2498 1052 2555 celsior
1066 2495 1142 2552 coelis
1171 2510 1219 2549 ens
1232 2494 1303 2562 (eti)
1328 2493 1368 2547 rel
1384 2491 1516 2561 existens;
1533 2493 1592 2560 sed,
1608 2495 1748 2551 excelsior

953 2590 1029 2645 ecelis
1040 2590 1155 2659 soclus:
1172 2601 1206 2639 ne
1220 2583 1279 2656 quis
1294 2592 1369 2653 putet
1386 2580 1419 2635 de
1436 2581 1483 2636 illa
1497 2589 1591 2636 natura
1605 2582 1747 2647 dictumue

954 2686 1059 2751 quaest
1077 2674 1122 2746 qui
1134 2680 1184 2728 est.
1196 2672 1247 2728 Sed
1264 2677 1291 2726 ct
1305 2670 1350 2726 ubi
1367 2667 1507 2739 praeicrtur
1522 2669 1635 2742 angelis,
1653 2670 1749 2728 melior

954 2763 1127 2820 nihilominus
1142 2761 1299 2834 perhibetur
1310 2758 1436 2823 allectus,
1452 2765 1479 2813 ει
1491 2772 1547 2814 non
1573 2759 1675 2815 dicitur
1689 2776 1749 2816 ma-

953 2866 1021 2907 nens
1034 2851 1077 2908 vel
1101 2848 1220 2906 existens
1235 2847 1340 2903 melior.
1366 2847 1405 2901 Ex
1426 2846 1525 2920 quibua
1542 2856 1664 2919 apparet,
1679 2851 1752 2921 quod

103 2938 228 3008 praeunti
243 2939 297 2994 vita
311 2937 371 2992 aliis
386 2939 474 3000 datur,
489 2939 549 2992 aliis
563 2955 618 2994 non
639 2939 730 3008 datur,
744 2939 820 3008 justo
838 2937 901 3011 qui·
915 2934 938 3013 c
951 2958 1006 2999 non
1022 2940 1103 2996 modo
1128 2939 1155 2993 in
1170 2954 1202 2993 eo
1218 2937 1289 3009 quod
1305 2938 1339 2992 ab
1358 2944 1460 2991 aeterno
1480 2945 1531 3002 cst,
1557 2937 1605 2991 sed
1628 2936 1706 2991 etiam
1725 2937 1752 2992 iu

102 3029 162 3083 dem
177 3027 227 3083 Dei
240 3025 351 3097 judicio,
368 3027 415 3083 sed
430 3028 547 3097 occulto,
567 3026 698 3096 salirent
722 3027 857 3083 transilire
879 3027 902 3082 is

103 3113 231 3171 hinnulus
245 3114 334 3170 dictus
348 3124 401 3184 εει,
425 3115 470 3170 hic
494 3123 592 3184 autem,
610 3115 757 3170 secundum
776 3115 898 3172 ultimum

103 3203 242 3259 aerariam
263 3201 467 3257 retributionem
483 3200 652 3258 meritorum.
666 3201 698 3256 Et
719 3201 787 3257 iorte
806 3202 899 3258 sensui

103 3289 166 3344 huic
194 3289 316 3342 rideatur
335 3287 472 3360 astipulari
493 3297 645 3343 extremum
674 3288 784 3360 capituli
804 3288 896 3358 hujus,

101 3377 175 3448 quod
186 3377 294 3449 quidem
309 3391 380 3448 pene
396 3376 496 3432 oblitus
512 3376 624 3431 ineram.
640 3376 740 3431 Dicens
759 3391 896 3448 namque:

104 3466 212 3522 Similis
224 3469 293 3530 etto,
315 3466 416 3522 dilecte
430 3467 480 3534 mi,
496 3482 605 3537 coprem
619 3465 795 3539 hinnuloque
804 3482 899 3522 ceruo-

102 3571 178 3620 rum,
194 3553 277 3622 addit,
295 3570 380 3627 auper
393 3559 502 3611 montes
514 3555 618 3615 Βειιιει.
635 3557 691 3610 Νεε
702 3554 773 3611 enim
783 3554 898 3610 iudomo

101 3643 159 3707 Del,
175 3643 246 3714 quoi
265 3650 344 3698 sonat
362 3642 464 3704 bethel,
480 3642 541 3698 maii
558 3651 667 3699 montes
681 3649 754 3697 sunt.
779 3641 898 3710 Quamo-

102 3732 177 3788 brem
203 3730 302 3785 saliens
326 3731 352 3786 in
377 3746 425 3785 eos
448 3730 577 3786 hinnulus
600 3748 654 3787 non
676 3732 824 3797 conculcat,
849 3733 899 3789 sed

101 3820 231 3891 leatificat,
245 3827 275 3875 ul
289 3819 431 3891 Scriptura
445 3818 589 3890 impleatur
604 3837 664 3893 quan
686 3820 770 3876 dicit:
792 3823 899 3880 litantes

101 3917 129 3969 ει
139 3913 222 3971 εειιεε
233 3911 394 3968 cantabunt
408 3926 505 3967 cotom
519 3911 572 3969 Deo
589 3911 684 3969 landes
698 3910 766 3983 (lsai.
780 3927 824 3977 cv,
842 3911 897 3980 te).

101 4002 134 4056 Et
148 3999 257 4072 qtridem
273 4009 335 4056 sunt
346 4008 542 4071 montes,quos
555 3998 702 4055 secundum
717 4000 899 4072 Evangelium

104 4088 170 4144 tollit
184 4087 251 4143 tides
262 4096 417 4159 comparata
432 4088 522 4159 sinapi
548 4088 661 4162 (batth.
687 4104 757 4154 xvu,
781 4091 836 4160 ts),
852 4088 899 4143 scd

103 4194 157 4233 non
172 4185 231 4232 sunt
257 4188 361 4235 montes
384 4178 488 4237 Bethel.
523 4178 628 4234 Etenim
650 4179 813 4253 quicumque
837 4186 900 4234 sunt

103 4265 206 4335 bethel,
223 4265 331 4321 minime
351 4282 400 4324 eos
415 4267 484 4322 tollit
498 4268 576 4335 tides,
593 4268 642 4324 sed
657 4269 729 4327 colit.

138 4361 165 4408 tt.
181 4354 258 4423 Quod
275 4353 297 4407 ai
312 4354 482 4425 principatus
497 4363 524 4410 ει
537 4363 696 4428 potestates,
723 4372 771 4413 nec
797 4371 851 4412 non
875 4363 902 4412 ει

103 4451 200 4500 catera
211 4440 388 4497 nihi'ominus
402 4440 543 4497 beatorum
558 4442 707 4515 Spirituum
723 4444 832 4517 agmina
844 4461 903 4504 ειε-

105 4531 245 4601 lorumque
261 4529 371 4585 virtutes
380 4537 486 4584 mantra
496 4540 559 4585 sunt
575 4531 705 4597 bellichut
719 4533 754 4588 dc
768 4534 809 4588 his
822 4535 902 4590 iutel-

104 4621 219 4693 ligamus
243 4619 368 4675 dictum:
394 4619 590 4676 Fundamenta
610 4621 672 4691 ejus
701 4622 734 4676 in
759 4623 901 4680 montibus

103 4710 210 4766 sanctis
220 4710 308 4782 (Paul.
326 4724 443 4774 cxxxvi,
457 4710 496 4780 l),
512 4723 568 4764 non
584 4724 648 4763 sane
660 4708 683 4762 is
696 4709 824 4766 hinnulos
840 4710 902 4768 vilis

103 4813 135 4854 ac
150 4798 375 4864 contemnendus,
387 4799 434 4870 qul
450 4814 533 4868 supra
548 4805 602 4853 tam
620 4798 782 4855 excellentes
796 4809 902 4855 montes

104 4887 183 4941 visus
202 4896 241 4941 est
256 4901 400 4958 apparere,
418 4891 500 4946 tanto
520 4888 628 4961 capelia
649 4889 748 4946 melior
770 4890 900 4959 effecius,

104 4979 214 5048 quanto
236 4976 420 5046 differentius
438 4993 497 5047 pre
518 4977 578 5033 iltis
603 4993 705 5034 nonaen
725 4977 903 5035 boercditum'l

106 5063 198 5135 (Helu.
211 5078 230 5135 t,
248 5065 284 5134 l).
302 5062 373 5130 Quid
385 5064 468 5129 enim,
480 5065 502 5120 si
519 5066 544 5120 in
560 5066 663 5138 psalmo
682 5067 798 5143 legimns
812 5067 903 5122 mino·

104 5158 193 5209 ratum
204 5152 238 5206 ab
249 5150 462 5223 angelisiffsol.
471 5168 531 5222 rur,
544 5154 581 5224 6).
592 5154 684 5226 Neque
695 5155 766 5211 enim
776 5155 838 5212 idco
849 5170 902 5212 non

105 5240 215 5311 melior,
230 5238 292 5312 quia
309 5238 412 5306 minor,-
429 5255 478 5296 nec
496 5242 631 5298 contraria
646 5251 709 5299 strnt
732 5244 815 5301 locuti
828 5244 903 5318 lipo-

143 5366 233 5437 (ιιι)
250 5354 288 5419 ιιι
302 5364 412 5490 scriptis
440 5366 565 5423 erunibus
591 5376 618 5424 ει
636 5367 716 5424 editis
740 5369 833 5439 primis
860 5371 905 5428 hic

105 5441 133 5494 le
153 5438 206 5493 itur
219 5451 345 5505 ens,·apn
380 5437 516 5494 ilorstiunr
532 5446 559 5492 el
572 5439 649 5505 ulios,
662 5442 839 5498 mnemonico
855 5457 904 5498 ena

108 5456 190 5566 nabes
202 5523 326 5566 serinonc
337 5510 383 5579 ib,
400 5526 475 5566 nun.
490 5515 536 5580 lt,
553 5526 603 5582 pro
625 5528 679 5582 qao
703 5510 778 5581 editi,
794 5513 902 5570 sedena.

956 3047 989 3087 eo
1004 3029 1076 3100 qrtod
1091 3027 1118 3081 ia
1133 3034 1255 3097 tempore
1270 3024 1355 3081 iactus
1374 3035 1424 3093 est,
1442 3040 1552 3080 omnem
1567 3024 1618 3079 sibi
1632 3026 1754 3080 eminen-

957 3119 1021 3174 tiam
1048 3116 1168 3174 rindicel
1196 3130 1278 3184 supra
1297 3128 1404 3170 omnem
1435 3113 1616 3184 principatum
1649 3122 1675 3170 et
1706 3128 1754 3185 po-

954 3215 1089 3274 testatem,
1110 3220 1195 3276 supra
1224 3217 1330 3257 omnem
1362 3201 1478 3273 denique
1494 3213 1646 3259 ereaturam
1663 3211 1755 3274 utpote

953 3293 1255 3371 primogenitnsomnis
1274 3300 1416 3347 creaturan.
1431 3293 1524 3363 ltaque
1539 3295 1613 3366 quod
1628 3295 1756 3350 stultum

951 3392 993 3444 esi
1023 3386 1079 3453 Dei,
1092 3385 1254 3457 sapientius
1278 3387 1320 3437 εει
1344 3380 1520 3447 bominibus,-
1549 3388 1578 3437 ει
1588 3383 1754 3456 quodinfir·

952 3493 1033 3533 mum
1052 3479 1093 3533 est
1118 3473 1291 3543 Deisortius
1304 3474 1346 3526 εει
1360 3471 1557 3540 hominibusi!
1579 3472 1641 3528 Cor.
1663 3475 1751 3542 nii).

952 3567 1006 3620 lioc
1026 3562 1133 3636 quidem
1152 3561 1309 3632 Apostolos.
1344 3557 1528 3614 elicientem
1567 3575 1621 3614 non
1646 3560 1756 3618 videtur

953 3668 1054 3718 errare,
1070 3651 1092 3706 si
1107 3650 1168 3722 quis
1179 3649 1261 3704 etiam
1276 3646 1415 3718 sapientiae
1429 3655 1456 3702 el
1472 3648 1621 3704 tortitudini
1637 3650 1752 3721 angelo-

953 3760 1012 3799 rum
1042 3739 1246 3813 praeierendum
1265 3737 1338 3792 dieat
1366 3736 1512 3792 identidem
1539 3736 1652 3794 stultum
1674 3739 1752 3796 infir·

953 3847 1081 3902 mumque
1096 3827 1158 3884 Dei.
1173 3828 1215 3882 lta
1243 3841 1309 3895 ergo
1327 3840 1447 3895 praesens
1473 3825 1549 3881 locos
1563 3828 1757 3886 convenienter

953 3919 1088 3992 aptabitur
1103 3914 1250 3973 universali
1266 3913 1405 3970 Ecclesiae.

989 4010 1032 4065 to.
1047 4009 1106 4063 lam
1119 4020 1185 4062 vero
1208 4003 1280 4076 quod
1295 4002 1327 4058 ad
1346 4018 1428 4058 unam
1452 4003 1626 4077 singulariter
1640 4005 1755 4063 animant

954 4105 1060 4170 spectat
1073 4097 1145 4168 (nam
1175 4100 1203 4149 el
1234 4107 1300 4160 una,
1326 4090 1349 4145 si
1364 4091 1453 4145 Deum
1469 4092 1594 4160 dulciter,
1610 4095 1756 4166 sapienter,

955 4187 1127 4244 uehementer
1142 4188 1222 4252 antal,
1238 4195 1339 4252 sponsa
1352 4182 1415 4248 εει),
1429 4182 1542 4252 quisquc
1558 4183 1708 4252 spiritualis
1727 4185 1755 4242 in

954 4272 1098 4344 semetipso
1113 4271 1249 4328 aduertere
1265 4277 1365 4340 potest,
1388 4268 1455 4340 quid
1470 4269 1522 4324 sibi
1536 4269 1598 4327 inde
1615 4273 1754 4344 proprium

950 4363 1116 4437 ,respondeat
1143 4360 1368 4433 experimentum.
1386 4359 1444 4431 Ego
1458 4375 1523 4415 vero
1538 4357 1667 4432 quidquid
1689 4359 1753 4418 illud

955 4461 1006 4522 est,
1020 4452 1091 4526 quod
1107 4450 1134 4506 in
1149 4450 1241 4506 mede
1256 4447 1412 4520 hujusmodi
1427 4447 1545 4518 experiri
1561 4448 1688 4504 donatum
1700 4457 1754 4519 est,

956 4559 1047 4600 coram
1061 4539 1150 4611 eloqui
1179 4553 1234 4594 non
1262 4537 1387 4593 verebor.
1408 4538 1479 4592 Nam
1510 4537 1560 4592 elsi
1574 4537 1628 4593 vile
1642 4537 1755 4594 forsitan

955 4647 1017 4687 eum
1036 4628 1117 4686 fuerit
1143 4626 1273 4693 aulitum,
1299 4634 1326 4680 et
1354 4623 1517 4694 despicabile
1536 4625 1671 4691 videatur,
1702 4643 1756 4682 non

956 4737 1016 4778 mea
1031 4719 1123 4786 relcrt;
1148 4717 1210 4790 quia
1234 4715 1279 4789 qui
1296 4713 1448 4788 spiritualis
1463 4723 1513 4780 est,
1534 4731 1588 4771 non
1611 4732 1652 4772 me
1666 4717 1756 4788 despi-

955 4808 1008 4863 ciet
1029 4806 1099 4878 :qui
1126 4805 1224 4870 minus.
1241 4821 1295 4861 non
1325 4819 1369 4859 me
1385 4803 1536 4876 intelliget.
1553 4804 1677 4859 Attamen
1692 4803 1714 4859 si
1730 4804 1756 4859 in

955 4896 1040 4952 alium
1060 4894 1132 4950 istud
1146 4909 1298 4950 sermonem
1316 4906 1473 4959 servavero,
1491 4889 1560 4947 forte
1576 4907 1629 4948 non
1644 4892 1758 4948 deerunt

956 4986 1003 5059 qui
1022 4981 1188 5041 aedificentur
1203 4984 1230 5039 in
1244 4982 1289 5052 iis,
1305 4997 1366 5053 quaa
1387 4989 1516 5038 exoratus
1532 4981 1644 5037 interim
1659 4982 1757 5039 Domi-

956 5090 1008 5129 nrs
1022 5069 1174 5144 inspirabit,
1190 5085 1306 5141 sponsus
1320 5070 1458 5135 Ecclesia,
1472 5071 1552 5128 lesus
1566 5072 1691 5128 Christus
1701 5074 1756 5127 llo-

957 5162 1046 5218 minus
1061 5167 1163 5223 noster,
1184 5157 1231 5229 qni
1255 5165 1296 5214 est
1311 5173 1393 5230 super
1407 5159 1497 5215 omnia
1511 5162 1585 5218 Deus
1600 5161 1759 5218 benedictus

958 5248 1113 5309 insecuta.
1133 5246 1231 5304 Amen.

957 5376 1007 5432 Hic
1024 5382 1111 5429 tamen
1129 5369 1211 5443 paulo
1226 5375 1286 5436 riost
1299 5371 1377 5426 etiam
1403 5371 1432 5426 io
1445 5376 1640 5448 manuscripts
1662 5377 1760 5450 legitur

957 5463 1078 5505 annitens
1088 5445 1132 5503 uei
1146 5443 1280 5501 catalano.
