3734 5948
109 219 111 223 ’
193 220 246 288 aas

655 227 683 284 S.
699 226 880 286 aunuatim
893 226 1041 285 nubatis
1055 226 1382 287 clauavnttunsts

1788 241 1845 298 bib

191 372 242 412 uos
272 356 324 428 ipsi
346 370 450 411 sumus:
474 352 607 425 siquidem
631 354 689 426 ipse
714 354 775 410 lecit
799 370 857 421 nos,
884 362 911 409 et
931 368 986 410 non
1001 369 1025 449 Α
1042 369 1101 409 rum
1125 354 1175 411 etsi
1195 354 1280 425 gratis
1303 364 1433 425 prestare
1453 356 1549 421 velles,
1576 358 1663 414 nolles
1683 371 1787 432 tamen,
1810 369 1841 420 ut

191 443 275 502 867
292 445 342 516 ipsi
362 459 422 499 nos.
439 441 570 499 Parumne
586 442 633 498 tibi
647 443 753 499 videtur
775 442 848 497 istud
871 443 935 515 qnia
959 452 985 499 te
1042 443 1112 498 hanc
1133 442 1180 498 tibi
1199 443 1243 499 illc
1266 444 1450 512 praetenderet
1478 445 1685 517 ingratitudinis
1713 465 1838 507 cauum.

189 533 273 589 lecit?
285 532 380 607 Cogita
400 532 507 604 qualem
523 541 549 588 te
566 531 642 587 lecit:
659 548 756 602 nempe
780 530 862 587 etiam
885 547 984 588 sacun-

189 623 252 677 ‹lum
276 637 375 692 corpus
401 621 539 693 egregiam
564 629 724 685 creaturam,
753 620 802 676 sed
835 622 984 677 secundum

189 712 308 766 animam
327 710 422 786 magis,
444 718 538 781 utpote
552 709 671 781 imagine
684 709 814 764 creatoris
837 709 981 782 insignem,

188 799 301 855 rationis
315 799 483 871 participem,
496 813 624 868 capacem
639 797 812 853 beatitudinis
835 798 981 870 sempiter-

187 905 247 955 nae;
262 904 344 961 porro
359 887 506 943 secrrndum
525 886 605 941 ambo
619 885 697 941 simul
711 902 767 957 prae
782 886 887 942 caeteris
900 902 980 943 crea-

187 979 256 1032 turis
269 977 386 1031 maxime
397 974 594 1039 admirandam,
610 974 792 1030 coherentem
807 975 858 1030 sibi
872 975 980 1031 incom-

185 1063 362 1144 prehensibili
376 1061 499 1134 artificio,
521 1062 702 1134 investigabili
729 1064 862 1135 sapientia
883 1064 980 1121 condi·

187 1155 259 1208 toris.
277 1155 369 1223 ltaque
384 1157 439 1207 tom
453 1155 581 1226 maguum
598 1154 648 1207 hoo
663 1151 774 1217 donum,
791 1167 871 1224 quam
881 1168 980 1225 magna

184 1259 230 1298 res
245 1243 335 1298 homo.
353 1241 407 1296 Sed
423 1255 504 1312 quam
519 1240 666 1311 gratuitum
683 1241 780 1312 putas?
802 1241 914 1297 Planum
938 1249 980 1298 est

183 1332 246 1404 quia
261 1330 326 1386 nihil
341 1335 403 1384 ante
418 1328 578 1400 promeruit,
593 1330 638 1400 qui
654 1328 760 1400 penitus
774 1330 840 1385 nibil
855 1329 912 1387 luit.
936 1332 978 1386 dn

1076 536 1103 589 3.
1118 532 1252 588 Ceterum
1266 547 1301 587 ex
1320 533 1371 587 boc
1379 534 1434 602 jam
1450 535 1557 590 tertium
1568 550 1637 607 opus
1651 543 1704 593 tun
1723 541 1837 596 redem-

1038 620 1139 690 ptionis
1152 622 1272 676 attende.
1287 620 1348 676 Non
1364 630 1405 676 est
1418 623 1543 679 velamen
1568 626 1768 699 excunuonis3
1791 629 1837 685 la-

1038 707 1132 762 borum
1148 724 1258 780 prorsus
1272 709 1299 762 in
1315 724 1357 765 ea.
1371 709 1464 766 Gratis
1478 713 1529 767 hoc
1551 728 1661 785 quoque
1683 717 1836 788 praestitum

1037 805 1089 864 est,
1104 798 1151 853 sed
1170 798 1255 870 gratis
1271 798 1343 869 quod
1358 799 1393 854 ad
1408 805 1434 854 te
1458 801 1586 870 pertinet.
1606 803 1675 858 Nam
1697 804 1771 875 quod
1799 807 1834 861 ad

1037 884 1121 950 illum,
1137 886 1218 957 plane
1232 901 1286 941 non
1300 887 1394 957 gratis.
1411 888 1506 944 Salvus
1520 888 1605 945 iactus
1620 905 1714 964 aspro
1735 893 1832 961 nihilo,

1036 989 1090 1029 non
1105 974 1140 1029 de
1154 975 1237 1030 nihilo
1255 983 1354 1031 tamen.
1372 975 1441 1045 Quid
1456 977 1544 1033 adhuc
1557 979 1686 1036 dormitat
1699 981 1832 1039 allectio?

1035 1063 1091 1117 lmo
1105 1076 1171 1119 nero
1185 1070 1291 1119 mortua
1305 1072 1346 1120 est
1360 1064 1415 1130 illa,
1429 1080 1484 1120 non
1504 1064 1612 1134 dormit,
1628 1084 1690 1140 quse
1706 1070 1770 1126 huic
1785 1072 1833 1127 be·

1035 1150 1132 1206 nofioio
1147 1165 1201 1209 non
1216 1153 1447 1224 respondetque
1461 1170 1491 1208 sc
1506 1161 1590 1211 totam
1604 1170 1662 1211 nou
1677 1155 1832 1216 elluuditin

1034 1241 1180 1309 gratiarum
1194 1239 1339 1307 actionem,
1354 1247 1382 1296 et
1396 1256 1490 1296 vocem
1501 1241 1599 1298 laudis.
1610 1244 1679 1298 Nam
1693 1251 1721 1301 at
1730 1255 1831 1304 caetera

1034 1328 1087 1383 ‹luo
1102 1328 1303 1384 evidentissime
1317 1328 1426 1384 tertium
1441 1330 1494 1386 hoc
1507 1333 1692 1400 commendat,
1706 1342 1738 1389 ut
1752 1335 1832 1392 ineis

182 1428 278 1492 postea
307 1416 469 1490 sperabatur
495 1417 611 1488 gratiam
641 1417 823 1474 retributurus
856 1418 978 1475 aucwrii
1033 1430 1141 1488 quoqne
1156 1433 1221 1474 vcra
1236 1415 1318 1473 luisse
1332 1418 1441 1474 dilectio
1464 1421 1670 1493 comprobetur,
1691 1437 1746 1478 non
1763 1439 1830 1495 pro·

183 1512 251 1565 Decri
262 1509 380 1579 Domino
389 1528 398 1565 .·
408 1508 482 1563 Deus
495 1522 574 1565 meus
590 1521 619 1562 es
637 1511 679 1572 tn,
695 1509 829 1580 quoniam
843 1507 978 1567 bonorum
1032 1512 1127 1574 pterea
1140 1505 1174 1560 de
1194 1504 1263 1561 lucili
1273 1513 1406 1576 praestans
1419 1508 1492 1578 quod
1505 1507 1589 1564 nollet
1598 1509 1685 1580 aliter,
1696 1512 1745 1566 sed
1755 1513 1828 1584 qnod

90 1630 97 1635 -
180 1614 309 1656 meorum
323 1612 449 1667 nonages
463 1595 551 1666 (Prot.
568 1611 617 1666 xv,
633 1597 672 1668 ι).
688 1595 840 1667 Nonigitnr
853 1612 978 1653 necessa·
1031 1607 1087 1648 non
1101 1593 1179 1649 aliter
1201 1600 1351 1664 oporteret.
1379 1596 1474 1667 ltaque
1484 1594 1548 1652 lecit
1558 1604 1585 1653 te
1600 1598 1754 1670 Deustuus,
1766 1598 1829 1656 lecit

181 1687 248 1742 riam
263 1685 444 1742 retributurus
461 1684 575 1755 gratiam
590 1683 615 1740 ei
630 1685 676 1756 qui
692 1684 732 1741 sic
746 1700 795 1756 per
813 1684 903 1740 omnia
925 1686 976 1741 sibi
992 1672 1014 1750 Β
1032 1686 1085 1736 lam
1099 1683 1181 1738 multa
1198 1688 1308 1753 propter
1323 1690 1359 1747 ιθ,
1371 1682 1589 1756 fetilptopterte
1599 1696 1626 1742 et
1636 1687 1824 1758 semetipsum.

181 1775 291 1847 sulhcit,
306 1773 354 1830 sed
368 1774 480 1830 denotas
494 1772 629 1828 relaturus
644 1773 744 1847 gratias
759 1773 785 1828 ei
799 1774 845 1845 qui
861 1775 899 1829 sic
913 1791 974 1831 me·
1037 1771 1152 1828 Verbum
1161 1788 1226 1827 coro
1236 1771 1347 1843 factum
1356 1775 1396 1829 cst
1406 1776 1433 1829 et
1445 1772 1583 1830 habitavit
1596 1777 1627 1830 in
1636 1776 1714 1834 nobis
1730 1779 1823 1848 (ioan.

179 1864 232 1920 ruit
247 1863 417 1936 sperabatur.
434 1860 532 1931 Quidni
546 1861 647 1933 gratias
661 1860 743 1932 agat?
757 1861 785 1917 Si
802 1861 864 1934 quis
877 1862 973 1919 oculo·
1030 1874 1050 1927 r,
1066 1861 1120 1929 ιι).
1137 1859 1207 1929 Quid
1230 1859 1319 1916 adhuc
1339 1859 1445 1915 restat?
1467 1861 1564 1917 Nactus
1586 1870 1629 1918 est
1650 1863 1709 1935 ipse
1734 1872 1824 1922 teonm

178 1970 238 2009 rum
252 1952 354 2019 lumen,
368 1950 464 2023 siquis
488 1966 565 2006 usum
591 1951 705 2018 aurium,
728 1951 750 2005 si
773 1951 834 2023 quis
857 1953 972 2021 narium,

177 2044 199 2099 si
213 2042 274 2114 quis
288 2057 427 2105 manuum,
443 2038 539 2111 siquis
554 2039 653 2111 pedum
668 2040 714 2094 tibi
728 2040 906 2112 praepeditum
923 2041 972 2096 ali·

176 2131 286 2205 quando
299 2145 440 2202 reparasse
455 2128 592 2186 rideretur
601 2122 733 2195 officium,
746 2129 769 2184 si
783 2131 843 2201 quis
856 2130 971 2202 sopitam

175 2218 271 2290 quavis
285 2220 426 2274 occasione
437 2218 570 2273 excitasse
585 2217 612 2272 in
629 2224 655 2272 te
675 2217 823 2273 rationem:
843 2218 971 2290 quianon

176 2307 244 2362 alius
267 2307 314 2362 tibi
341 2307 579 2363 vehementissime
607 2313 792 2374 succenseret,
816 2306 839 2361 si
863 2308 970 2379 quando

176 2396 246 2452 lorte
259 2393 387 2451 beneficii
400 2395 483 2463 huius
495 2395 681 2450 immemorem
693 2403 729 2459 te,
746 2403 792 2450 ant
803 2395 970 2451 benefactori

1028 1962 1091 2002 caro
1105 1963 1173 2004 nna:
1191 1954 1217 2003 te
1236 1963 1345 2021 quoquc
1357 1963 1449 2004 secum
1472 1948 1552 2004 saciet
1578 1951 1701 2022 spiritum
1725 1969 1820 2009 unum.

1027 2036 1088 2091 Non
1104 2036 1233 2092 recedant
1247 2035 1332 2093 868
1347 2037 1405 2092 haec
1427 2045 1544 2109 quatuor
1562 2041 1670 2095 aconle
1696 2047 1753 2108 tuo,
1769 2058 1824 2099 non

1026 2125 1061 2178 ab
1076 2140 1134 2191 ore,
1149 2140 1203 2180 non
1218 2139 1234 2178 a
1249 2126 1390 2191 memoria,
1407 2141 1461 2181 non
1476 2126 1510 2180 ab
1525 2125 1680 2185 allectione.
1697 2131 1761 2186 llaec
1776 2146 1823 2187 co·

1026 2213 1081 2282 gite
1096 2229 1216 2285 semper,
1237 2213 1264 2267 in
1277 2213 1319 2268 his
1333 2214 1434 2285 ingiter
1447 2215 1594 2271 delectare.
1610 2216 1657 2270 llis
1670 2217 1745 2275 velut
1757 2219 1821 2292 qui-

1026 2302 1139 2355 busdam
1154 2300 1270 2356 stimulis
1284 2316 1387 2374 urgens
1400 2303 1513 2358 sollicita
1536 2304 1654 2360 animam
1670 2314 1753 2376 tuam,
1779 2307 1822 2363 his

1026 2389 1128 2445 lacibus
1156 2406 1216 2445 eam
1245 2390 1412 2446 inllammare
1436 2399 1540 2458 curato,
1565 2394 1599 2448 ad
1623 2394 1819 2451 redamandum

174 2483 401 2556 deprehendisset
420 2481 576 2556 ingratum?
591 2481 737 2538 Enimvero
750 2483 882 2539 Dominus
897 2485 970 2540 Deus
1023 2494 1086 2534 eum
1100 2479 1146 2551 qui
1165 2486 1218 2534 tam
1234 2478 1415 2549 multipliciter
1428 2497 1507 2536 suum
1531 2481 1579 2536 tibi
1602 2498 1668 2556 erga
1692 2490 1719 2539 te
1742 2499 1820 2540 com-

174 2581 246 2640 tnus‚
256 2572 314 2644 ipsa
323 2572 403 2627 etiam
414 2571 462 2625 tibi
472 2571 652 2625 instrumenta
659 2570 781 2644 largitus,
791 2588 825 2626 ex
835 2571 939 2627 nihilol
954 2604 968 2614 -
1022 2566 1133 2622 meudat
1148 2583 1279 2623 amorem.
1296 2568 1432 2624 Memento
1446 2585 1512 2625 sane
1527 2570 1600 2643 quod
1623 2571 1695 2628 idem
1709 2573 1762 2630 ait:
1789 2575 1820 2632 Si

172 2663 209 2718 cit
219 2660 384 2717 haecomnia.
396 2661 456 2715 Nec
464 2659 543 2714 modo
552 2657 626 2724 iecit,
638 2658 867 2732 sedetmmpegit
875 2661 967 2727 etiarn,
1022 2655 1210 2728 diripuisses,
1226 2658 1364 2713 madata
1377 2673 1441 2713 mett
1463 2662 1572 2716 seruate
1587 2660 1668 2730 (loon
1683 2676 1740 2731 xre,
1759 2665 1815 2734 tb);

172 2759 200 2805 et
213 2749 347 2814 formarit,
363 2764 394 2804 ac
408 2764 457 2804 sno
471 2747 600 2819 quodque
623 2747 765 2826 illustrarit
778 2748 876 2804 ot'ticio.
893 2748 966 2816 Quo·
1022 2744 1195 2815 Servaigitur
1209 2746 1335 2801 mandata
1354 2745 1489 2802 Creatoris
1511 2749 1558 2814 tui,
1584 2763 1665 2807 serva
1688 2750 1818 2807 mandata

173 2835 967 2910 modononinhisomniJnresibigratiasexigitampliores?
1022 2831 1204 2889 benefactoris
1217 2834 1265 2900 tui,
1280 2835 1462 2907 redemptoris
1478 2835 1524 2904 tui,
1538 2839 1752 2894 remuneratoris
1767 2841 1817 2895 tui.

206 2932 233 2983 ι.
248 2929 318 2983 Nam
331 2943 366 2983 ne
382 2927 432 2982 hoc
455 2925 575 2998 quidem,
594 2925 660 2981 licet
680 2926 806 2987 maximo,
824 2934 966 2983 contentus
1057 2923 1081 2976 i.
1098 2921 1151 2978 Sed
1162 2922 1185 2977 si
1198 2923 1256 2978 baec
1269 2929 1394 2994 quatuor,
1409 2931 1476 2995 quot
1484 2930 1547 2979 sunt
1555 2927 1815 2985 mundatatomnes

171 3032 296 3084 munere,
312 3015 357 3089 qni
372 3014 447 3070 dedit
460 3024 490 3071 ut
504 3030 581 3070 esses
596 3014 644 3087 qui
658 3021 722 3071 ante
736 3029 791 3071 non
806 3015 907 3084 sueres,
922 3015 967 3069 ad·
983 2983 1004 3062 Β
1020 3009 1142 3066 novimus
1155 3010 1251 3068 decem
1266 3028 1336 3068 osse.
1354 3013 1448 3083 ltaque
1464 3028 1513 3083 per
1521 3015 1725 3083 quaternarium
1740 3017 1812 3073 hunc

166 3105 234 3176 jacit
246 3104 329 3161 adnm
344 3104 416 3159 unde
432 3104 596 3159 subsisteres
607 3103 653 3176 qui
664 3105 718 3174 jam
730 3119 802 3159 eras.
812 3103 967 3160 Noominus
1019 3098 1178 3172 decalogum
1194 3099 1262 3175 legis
1278 3100 1465 3171 multiplicans,
1481 3117 1573 3157 veram
1588 3104 1673 3159 habos
1691 3104 1813 3175 quadra-

166 3193 317 3252 liberaliter
330 3194 390 3258 hoc,
407 3207 487 3265 quam
502 3191 565 3247 illud
585 3191 745 3248 mirabiliter
763 3201 804 3248 est
826 3199 963 3265 operatus.
1019 3189 1159 3259 gesimam,
1177 3196 1255 3245 tenes
1270 3188 1505 3263 quadragesimam
1532 3191 1711 3262 spiritualem.
1742 3193 1815 3249 Tan-

169 3285 327 3350 Frwiamue,
337 3281 433 3353 inquil,
444 3281 587 3337 hominem
594 3282 966 3352 adimaqinemetsimililu-
1020 3283 1075 3331 lunt
1088 3284 1130 3333 sla
1148 3280 1175 3334 in
1187 3279 1292 3346 timore,
1307 3286 1335 3335 ei
1345 3293 1469 3351 praepara
1485 3279 1689 3336 animamillam
1705 3281 1739 3334 ad
1756 3290 1817 3337 len·

168 3372 262 3426 dinem
270 3368 480 3437 nostramQuid
490 3385 555 3424 vero
566 3368 678 3438 postea?
690 3373 724 3426 at
733 3373 964 3444 praesitpiscibus
1020 3365 1160 3422 tationem.
1181 3367 1252 3423 Cave
1268 3367 1404 3439 serpentis
1418 3367 1555 3437 astutiam,
1571 3369 1688 3425 observa
1701 3368 1812 3425 insidias

167 3457 408 3524 murts‚etbestiia
422 3460 516 3522 terre,
536 3460 565 3514 et
586 3456 748 3513 volatilibus
767 3461 839 3515 cati.
855 3460 923 3515 Nam
936 3469 965 3516 ot
1018 3454 1129 3511 inimici.
1163 3458 1268 3527 Nempe
1296 3455 1465 3528 quadruplici
1488 3465 1655 3513 tentamento
1683 3457 1817 3529 quadrila-

167 3545 288 3603 ooelestia
301 3562 364 3602 sese
386 3545 524 3607 elementa
540 3545 568 3600 in
584 3560 649 3599 usus
672 3560 780 3602 creasse
805 3554 874 3615 tuos,
900 3557 963 3605 anto
1018 3559 1086 3599 unm
1101 3544 1234 3616 impedire
1249 3552 1362 3601 conatur
1375 3546 1509 3603 actionem
1523 3562 1604 3618 qnam
1618 3545 1735 3618 exigeris
1746 3561 1813 3618 gra-

166 3637 305 3692 docuerat.
321 3637 427 3708 Nempe
450 3635 521 3691 lacta
543 3641 739 3707 memorantur,
764 3641 794 3690 ιιι
817 3645 911 3692 essent
931 3640 963 3694 tn
1017 3635 1126 3689 darum.
1152 3633 1282 3690 Tentatus
1301 3644 1342 3690 est
1366 3634 1393 3689 in
1419 3635 1461 3690 his
1484 3636 1611 3692 omnibus
1629 3635 1762 3701 Christus,
1786 3646 1816 3691 ut

165 3727 258 3795 sique
268 3730 296 3781 et
307 3730 444 3800 tempora,
456 3730 484 3782 et
498 3725 556 3780 dies
567 3729 594 3781 et
611 3741 701 3782 nanos
716 3726 796 3793 (Gen.
812 3741 832 3780 ι.
849 3729 891 3791 26,
907 3728 971 3799 tlh*
1016 3722 1148 3779 veraciter
1162 3722 1196 3778 ab
1211 3724 1341 3795 Apostolo
1361 3725 1530 3782 scriberetur
1549 3724 1642 3798 [olins
1659 3723 1813 3796 scribitnrlz

165 3813 214 3868 Cui
230 3815 330 3884 putas?
344 3814 415 3868 Nulli
431 3813 524 3885 utique
550 3813 601 3868 nisi
617 3814 674 3869 tibi.
700 3813 806 3870 Cretera
828 3815 962 3886 siquidem
1019 3813 1155 3868 Teutates
1163 3815 1320 3885 peremnia
1329 3829 1382 3886 pro
1390 3814 1581 3870 similitudine
1591 3814 1693 3886 absque
1699 3820 1814 3886 peccato

165 3917 261 3958 omnes
273 3908 404 3957 creaturae
420 3911 465 3957 aut
479 3903 507 3956 in
521 3902 595 3957 nullo
610 3912 693 3974 egent
709 3903 750 3957 his
764 3903 901 3971 omnibus,
916 3913 962 3960 aut
1015 3900 1106 3971 (Nebr.
1122 3917 1159 3968 ιι,
1176 3904 1230 3970 15).
1245 3901 1303 3958 Ειιι
1314 3900 1384 3958 lorte
1399 3901 1446 3972 qui
1465 3903 1579 3959 miratur
1594 3910 1621 3958 et
1635 3901 1716 3967 dicat,
1731 3917 1814 3975 quar-

165 4005 221 4046 non
234 3989 390 4061 intelligunt
404 4005 449 4047 ea.
473 3989 561 4059 Quam
576 3991 702 4060 copiosus
723 3992 885 4048 insecundo
908 3994 961 4050 hoe
1015 3994 1069 4042 tarn
1085 4003 1145 4044 sese
1160 3989 1268 4045 Domini
1292 3989 1470 4046 tentationem
1486 4005 1541 4047 non
1563 3991 1672 4064 legisse.
1699 3991 1811 4057 verum,

164 4077 402 4150 herennianum
416 4077 620 4134 liberalissimus
635 4078 705 4133 fuit‘l
717 4079 825 4148 Quanta
840 4081 888 4136 tibi
904 4082 959 4137 lar·
1014 4085 1045 4133 ut
1057 4093 1109 4152 ego
1130 4078 1258 4142 arbitror,
1277 4093 1331 4135 non
1345 4080 1397 4136 hoc
1410 4079 1525 4146 diceret,
1540 4081 1562 4135 si
1577 4079 1676 4152 legisse
1698 4095 1728 4136 so
1748 4095 1810 4136 me-

163 4167 237 4240 gitus
250 4175 293 4223 est
305 4166 585 4223 adsustentationeml
604 4167 748 4239 quantaad
762 4168 958 4226 emditioneml
1015 4167 1147 4231 minisset,
1164 4168 1291 4239 quoniam
1307 4167 1428 4224 tc'ntotio
1443 4173 1486 4225 est
1500 4170 1563 4224 vita
1582 4168 1705 4225 nomime
1728 4185 1813 4242 super

165 4263 265 4328 quanta
280 4255 315 4310 ad
337 4256 566 4312 consolationem!
590 4264 689 4329 quanta
715 4272 749 4313 ex
772 4257 823 4314 boc
844 4259 900 4327 jam
925 4261 959 4315 ad
1015 4259 1121 4313 terram
1141 4255 1200 4326 (lob
1214 4272 1266 4327 ru,
1284 4257 1320 4328 t).
1336 4257 1393 4311 lloc
1410 4256 1484 4311 enim
1498 4256 1544 4328 qui
1558 4255 1692 4322 meminit,
1706 4271 1763 4312 non
1779 4273 1810 4313 ea

163 4342 379 4417 correptionem!
400 4352 502 4418 quanta
516 4345 597 4400 etiarn
612 4344 647 4399 ad
661 4345 885 4404 delectationem!
902 4349 959 4404 ve.
1015 4350 1119 4399 tanturn
1132 4343 1227 4414 triplici
1247 4344 1395 4400 tentatione
1410 4352 1542 4400 tentatum
1566 4343 1650 4399 luisse
1666 4344 1810 4402 Dominum

163 4449 224 4489 rurn
237 4433 295 4490 hac
309 4434 363 4489 duo
378 4434 476 4506 gratis,
492 4442 519 4490 et
535 4435 677 4506 dupliciter
691 4435 775 4509 gratis
799 4435 872 4494 lecit.
888 4436 958 4506 Quid
1013 4432 1169 4503 arbitratur,
1186 4448 1246 4504 quae
1258 4432 1329 4488 iacta
1342 4441 1385 4488 est
1399 4431 1427 4487 in
1446 4433 1550 4503 jejunio
1566 4432 1679 4498 deserti,
1700 4433 1729 4488 in
1750 4435 1811 4506 pin·

161 4523 232 4589 dioo,
248 4522 392 4593 dupliciter
405 4523 505 4599 gratis?
521 4523 697 4579 stramento
713 4534 769 4588 tuo,
784 4526 844 4580 stne
866 4525 959 4583 labore
1013 4521 1107 4577 nacula
1125 4522 1225 4592 tempti,
1242 4521 1269 4576 in
1283 4521 1385 4579 vertice
1408 4521 1509 4578 montis
1523 4523 1634 4593 (natta.
1659 4525 1710 4592 rr).
1737 4524 1811 4578 Sane

160 4627 220 4668 suo.
234 4612 340 4684 Nempe
354 4612 441 4677 dixit,
460 4617 488 4670 ct
498 4615 577 4683 facto
587 4615 755 4682 suntffsut.
765 4628 858 4679 xxxrr,
868 4614 906 4686 9).
917 4618 958 4670 hu
1014 4611 1040 4665 in
1056 4611 1097 4666 bis
1116 4611 1241 4666 omnibus
1256 4618 1314 4666 erat
1329 4611 1472 4667 manifesta
1497 4612 1619 4668 tentatio.
1639 4612 1738 4667 Verum
1761 4611 1809 4667 illa

159 4700 260 4757 idcirco
276 4701 364 4756 minus
378 4701 503 4767 devotus,
519 4701 607 4756 minus
625 4702 765 4767 obnoxius,
784 4702 873 4757 minus
896 4720 958 4775 gra·
1013 4716 1072 4772 qnae
1086 4706 1185 4756 extunc
1199 4708 1226 4755 et
1242 4700 1372 4772 deinceps
1385 4717 1472 4773 usque
1486 4703 1521 4758 ad
1542 4708 1658 4757 mortem
1674 4700 1762 4756 crucis
1781 4703 1807 4756 ei

159 4794 203 4845 tus
218 4805 258 4855 es,
274 4790 346 4862 quod
362 4792 420 4846 haec
434 4789 544 4862 quidem
558 4791 628 4846 sicut
641 4806 691 4862 pro
706 4791 800 4860 nihilo,
816 4791 852 4846 ita
865 4793 899 4848 de
920 4794 959 4848 ni·
1012 4804 1066 4844 non
1080 4788 1176 4857 deluit,
1192 4789 1243 4845 etsi
1258 4790 1398 4857 occultior,
1421 4792 1609 4847 vehementior
1634 4798 1724 4845 tamen
1746 4788 1806 4845 luit.

159 4875 215 4933 hilo
230 4878 313 4933 lecit?
328 4879 450 4936 Perversi
469 4879 558 4935 cordis
573 4886 615 4934 est
636 4880 792 4937 occasiones
811 4880 956 4952 iugratitu-
1010 4879 1068 4934 Nec
1084 4878 1134 4933 hoc
1149 4893 1289 4950 quoqnca
1313 4881 1451 4953 proposita
1474 4879 1649 4935 similitudine
1672 4877 1807 4934 ridebitur

159 4964 231 5019 dinis
249 4967 395 5038 vestigare.
411 4969 499 5024 Nemo
515 4968 541 5023 id
557 4968 629 5039 lacit,
645 4969 696 5024 nisi
709 4970 755 5041 qui
776 4970 856 5024 etiam
872 4972 957 5042 gratis
1011 4967 1104 5040 lulius,
1115 4967 1232 5040 uidetur]
1247 4969 1407 5026 abhorrere:
1422 4969 1490 5024 Nam
1506 4977 1532 5024 et
1547 4967 1649 5023 triailla
1660 4964 1806 5038 beneficia,

158 5063 201 5110 est
215 5054 345 5124 ingratus.
363 5057 430 5113 Puto
445 5058 517 5113 enim
532 5067 656 5114 neutrum
673 5059 720 5113 tibi
739 5065 888 5130 propterea
902 5060 954 5115 mi·
1009 5044 1070 5128 quar
1083 5059 1139 5128 jam
1155 5057 1298 5124 transiere,
1313 5057 1515 5115 euidentissima
1530 5058 1595 5114 etin
1614 5057 1702 5113 lucem
1717 5056 1805 5127 posita

158 5160 211 5200 nus
224 5143 299 5208 utile,
316 5147 388 5214 quod
403 5146 540 5216 praestanti
555 5148 665 5204 minime
680 5147 789 5203 dillicile
803 5146 861 5204 luit.
878 5149 952 5206 Alio·
1007 5159 1069 5201 esse
1084 5156 1243 5203 noscuntur.
1262 5145 1335 5202 Sane
1359 5147 1432 5218 qnod
1456 5145 1490 5201 ad
1512 5163 1589 5218 spem
1614 5146 1674 5204 vitae
1694 5152 1806 5201 aeternae

156 5233 221 5305 quin
238 5232 261 5287 si
274 5232 346 5289 torte
359 5235 431 5305 quod
446 5236 471 5290 ei
485 5234 657 5303 laboriosum,
674 5236 722 5291 tibi
735 5237 822 5309 magis
835 5253 954 5294 commo-
1007 5234 1135 5307 pertinet,
1162 5236 1282 5292 noudum
1305 5236 1463 5303 exhibitum,
1490 5237 1607 5293 necdum
1630 5232 1804 5308 propalatum

156 5321 221 5377 dum
235 5320 324 5390 ducis,
340 5337 372 5378 ex
388 5328 414 5378 te
429 5322 489 5395 ipso
499 5324 545 5380 tibi
559 5324 688 5396 judicium
703 5326 765 5392 hoc,
780 5341 833 5383 ncc
848 5336 874 5384 te
888 5327 952 5385 alibi
1007 5329 1049 5380 est
1062 5324 1151 5381 nobis.
1166 5323 1241 5380 Nihil
1256 5325 1370 5393 proinde
1385 5325 1494 5395 mirum,
1510 5327 1532 5381 si
1546 5326 1582 5381 sit
1599 5325 1689 5380 minus
1707 5331 1804 5393 aperta

154 5405 222 5463 illud
237 5417 330 5481 putem
344 5423 425 5481 qnam
446 5410 516 5482 apud
540 5418 568 5467 to
587 5410 723 5467 didicisse.
739 5412 784 5468 Sic
806 5422 951 5484 prestares
1006 5413 1129 5478 tentatio,
1144 5413 1190 5469 ubi
1202 5413 1283 5469 etiam
1297 5427 1379 5469 causa
1400 5416 1556 5472 tentationis
1574 5412 1690 5472 occulta.
1711 5411 1802 5469 Cate-

158 5491 288 5555 libentius
305 5495 366 5567 ipse
381 5494 458 5551 lratri
472 5501 518 5553 tuo
531 5493 636 5569 absque
648 5494 821 5554 incommodo
828 5506 884 5556 tuo.
895 5500 948 5560 Ve·
1008 5516 1069 5559 runi
1083 5509 1112 5559 et
1125 5501 1286 5574 diuturnior,
1305 5509 1334 5559 et
1347 5502 1460 5563 umidior
1471 5505 1531 5578 ipsa
1544 5510 1597 5572 est,
1612 5501 1687 5576 qnod
1706 5500 1804 5558 adver·
