3734 5948
478 181 513 243 tlt
530 179 751 246 atbtdtttolttt
770 183 936 247 auctastta
955 187 1063 250 sanita
1081 190 1116 251 V.
1563 191 1617 254 530

83 299 213 357 aboribm
227 301 294 368 suis,
309 302 356 374 qui
375 310 448 361 tanto
464 303 572 364 lemare
589 305 676 365 otium
696 309 762 367 hac·
781 326 805 406 Α
821 312 936 387 pergitis
949 329 1070 386 quaerere
1092 313 1169 384 caius
1192 314 1288 384 sancti,
1304 264 1370 372 lund
1406 322 1465 373 arte
1485 317 1542 387 jam
1560 332 1614 376 aaa

83 388 237 458 rterdiaere,
256 390 363 448 labores
385 393 506 451 indicere
521 396 675 453 consuerit.
702 400 763 470 lpse
820 402 867 458 ita.
883 401 996 472 Quoties
1019 402 1092 459 enim
1118 403 1243 474 apostoli,
1263 417 1311 458 sea
1334 406 1468 479 martyris,
1484 405 1526 466 uel
1545 421 1614 464 con-

83 480 205 536 rncuris
225 479 315 549 saciet,
337 490 363 538 et
376 484 410 539 nb
433 484 507 540 amai
521 485 701 544 sollicitudine
714 503 762 545 se·
817 490 929 548 sessoris
940 491 1057 561 alicujus
1070 492 1202 549 memoria
1228 491 1389 559 celebratur,
1409 494 1480 551 hand
1501 494 1614 551 diliinila

83 566 129 639 b‘t,
145 568 191 640 qui
218 570 300 626 moda
322 572 435 628 consilia
456 574 533 645 pouit
555 574 583 630 in
599 576 689 633 anima
703 593 762 646 sua,
817 587 859 636 est
879 580 971 638 dicere
993 582 1081 652 cujas,
1101 589 1198 650 utputa
1217 580 1303 637 sancti
1328 581 1409 648 Petri,
1436 591 1463 638 et
1486 584 1615 653 Stephani

83 656 165 715 eitam
196 657 258 714 lacit
282 676 348 733 erga
375 660 459 717 malta
480 664 592 721 turbari.
618 666 680 737 Ipse
707 668 764 737 jam
817 666 943 739 gloriosi,
956 676 1003 723 nat
1020 667 1105 724 sancti
1123 668 1209 724 Patris
1228 667 1313 725 nostri
1336 667 1483 735 Benedicti,
1499 668 1542 726 val
1561 669 1613 725 ali-

83 748 212 806 Latoriain
235 765 301 820 pace
316 751 343 805 in
362 751 481 823 idipsum
497 755 618 810 suaviter
645 756 762 813 dormire
818 756 900 825 cujus
934 763 1093 813 caeterorum
1121 772 1283 830 magnorum
1322 757 1474 829 principum
1507 773 1614 831 magna

83 838 132 906 ltit,
147 840 279 912 qai‚dum
295 840 385 897 adhuc
400 842 443 898 leo
458 843 568 917 rugiens
582 843 673 902 fremit
688 854 715 902 ot
728 847 762 902 ad
817 843 984 901 curiaecoeli.
1003 847 1084 901 Nunc
1104 860 1169 902 vero
1203 845 1304 901 nullius
1334 860 1429 900 eorum
1457 845 1614 902 solemnitas

89 928 199 998 exciam,
216 936 242 986 et
265 930 382 1005 accingit
405 931 439 986 ad
460 949 590 1004 pugnam.
614 933 717 992 Verum
736 935 762 991 iu
817 931 906 1005 agitur
920 951 928 989 :
944 932 1035 1006 agitur
1051 941 1140 988 tomen
1156 932 1285 989 nonnulla
1299 935 1468 991 solemnitas.
1482 934 1538 991 Nec
1551 949 1613 991 mo·

97 1033 182 1089 supra
200 1019 348 1094 tetigimus,
374 1019 496 1076 liberatio
523 1021 613 1095 magis
635 1038 652 1078 a
678 1025 761 1094 malo,
817 1020 1004 1090 dononuullu,
1019 1021 1068 1077 sed
1083 1035 1138 1077 aaa
1160 1037 1254 1093 parua.
1270 1020 1302 1078 lit
1320 1021 1343 1077 si
1361 1022 1417 1092 jam
1437 1023 1518 1078 uultis
1533 1021 1613 1078 audi-

83 1104 144 1165 toni
176 1107 329 1163 muneratio
352 1117 414 1163 est:
441 1109 492 1164 nisi
518 1110 590 1183 quod
617 1111 683 1169 dura
712 1128 764 1170 aas
816 1133 857 1184 re,
874 1117 1004 1177 festivitas
1019 1126 1061 1175 est
1075 1118 1303 1188 damasllamini,
1319 1119 1485 1191 templiDei,
1499 1118 1614 1175 ciuitatis

95 1196 264 1252 necessitatis
296 1196 462 1267 experientia
498 1199 582 1272 cogit,
611 1199 762 1257 absentiam
816 1205 890 1278 regis
908 1206 1010 1274 aewmi,
1040 1221 1148 1278 spoasae
1168 1207 1279 1266 Christi.
1302 1207 1389 1263 Nemo
1412 1223 1478 1263 sana
1500 1207 1614 1280 ambigit

83 1281 262 1341 mauruntus
277 1284 409 1340 aestimare
426 1302 432 1343 z
449 1287 675 1358 quemadmodum
689 1305 759 1347 coa-
816 1302 935 1352 sancum
957 1311 1018 1354 esse
1042 1311 1168 1368 sponsam
1192 1295 1284 1353 Sancti
1308 1303 1472 1368 amatorum,
1487 1305 1516 1354 et
1538 1296 1612 1353 omni

102 1372 261 1447 grauiorum
301 1372 496 1431 immunitatem
522 1376 675 1446 criminum,
700 1378 762 1450 ple·
816 1383 977 1441 celebritatis
991 1385 1099 1442 honore
1123 1384 1321 1457 dignissimam.
1345 1384 1390 1441 du
1412 1399 1479 1442 uero
1503 1385 1612 1442 domum

83 1474 120 1517 tm
155 1469 261 1533 reputat
284 1462 444 1518 sanctitatis.
470 1463 540 1520 ilinc
557 1464 697 1524 advertere
721 1477 763 1525 est
816 1472 865 1528 itui
884 1479 1006 1531 sanctam
1029 1488 1091 1530 esse
1110 1473 1171 1545 quis
1203 1473 1315 1543 dubitet,
1344 1473 1379 1529 de
1408 1488 1460 1546 qua
1479 1472 1574 1546 legitur
1602 1494 1610 1531 ι

83 1551 158 1625 'ange
185 1549 293 1622 agimus
320 1566 335 1606 t
358 1567 466 1609 summo
485 1553 568 1619 bono,
596 1556 643 1627 qui
670 1572 761 1615 carere
815 1562 934 1619 Domum
949 1567 1030 1620 tutam
1042 1564 1118 1621 decet
1131 1562 1318 1620 sanctitudo?
1331 1562 1492 1633 (Pertimuit,
1509 1565 1549 1633 a.)
1568 1563 1613 1618 Sic

84 1639 216 1709 ustitiam,
232 1654 326 1697 carere
339 1640 460 1713 miseria,
474 1642 668 1700 beatitudinem
682 1646 761 1717 judi·
777 1607 800 1684 Β
815 1657 842 1707 et
855 1653 987 1708 sanctum
1001 1655 1042 1707 est
1051 1653 1191 1724 temptam
1204 1651 1274 1721 ejus,
1293 1649 1424 1707 mirabile
1433 1653 1465 1706 ia
1479 1651 1613 1724 equitate

816 1739 903 1810 (Paul.
915 1755 992 1807 axau,
1009 1743 1036 1804 li,
1052 1742 1080 1810 b)
1097 1739 1158 1797 :sed
1174 1747 1202 1796 et
1215 1739 1483 1796 ciuitatemsaaatnm
1496 1740 1614 1796 loannes

83 1815 129 1875 tait
153 1823 288 1872 autemut
315 1817 396 1875 talem
418 1818 478 1890 qais
501 1826 581 1892 putet
607 1822 762 1879 ubertatem
816 1827 1123 1887 snseridissetestatur:
1141 1829 1209 1893 Vidi,
1222 1826 1457 1900 inquitatatetom
1466 1829 1613 1886 ciuitatem

83 1900 199 1971 tota
214 1905 296 1976 illius,
312 1914 340 1963 et
362 1915 508 1965 torrentem
521 1910 679 1982 voluptatis,
696 1920 724 1968 et
738 1913 761 1968 si
815 1915 973 1973 Jerusalem
981 1933 1083 1975 mcum
1098 1916 1310 1974 descendentem
1324 1914 1435 1971 deceta
1449 1930 1467 1970 a
1482 1918 1544 1981 Deo,
1558 1933 1611 1988 pc·

83 2000 102 2051 tt
112 1993 165 2050 alia
186 2010 246 2067 qnae
265 2010 316 2051 nea
330 1996 427 2052 oculas
441 1996 517 2066 vidit,
533 2014 583 2055 nec
599 2001 671 2056 auris
684 2000 761 2057 audi·
815 2007 911 2061 retum
925 2009 1062 2080 tanquam
1076 2020 1216 2079 spartacus,
1232 2007 1366 2064 umectam
1378 2006 1440 2060 aira
1453 2019 1503 2062 atto
1517 2004 1611 2077 (apoc.

83 2081 125 2139 tiu
148 2097 195 2139 cor
217 2083 335 2139 bominis
354 2086 487 2169 ascendit,
515 2103 576 2159 quae
599 2091 762 2158 preparavit
815 2108 877 2162 ιιι,
893 2093 972 2166 illu
987 2096 1087 2167 quibus
1100 2110 1165 2150 sans
1177 2093 1269 2152 uerbis
1282 2092 1449 2165 aperiraJ'am
1459 2092 1611 2166 eoepiquod

83 2169 227 2247 ligentibus
242 2172 289 2230 sel
305 2175 420 2248 Ncsrgo
435 2175 528 2232 audire
542 2175 621 2244 nelis,
637 2177 757 2247 chamo,
815 2182 914 2248 adhuc,
937 2181 1033 2253 fateor,
1066 2182 1236 2239 dissimulare
1262 2180 1398 2238 volebam.
1426 2181 1494 2238 Dico
1521 2188 1610 2238 numm

83 2260 129 2319 tris
153 2261 270 2319 bominis
295 2277 350 2320 non
369 2264 487 2333 audiuit;
513 2281 564 2322 nec
588 2267 622 2321 ab
649 2266 760 2325 homine
815 2272 888 2343 qaod
902 2271 998 2328 eadem
1012 2287 1121 2344 sponsa,
1135 2270 1299 2344 quaecinitas
1312 2269 1421 2337 est,sed
1435 2279 1463 2327 st
1476 2270 1609 2343 templum

83 2349 157 2423 quod
176 2352 312 2406 humanus
326 2367 377 2408 nac
386 2352 485 2410 oculus
497 2352 579 2424 ridet,
591 2370 640 2412 nec
653 2354 762 2414 animm
814 2374 930 2432 qunque,
944 2366 973 2416 et
991 2359 1088 2416 domus
1101 2359 1278 2416 nibilominus
1288 2359 1334 2429 sit.
1349 2360 1444 2433 Neque
1457 2358 1486 2414 id
1499 2359 1609 2426 mirum,

83 2438 108 2497 le
133 2449 223 2496 temen
252 2440 317 2498 hinc
335 2444 443 2513 penitus
465 2451 615 2512 taceamus,
639 2454 759 2501 nostram
814 2449 968 2521 prasertim
981 2465 1042 2507 eum
1057 2449 1181 2506 similiter
1196 2465 1266 2505 unus
1280 2448 1326 2515 sit,
1343 2448 1388 2521 qui
1404 2450 1473 2506 se'ei
1486 2458 1610 2522 etspon-

83 2527 165 2585 triam
186 2546 202 2585 a
224 2529 305 2604 longa
322 2531 477 2600 salutantes,
504 2532 638 2605 triplicem
661 2550 758 2605 qnam·
814 2553 874 2593 sum
888 2537 1024 2610 dignatur,
1052 2546 1080 2595 et
1104 2553 1207 2611 regem,
1221 2547 1248 2596 et
1270 2538 1369 2607 Deum,
1389 2548 1416 2592 et
1430 2537 1611 2608 patremfami-

83 2618 150 2676 anri
163 2618 296 2686 uidemur,
313 2621 441 2692 potentiae
463 2620 576 2689 scilicet,
593 2629 621 2677 et
650 2625 759 2697 magui·
813 2627 864 2685 lias
882 2629 1023 2687 exhibere.

83 2714 129 2775 ‚st
142 2708 238 2782 glariae
252 2710 504 2780 repromissionem.
520 2709 660 2782 Siquidem
675 2713 757 2768 boma
847 2716 968 2773 Necdum
987 2717 1172 2775 tamen-robis
1201 2716 1316 2774 arbitror
1332 2714 1508 2782 satisfactam,
1522 2715 1611 2773 donec

83 2792 147 2861 llius
162 2797 324 2867 captivitatis
337 2799 432 2867 hujus,
447 2799 494 2870 qai
518 2799 635 2869 dicebat:
661 2802 757 2859 latra—
812 2803 964 2864 euidentius
986 2822 1046 2879 quas
1068 2806 1167 2863 damus
1191 2807 1274 2876 bajas
1296 2803 1510 2877 patrisfamiliae,
1536 2805 1609 2877 qaod

83 2888 214 2946 aerata
232 2889 347 2944 Domini
364 2888 451 2946 (Paul.
469 2905 533 2955 axx,
551 2890 608 2961 ld).
623 2888 759 2947 Ceterum
774 2886 797 2965 c
812 2894 864 2950 boc
877 2893 1007 2966 emmam
1021 2894 1082 2962 Dei,
1097 2911 1158 2964 quae
1172 2894 1268 2950 ciuitas
1281 2892 1355 2964 regis
1378 2891 1468 2959 istius,
1482 2908 1608 2964 quanam

83 2990 260 3048 spossamns
276 2977 340 3050 quid
357 2979 392 3032 sit
405 2977 558 3036 infirmitate
571 2993 674 3049 carere,
694 2988 759 3036 tan·
812 2980 1039 3053 deniqusbnjus
1071 2990 1126 3038 am
1161 2980 1274 3054 gloriosi
1299 2981 1394 3050 spousi
1425 2994 1526 3052 sponsa
1553 2980 1608 3035 dici

83 3062 223 3122 nfirmitste
246 3065 427 3123 circumdati:
449 3066 515 3138 quid
533 3082 598 3125 uero
611 3066 647 3122 sit
660 3067 759 3125 uirtute
812 3079 840 3126 et
866 3085 928 3128 esse
952 3068 1093 3138 meruerit,
1125 3067 1273 3124 addiscatis
1296 3066 1381 3140 [alias
1408 3066 1544 3140 audiatis].
1574 3070 1609 3123 tit

83 3154 266 3225 stpoteutiam
290 3154 411 3224 introire,
427 3172 478 3212 nec
502 3156 582 3214 modo
597 3157 755 3228 potentiam,
811 3175 862 3234 ega
889 3174 974 3230 saper.
997 3160 1050 3214 boa
1076 3156 1186 3228 quidem
1212 3171 1267 3212 nou
1290 3170 1386 3226 parum
1409 3170 1508 3211 vereor
1533 3155 1608 3227 loqui

83 3243 194 3301 multam
219 3244 376 3313 potentiam,
394 3242 463 3300 iorta
479 3251 505 3301 et
524 3245 758 3318 omnipotentiam,
812 3246 878 3319 quid
905 3244 1032 3309 senatun,
1069 3260 1105 3301 na
1138 3260 1220 3318 quem
1253 3251 1384 3308 restrum,
1416 3242 1491 3314 quod
1522 3241 1605 3298 absit!

91 3330 163 3389 seire
186 3346 238 3388 non
264 3347 418 3404 possumus.
444 3331 546 3389 Clamat
573 3333 652 3389 etiam
680 3334 757 3390 testis
811 3346 857 3394 aut
888 3337 979 3409 miuus
1015 3333 1142 3406 fideliter,
1185 3339 1232 3390 aut
1264 3330 1353 3388 miuus
1387 3330 1523 3387 humiliter
1554 3346 1606 3387 au·

83 3418 140 3495 qnia
165 3438 230 3495 quos
243 3422 418 3492 justificavit
433 3421 498 3479 illos
512 3427 538 3480 et
565 3422 759 3495 magnificavit
812 3426 872 3483 dine
886 3424 1023 3498 contingat
1043 3442 1050 3481 t
1067 3439 1101 3481 ae
1122 3422 1185 3496 quis
1205 3421 1316 3479 iorsitta
1340 3421 1375 3478 ab
1396 3422 1449 3476 boc
1471 3420 1607 3476 auditorio

83 3524 138 3577 tan,
157 3513 214 3581 30).
230 3510 266 3567 dt
280 3509 518 3581 magnificentiam,
535 3526 595 3566 eam
609 3513 758 3583 presertim
812 3523 858 3572 aut
871 3514 959 3570 elatus
978 3529 1035 3586 prae
1059 3509 1244 3586 magnitudine
1262 3509 1368 3582 gloriae,
1391 3516 1438 3565 aut
1455 3508 1609 3565 incredulus

83 3596 207 3656 ro'cedere
227 3599 354 3655 deceata
377 3598 576 3670 magnitudine,
601 3601 682 3669 euius
708 3616 760 3657 nec
812 3612 960 3675 exeatprae
982 3600 1202 3673 pusillanimitate
1225 3598 1336 3668 spiritua
1361 3597 1414 3653 sui.
1439 3595 1511 3668 Opto
1535 3597 1607 3652 enim

83 3701 243 3744 enumeras
260 3698 309 3757 est,
335 3687 437 3744 utinam
452 3696 551 3744 nostrae
574 3688 683 3745 interim
697 3689 755 3746 exi·
812 3706 920 3762 semper
945 3704 997 3748 ros
1025 3696 1052 3744 et
1075 3688 1169 3744 fideles
1190 3692 1218 3743 et
1246 3683 1363 3741 humiles
1385 3682 1511 3749 inveniri,
1533 3682 1607 3754 quod

83 3775 160 3833 lineat
182 3785 356 3847 exspectare3
377 3793 440 3833 uam
461 3777 597 3834 aetimare
617 3777 757 3836 nonlicet.
811 3786 958 3850 atrumque
983 3774 1096 3834 1019
1113 3788 1286 3846 summopere
1306 3772 1341 3828 sit
1361 3770 1546 3828 necessarium
1573 3771 1607 3826 ad

83 3880 104 3923 o
116 3881 152 3923 ne
166 3866 251 3937 ipsius
265 3867 374 3939 quidem
394 3867 482 3923 vereri
506 3881 618 3924 necesse
640 3873 692 3934 ast,
712 3872 761 3922 aut
811 3867 935 3923 salutem.
952 3865 1025 3923 Solis
1038 3880 1155 3934 namque
1173 3861 1319 3917 humilibus
1334 3859 1394 3932 ipsa
1414 3860 1459 3915 dat
1480 3858 1604 3932 gratiam,

84 3966 242 4029 suspectam
266 3956 361 4028 gloriae
389 3954 597 4026 promissionem
613 3975 621 4012 ι
646 3955 759 4012 feliciter
811 3955 952 4014 caiatiam
966 3953 1092 4011 sinstide
1107 3952 1215 4022 placere
1227 3949 1398 4022 impossibile
1412 3958 1463 4004 est.
1480 3947 1552 4021 Opto
1564 3948 1608 4022 ig-

85 4042 243 4103 ilducialiter
257 4046 365 4100 haurias
377 4044 501 4119 gloriam,
517 4061 533 4100 a
547 4046 626 4116 cujus
650 4044 758 4102 interim
814 4054 855 4103 tur
870 4051 897 4101 et
910 4042 1035 4101 omnibus
1053 4040 1143 4098 modis
1161 4040 1243 4116 capia
1262 4049 1292 4096 ut
1311 4047 1339 4096 et
1362 4036 1487 4110 parvulas
1508 4044 1535 4094 et
1549 4054 1608 4093 ma·

83 4180 85 4188 t
111 4136 192 4189 mutis
225 4134 482 4191 comminationibus
510 4132 668 4190 deterreris.
696 4133 759 4190 Erit
773 4165 798 4243 n
814 4134 1003 4204 guos‚imo,at
1016 4129 1229 4204 plusmiremini‚
1241 4136 1268 4184 et
1282 4127 1346 4184 nibil
1362 4134 1389 4184 st
1403 4125 1514 4199 aliquid,
1528 4125 1608 4183 etism

83 4236 121 4281 me
141 4222 286 4296 unicnique
306 4224 364 4278 laus
387 4241 402 4280 a
426 4225 497 4291 Deo,
523 4238 618 4279 secura
636 4228 708 4280 certe
731 4231 758 4279 et
813 4222 917 4298 grands
940 4220 1034 4296 [aliua
1048 4219 1115 4277 nihil
1136 4218 1208 4276 aliud
1232 4213 1441 4290 quamgrande]
1462 4212 1561 4286 aliquid
1584 4215 1609 4269 ei

83 4327 140 4380 rna,
155 4312 220 4369 finis
236 4313 335 4383 pariter
349 4320 378 4368 et
402 4312 567 4369 discriminis
582 4328 696 4383 expers;
720 4319 756 4377 et,
812 4327 861 4368 vos
875 4309 1130 4369 exbiberecuretis.
1140 4308 1236 4380 Neque
1250 4306 1324 4362 enim
1339 4303 1399 4361 siue
1410 4316 1507 4377 magno
1517 4301 1608 4357 anima

83 4416 132 4461 turn
143 4411 184 4459 est
195 4421 201 4459 ε
212 4405 353 4470 Iucunda,
368 4403 520 4476 decoraque
530 4403 658 4460 laudatio
670 4402 757 4474 (Psoi.
813 4400 885 4458 bona
898 4400 945 4456 illa
958 4408 1011 4456 tam
1027 4414 1125 4472 magna
1139 4413 1248 4474 capere,
1269 4401 1312 4451 aaut
1337 4393 1392 4451 rim
1419 4391 1507 4448 lacere
1531 4399 1607 4462 pote·

83 4490 117 4561 ll.
137 4491 278 4564 biserga,
295 4491 694 4559 iratres,viriliterinterimiu
716 4499 758 4546 ta·
813 4488 872 4546 ritis
884 4502 970 4563 regna
992 4487 1123 4544 coelorum
1139 4505 1146 4543 :
1162 4500 1217 4542 noa
1237 4484 1299 4555 plus
1323 4496 1403 4554 quam
1426 4480 1498 4535 idem
1523 4478 1608 4536 coelo·

84 4581 118 4637 lis
131 4581 288 4650 militemus,
303 4590 332 4637 at
346 4581 465 4645 suaviter
475 4581 573 4639 deinde
588 4583 616 4635 ia
630 4580 707 4637 atriis
718 4596 758 4636 re·
813 4593 872 4634 rum
887 4592 1001 4650 regnum
1015 4576 1127 4641 intrare,
1142 4572 1195 4629 nisi
1209 4571 1333 4629 conversi
1349 4568 1455 4629 fueritis
1470 4576 1498 4623 et
1509 4566 1608 4624 allicia-

83 4686 146 4738 aus,
172 4679 204 4727 ut
219 4671 365 4728 nouissime
383 4672 411 4726 in
425 4672 509 4729 doma
523 4669 674 4726 sublimiter
697 4669 759 4744 glo·
814 4667 879 4725 mini
892 4663 1077 4738 sicutpanvuli
1096 4663 1205 4736 (aetat.
1220 4676 1304 4728 xuut,
1319 4659 1358 4732 3).
1372 4658 1432 4715 Noa
1445 4672 1507 4714 sum
1526 4659 1608 4713 bomo

92 4776 155 4817 nam
168 4771 388 4819 momentaneum
403 4761 455 4817 bac
478 4768 505 4815 et
527 4759 586 4817 leve
606 4759 759 4816 tribulatio·
813 4755 941 4829 profundi
954 4769 1059 4823 sensas,
1075 4768 1126 4809 nea
1139 4767 1252 4823 possum
1266 4750 1345 4806 uobis
1359 4748 1433 4820 quod
1447 4761 1502 4802 non
1516 4754 1610 4816 gusta-

83 4857 138 4918 lrte,
164 4867 246 4922 supra
275 4849 385 4906 modam
413 4849 442 4905 ia
474 4849 600 4920 sublima,
628 4859 760 4906 mennam
813 4844 899 4902 verim
913 4850 1045 4901 eructare.
1061 4843 1153 4898 Dicam
1167 4847 1255 4897 umen
1274 4838 1340 4911 qaid
1363 4836 1498 4893 interdum
1519 4833 1548 4890 in
1566 4849 1610 4889 me

90 4940 185 5017 gloria
199 4940 358 5010 operabitur
380 4936 760 5009 iurabis,cumin1iomino
815 4934 928 4990 sentiam
950 4931 1068 5004 actitari,
1081 4941 1112 4988 ut
1126 4930 1149 4988 si
1165 4929 1228 5003 qais
1249 4927 1318 4985 torta
1340 4925 1393 4981 sibi
1414 4923 1480 4980 utile
1500 4922 1610 4993 iudica-

83 5045 137 5087 ntur
167 5039 223 5087 tota
250 5030 304 5097 die,
333 5029 361 5084 ia
390 5029 505 5085 veritate
524 5027 616 5101 utique
643 5042 698 5084 uon
732 5026 761 5084 in
814 5024 892 5091 uerit,
910 5019 1206 5091 imitetur.Qaiaeaim
1227 5016 1293 5075 olim
1315 5028 1475 5087 persuasum
1490 5012 1610 5068 estmihi

815 5120 844 5168 ut
872 5114 1001 5168 miserear
1028 5109 1125 5166 anima
1147 5122 1224 5175 aare,
1250 5104 1398 5177 placiturus
1429 5100 1527 5158 exinde
1553 5102 1611 5157 Deo

292 5207 407 5265 satiato
418 5207 450 5262 V.
816 5217 878 5257 meo
894 5202 993 5271 (Esau.
1008 5213 1078 5264 ιιι,
1101 5199 1159 5268 at),
1176 5197 1332 5267 frequenter
1349 5191 1383 5246 de
1404 5205 1437 5247 ea
1459 5187 1581 5264 recogito
1603 5205 1610 5245 τ

109 5298 150 5356 De
167 5299 280 5371 pecuina
301 5297 526 5355 consideratiores
552 5295 606 5354 sai.
817 5289 921 5346 utinam
935 5297 1025 5363 autem
1044 5287 1140 5352 mmet,
1154 5298 1315 5356 semperque
1329 5280 1424 5355 [olias
1438 5277 1612 5350 mugissem-

83 5387 141 5448 itm
170 5388 264 5456 hodie,
289 5387 396 5455 iratres,
424 5385 625 5446 solemnitatem
655 5381 763 5459 agimus
818 5379 876 5453 perl
892 5376 995 5436 liceretl
1013 5375 1080 5433 Erat
1103 5373 1210 5449 quaudo
1234 5372 1260 5428 id
1283 5369 1386 5430 sctitmi
1409 5368 1522 5426 minime
1541 5367 1612 5426 tiae·

83 5492 136 5539 sua
154 5477 245 5552 Atque
260 5478 288 5535 id
301 5476 412 5552 quidem
427 5475 506 5535 facila
519 5476 636 5534 dixerim
652 5471 759 5533 :sedai
817 5470 990 5540 beaucoup·
1011 5463 1082 5538 qnod
1106 5463 1195 5522 minus
1217 5461 1253 5534 (si
1275 5467 1364 5520 umen
1385 5458 1488 5523 minus,
1512 5462 1539 5513 et
1560 5471 1614 5512 nan
