3734 5948
102 219 155 283 ott
576 220 605 279 S.
626 215 794 280 suffitum
811 216 949 279 metuis
967 217 1281 281 ottuutttluusts

103 348 290 419 hujuscemodi
316 346 452 420 gloriam,
481 352 509 403 ct
532 344 641 419 penitus
660 343 935 440 contemnendamg
987 349 1014 402 3.
1027 345 1136 402 Interim
1150 360 1216 403 vero
1240 341 1330 404 nolite
1347 350 1414 402 oete
1439 349 1551 418 tempus
1561 341 1680 415 judicus

103 437 158 495 Sed
172 439 374 495 considerantes
388 434 495 502 deinde,
512 452 544 492 ac
564 433 713 491 studiosius
731 433 897 506 inquirentes
950 437 1108 507 Apostolus,
1118 436 1204 493 donec
1211 437 1306 494 veumt
1320 435 1520 508 Dominus,qut‘
1534 438 1563 489 et
1571 434 1680 493 illumin

104 541 227 597 quaenem
243 524 394 597 appetenda
418 530 489 603 esset
507 523 594 595 glorie
615 522 752 593 sapienti;
776 523 820 580 hic
841 524 898 593 jam
952 524 1115 582 abscendito
1135 525 1315 582 tenebrarum
1325 524 1350 595 (Ι
1360 525 1421 582 dor.
1432 539 1471 589 tv,
1487 522 1525 594 ὅ).
1538 523 1584 579 llla
1597 522 1672 579 euim

103 615 183 688 plane
207 620 376 671 evanuerunt
398 613 425 669 in
448 611 658 684 cogitationibus
681 611 747 677 suis,
763 613 897 685 propriam
952 612 1023 670 fecta
1038 614 1149 669 omnino
1163 613 1214 669 erit
1227 621 1254 669 et
1268 628 1365 670 socura
1378 610 1515 686 gloriatio,
1537 627 1599 669 cum
1614 611 1668 669 crit

103 702 201 772 cuique
231 700 353 758 sulficere
381 701 498 774 gloriam
522 699 696 772 arbitrantes,
724 700 803 772 quasi
832 715 899 758 vero
952 703 1051 773 cuique
1065 702 1123 757 laus
1138 702 1235 760 eDco.
1250 702 1330 759 Nunc
1344 717 1451 774 quoque
1466 699 1530 757 licet
1544 716 1602 755 non
1617 701 1680 771 plen

104 788 202 859 anima,
213 806 275 863 quae
290 806 306 844 a
321 789 467 861 semetipsa
482 804 612 846 essenon
627 795 799 860 potestate
814 789 900 862 possit
952 789 1014 845 licet
1026 804 1081 845 uon
1095 789 1153 846 siue
1167 790 1264 845 timore
1279 797 1306 845 at
1321 789 1504 846 sollicitudine
1525 790 1618 860 multa,
1643 788 1680 845 eli

105 895 165 934 esse
181 880 269 936 beata.
286 878 362 935 Sicut
375 894 440 950 ergo
455 878 545 949 cupidi
562 878 650 934 laudis
664 879 757 935 alienae
771 887 826 936 totu
841 879 898 936 sol·
952 887 1032 934 tenus
1060 885 1150 934 tamen
1174 877 1203 933 iu
1229 878 1346 935 Domino
1371 878 1529 952 gloriamur,
1568 878 1680 936 testimo

105 968 245 1025 licitudine
261 983 370 1039 operam
384 968 526 1024 dabantea
540 967 647 1038 operari
663 984 724 1041 quae
738 968 900 1024 mirarentur
953 966 1112 1038 perhibente
1143 966 1245 1039 Spiritu
1287 977 1379 1023 sancto
1414 967 1520 1038 spiritui
1549 976 1644 1024 nostro

105 1057 231 1113 homines
253 1064 280 1112 et
298 1056 463 1112 laudarent:
480 1055 519 1112 sic
542 1055 587 1111 isti
612 1056 670 1112 sola
695 1072 727 1111 ea
742 1055 899 1127 judicabant
952 1053 999 1109 filii
1018 1057 1067 1111 Dei
1081 1072 1186 1115 sumus.
1203 1056 1271 1113 lliuc
1286 1057 1359 1111 enim
1381 1071 1448 1113 tere
1465 1070 1613 1126 possumus
1628 1056 1680 1128 glot

105 1145 376 1216 sectandaasse,quae
385 1143 496 1200 interior
504 1142 604 1200 arbiter
613 1142 720 1199 animus
728 1146 898 1215 approbaret.
952 1145 1025 1215 quod
1039 1152 1141 1200 tantum
1168 1145 1300 1200 habemus
1313 1145 1429 1210 Patrem,
1449 1145 1522 1217 quod
1552 1149 1680 1217 majestat

141 1238 168 1290 t.
186 1233 220 1289 Et
234 1234 293 1290 haec
307 1233 416 1305 quidem
430 1249 535 1289 summa
548 1231 718 1304 philosophia
738 1233 899 1305 sapientium
952 1231 1056 1288 eliabili
1070 1249 1133 1290 cura
1148 1241 1189 1290 est
1202 1233 1236 1289 de
1250 1233 1339 1291 nobis.
1357 1233 1430 1290 Unde
1454 1240 1482 1289 et
1519 1235 1653 1304 propheta
1671 1248 1680 1289 ι

107 1322 297 1392 hujusmundi
322 1331 372 1387 est,
390 1322 447 1394 ipsa
469 1336 578 1394 quoque
602 1321 691 1376 minus
715 1320 827 1389 habens,
839 1317 901 1374 licet
953 1320 1142 1393 miriqinquit,
1162 1321 1282 1393 quidest
1296 1321 1387 1392 Ιιιιιι,
1403 1324 1471 1393 quio
1485 1322 1680 1393 magnificasse

108 1412 286 1484 propinquior
298 1411 412 1468 veritati.
434 1410 512 1467 Unde
528 1416 555 1465 et
571 1419 711 1483 utramque
725 1406 839 1480 gloriam
852 1423 899 1463 su·
955 1413 1007 1472 cut
1017 1410 1087 1481 quid
1101 1410 1217 1483 opponis
1231 1425 1295 1482 erqo
1309 1424 1376 1467 eum
1390 1425 1437 1466 cor
1452 1409 1624 1468 teumttot.
1639 1422 1680 1467 ιιι

108 1499 182 1555 olimi
198 1499 319 1559 veritatis
334 1497 560 1570 contemplatIone
574 1497 765 1554 transcendens
778 1494 899 1566 apono-
956 1498 1046 1570 ltaque
1061 1497 1107 1570 qui
1121 1497 1262 1570 gloriatur,
1275 1497 1332 1567 jam
1347 1513 1403 1552 non
1430 1497 1459 1553 in
1474 1497 1577 1554 meritis
1603 1497 1662 1555 suis

108 1589 149 1643 lus
165 1607 172 1642 ι
192 1588 245 1658 Qui
258 1589 410 1659 glorietur,
426 1585 524 1659 iuquit,
544 1600 598 1641 non
613 1586 640 1641 iu
654 1585 749 1652 altero,
760 1598 815 1640 non
829 1582 857 1638 in
872 1598 901 1638 se
956 1586 1048 1641 riatur.
1063 1585 1134 1655 Quid
1148 1586 1221 1642 enim
1240 1585 1321 1643 habet
1349 1587 1423 1657 quod
1452 1601 1508 1643 uon
1536 1583 1670 1657 acceperit

108 1675 156 1732 sed
170 1675 329 1734 innomine
352 1675 500 1748 glorietur.
514 1673 632 1744 Etcum,
648 1687 710 1744 quae
733 1670 840 1729 veritati
858 1669 900 1728 vi·
918 1652 940 1730 Β
955 1682 1045 1730 autom
1059 1674 1173 1746 accepit,
1189 1674 1253 1747 quid
1273 1675 1406 1748 gloriatur
1420 1675 1498 1747 quasi
1523 1689 1578 1732 non
1590 1689 1680 1748 eoosp

108 1766 222 1823 debatur
245 1779 306 1820 esee
329 1763 454 1832 vicinior,
478 1762 574 1834 majori
596 1760 712 1834 proinde
736 1760 902 1832 redarguens
956 1764 988 1819 ln
1002 1778 1034 1820 eo
1049 1777 1116 1834 ergo
1131 1778 1210 1836 aquo
1223 1763 1336 1834 accepit,
1353 1762 1567 1836 glorietur,2non
1588 1762 1669 1836 quasi

109 1853 300 1922 sollicitudine,
316 1859 344 1908 et
356 1852 539 1909 condemnans
553 1859 629 1907 certo
641 1849 743 1919 judicio
758 1847 877 1905 ueritatis
895 1864 902 1902 :
958 1867 1072 1923 magnus
1090 1850 1135 1922 sit,
1145 1851 1194 1906 sed
1209 1851 1271 1920 quia
1285 1850 1436 1922 magnificet
1449 1867 1512 1908 eum
1526 1851 1600 1908 Deus
1616 1872 1623 1910 :
1639 1851 1680 1909 ho

2 1986 5 1991 .
111 1944 272 2009 Nouenim,
296 1939 393 2012 inquit,
408 1941 458 2012 qui
480 1955 509 1996 se
528 1939 624 2011 ipsum
647 1935 837 2006 commendat,
853 1935 903 1990 ille
958 1939 1098 1997 utinillis
1126 1956 1186 2012 quae
1205 1942 1350 2012 acceperit,
1368 1941 1516 2012 nonquasi
1536 1957 1567 1996 ea
1594 1956 1680 1998 nont

108 2029 358 2106 prototomique
368 2045 448 2102 quem
456 2029 529 2085 Deua
543 2022 906 2083 stoecommeauattlt·
958 2030 1038 2103 perit,
1058 2031 1105 2086 sed
1121 2028 1196 2099 quasi
1210 2029 1257 2100 qui
1272 2045 1304 2084 ea
1331 2031 1469 2100 acceperit
1485 2028 1628 2102 glorietur.
1658 2029 1680 2087 ll

109 2121 172 2193 quid
183 2120 255 2176 enirn
267 2127 314 2175 aut
328 2118 361 2174 de
371 2117 482 2173 alterius
492 2116 619 2185 hominis,
636 2118 681 2170 aut
696 2117 729 2168 de
740 2127 803 2170 meo
816 2112 904 2184 ipsius
958 2117 1075 2175 enimait
1093 2117 1240 2188 Apostolus
1254 2115 1301 2173 :Si
1315 2125 1403 2173 autem
1417 2117 1553 2188 accepisti,
1567 2116 1680 2193 qutdgb

107 2209 210 2281 judicio
229 2207 360 2264 sollicitus
374 2223 445 2272 sum,
456 2206 498 2276 cuj
504 2223 535 2261 us
549 2220 599 2261 nec
617 2203 748 2276 vituperio
762 2201 903 2272 reprobus,
959 2206 996 2262 ris
1005 2207 1020 2262 i
1029 2206 1076 2262 sed
1088 2222 1096 2261 ε
1107 2205 1174 2278 quid
1184 2205 1422 2277 ptoriortsinquit,
1432 2207 1513 2278 quusi
1525 2222 1584 2264 non
1593 2220 1680 2281 accep

110 2316 160 2354 nec
180 2298 260 2353 laude
279 2297 406 2367 probatus
430 2294 574 2352 inveniar?
598 2293 713 2361 Fratres,
731 2290 754 2346 si
778 2305 822 2347 me
843 2296 905 2346 ante
959 2294 986 2363 (l
1000 2296 1062 2354 dor.
1083 2310 1123 2363 ιι,
1134 2297 1162 2362 7)
1175 2303 1205 2350 ut
1220 2309 1274 2350 non
1285 2294 1435 2366 prohibeat,
1452 2295 1502 2350 sed
1516 2295 1612 2351 doceat
1625 2293 1680 2368 glot

111 2395 228 2443 restmm
244 2392 385 2456 oporteret
398 2382 515 2438 tribunal
534 2390 631 2448 astare,
647 2379 744 2436 merito
762 2393 905 2450 superae·
995 2385 1021 2440 t.
1039 2383 1092 2440 Sed
1108 2383 1174 2455 quid
1187 2383 1239 2437 sibi
1255 2382 1311 2440 vult
1323 2383 1395 2453 quod
1409 2383 1446 2438 ait
1466 2402 1472 2440 :
1489 2385 1549 2440 Nou
1563 2385 1680 2459 saiutgt

112 2477 176 2533 stris
198 2473 326 2530 laudibus
341 2472 467 2545 gloriare.
482 2471 563 2541 Quod
578 2470 601 2526 si
622 2470 661 2526 ael
677 2486 738 2528 meo
757 2467 843 2540 ipsius
864 2484 908 2524 es·
958 2474 1054 2545 ipsum
1067 2472 1307 2539 commendatille
1316 2474 1503 2544 probatuscst
1518 2472 1565 2528 scd
1585 2489 1670 2544 quast

112 2582 168 2622 sem
187 2562 352 2635 judicandus
367 2560 501 2627 examine,
516 2561 576 2629 jure
590 2573 652 2614 meo
675 2558 762 2630 ipsius
780 2556 905 2614 testimo·
959 2561 1162 2620 conmmendat?
1184 2560 1250 2630 Quis
1265 2568 1306 2615 est
1320 2559 1392 2615 onim
1416 2576 1496 2633 quem
1516 2560 1544 2615 in
1571 2562 1624 2618 hoc
1652 2576 1680 2619 ιι

112 2654 157 2710 nio
180 2661 332 2719 contentus,
362 2649 478 2721 propriis
500 2647 627 2704 laudibus
650 2647 804 2703 delectarer.
828 2645 908 2701 Nunc
961 2651 1131 2708 commendat
1146 2649 1400 2719 Deusthomodo
1423 2650 1625 2707 commendabit
1648 2650 1680 2708 Va

112 2754 274 2799 autemeam
289 2747 454 2804 necvcstro,
470 2754 521 2794 uec
536 2751 607 2802 meo,
623 2736 672 2792 sed
690 2736 738 2790 Dei
762 2734 811 2789 sim
828 2733 906 2804 judi·
960 2756 1032 2805 eum,
1052 2738 1099 2812 qui
1114 2738 1203 2795 adhuc
1217 2737 1438 2808 reprehensibilis
1454 2739 1590 2794 invenitur
1604 2740 1618 2795 i
1633 2740 1680 2799 Det

112 2832 154 2887 oio
170 2829 388 2904 praesentandum
405 2824 688 2898 quantaeinsiplentiae,
698 2822 907 2879 imoetiusaniae
960 2845 1017 2899 epo,
1032 2827 1270 2900 inquit,quosomo
1284 2840 1374 2898 urguo
1390 2831 1419 2883 et
1433 2829 1539 2899 castigo
1548 2828 1641 2900 talpae.
1656 2842 1678 2885 ιι

111 2928 162 2991 est,
177 2928 224 2976 aut
238 2920 264 2974 in
280 2924 370 2974 vestro
394 2931 448 2981 mc,
462 2923 508 2970 aut
531 2914 559 2970 in
579 2927 639 2968 meo
653 2912 738 2983 ipsius
753 2910 906 2968 testimonio
921 2930 943 3009 c
959 2916 1080 2972 ilaecciue
1094 2915 1292 2972 commendatio
1306 2925 1347 2972 cst
1366 2915 1450 2974 total
1471 2916 1597 2985 Prorsus,
1623 2932 1678 2988 qus

111 3008 221 3082 gloriari
238 3021 244 3061 :
260 3003 412 3077 presertim
426 3018 489 3058 cum
504 3001 562 3076 ipse
583 3001 617 3055 sit
637 3002 712 3068 cujus
734 3000 821 3055 oculis
842 3014 904 3055 om·
960 3002 1026 3058 mihi
1040 3003 1158 3069 videtur,
1175 3005 1233 3074 ipsa
1245 3012 1295 3059 est.
1316 3003 1384 3073 Ωιι
1406 3011 1446 3060 ιιι
1459 3003 1534 3061 enim
1558 3004 1680 3062 meliors

112 3098 156 3153 uia
171 3095 244 3152 nuda
258 3098 322 3151 sunt
336 3095 364 3149 et
383 3099 485 3171 aperta,
500 3099 525 3146 et
539 3089 582 3146 cui
598 3103 769 3161 nequaquam
785 3102 855 3158 opus
869 3089 906 3144 sit
962 3090 1071 3148 ticacior
1089 3093 1299 3163 commendatio,
1319 3108 1400 3164 quam
1417 3091 1516 3148 divinae
1546 3108 1612 3165 erga
1636 3106 1680 3151 not

112 3197 141 3242 ut
154 3185 216 3257 quis
232 3182 258 3240 ei
272 3180 455 3238 testimonium
466 3177 609 3250 perhibeat
622 3176 656 3232 de
670 3176 804 3233 homine?
816 3176 909 3233 lterito
962 3180 1068 3238 testatio
1083 3180 1244 3236 charitatis?
1274 3181 1471 3237 Testimonium
1486 3196 1551 3237 vero
1565 3180 1674 3238 amoris

111 3273 226 3345 proinde
241 3268 389 3342 Apostolus
405 3269 474 3340 ipse,
489 3280 565 3322 asne
588 3273 614 3322 et
638 3264 741 3322 fallacis
756 3263 849 3339 glorie
864 3280 908 3322 rc·
961 3268 1067 3327 nullum
1081 3268 1249 3336 credibilius,
1261 3268 1361 3324 nullum
1377 3268 1480 3326 certius
1493 3268 1521 3324 in
1536 3270 1586 3326 hsc
1599 3268 1680 3339 vitam

112 3361 242 3434 probator
258 3377 265 3414 ι
283 3357 359 3428 llihi,
375 3356 473 3429 inquit,
487 3372 540 3428 pro
552 3355 675 3413 minimo
690 3360 734 3412 est
756 3359 791 3412 ut
804 3371 822 3412 o
835 3354 908 3413 uobis
962 3357 1034 3430 quod
1044 3357 1179 3414 desiderat
1186 3357 1327 3428 propheta,
1339 3357 1386 3414 ubi
1395 3356 1432 3413 ait
1443 3374 1450 3412 :
1460 3357 1601 3430 Corripiet
1608 3358 1680 3431 cuj

108 3450 232 3522 judicer,
243 3450 296 3504 out
308 3448 341 3503 ob
357 3444 482 3504 humone
492 3445 537 3500 die
548 3462 556 3500 :
568 3445 712 3518 sudaeque
721 3444 911 3517 meipsumju·
961 3447 993 3501 in
1002 3445 1234 3516 misericordium
1248 3445 1407 3518 increpabit
1416 3461 1461 3503 me
1471 3445 1629 3514 (Psalmis,
1640 3446 1680 3515 5.]

112 3540 183 3595 dico.
199 3536 279 3594 llilu'l
293 3536 371 3592 enim
386 3532 459 3590 mihi
468 3535 677 3600 consciuerant,
691 3532 845 3590 seducite
860 3532 909 3591 ltoc
962 3549 1080 3611 namque
1099 3534 1258 3606 increpatio,
1273 3550 1325 3606 qua
1349 3533 1452 3607 jugiter
1472 3534 1550 3591 uobis
1578 3548 1680 3608 sugges

107 3621 910 3701 justificatussum;quioutemjudicotme.llominuscst
962 3622 1071 3681 occulto
1087 3621 1204 3694 Spiritus
1224 3621 1348 3679 veritatis
1361 3623 1425 3695 quid
1457 3623 1527 3677 desit
1541 3621 1633 3691 uobis,
1660 3638 1680 3681 s

113 3718 139 3785 (l
158 3716 270 3778 Contv,
287 3716 313 3782 3,
330 3709 632 3785 l).1nquibusverbis
654 3709 721 3766 illud
737 3725 845 3782 quoque
864 3710 908 3766 di-
963 3712 1045 3778 biam‚
1072 3711 1278 3785 negligentiam,
1310 3711 1532 3784 iugratitudinem
1555 3710 1672 3783 repellit.-

111 3804 227 3874 ligentor
241 3800 469 3858 considerandum
495 3799 638 3871 estquod,
660 3797 777 3855 alienum
801 3797 910 3871 quidem
963 3799 1062 3873 triplici
1076 3799 1141 3858 sitio
1155 3815 1236 3857 omne
1251 3801 1332 3871 paulo
1355 3800 1445 3856 minue
1457 3799 1647 3874 religiosorum
1667 3798 1680 3857 .l

112 3889 246 3961 judicium
265 3903 314 3960 pro
326 3888 438 3944 minimo
451 3887 565 3954 habens,
582 3903 661 3943 suurn
680 3901 788 3959 quoque
810 3901 912 3958 nequa·
963 3903 1028 3944 num
1042 3903 1128 3962 genus
1142 3887 1294 3957 periculose
1309 3888 1422 3956 laborat,
1450 3903 1500 3960 pro
1525 3903 1558 3945 eo
1570 3887 1646 3961 quod
1665 3904 1680 3945 a

113 3993 195 4051 quant
208 3984 377 4048 sequeretur,
393 3976 516 4049 quemvis
529 3990 585 4031 non
610 3975 677 4031 illud
697 3974 766 4031 adeo
786 3990 835 4046 pro
857 3974 910 4031 mi·
964 3984 1065 4034 attenta
1079 3977 1169 4033 cordis
1185 3991 1252 4034 aure
1272 3977 1432 4051 percipiant,
1449 3978 1516 4048 quid
1538 3977 1611 4033 intus
1633 3975 1680 4051 leq

114 4065 187 4122 nimo
200 4065 333 4137 judicaret
351 4065 514 4120 habendum.
531 4063 618 4119 Nemo
629 4064 701 4119 cuim
714 4063 912 4120 scithominum
964 4065 998 4134 is,
1014 4065 1058 4139 qui
1069 4065 1204 4123 neminem
1218 4066 1319 4138 palpat,
1352 4063 1460 4122 ttot
1484 4065 1600 4137 Spiritus
1623 4063 1680 4123 sori

31 4207 38 4229 ,
114 4172 175 4228 quae
194 4163 259 4210 sunt
281 4155 309 4210 in
329 4155 449 4222 hontlne,
465 4151 518 4208 nisi
541 4151 653 4223 spiritus
677 4150 794 4208 hominis
813 4153 859 4225 qui
883 4152 910 4207 in
966 4154 1045 4224 Quod
1060 4155 1198 4212 nonnullis
1213 4155 1310 4213 exinde
1339 4156 1471 4226 provenit,
1505 4155 1558 4211 uisi
1582 4154 1675 4223 tollor,

115 4243 174 4315 ipso
193 4253 233 4301 est
248 4244 275 4316 (Ι
289 4244 351 4300 dor.
376 4257 407 4312 11,
424 4242 480 4312 lll,
498 4249 527 4296 ut
550 4239 751 4311 comparatione
776 4240 910 4298 interioris
927 4205 949 4282 n
965 4243 1080 4314 propriae
1095 4242 1192 4316 gloriae
1209 4242 1309 4314 cupidi,
1325 4243 1401 4299 nulla
1416 4243 1520 4300 ratione
1534 4241 1680 4314 quiescere

114 4331 268 4402 testimonii,
285 4329 403 4387 exterius
416 4329 527 4386 amitino
541 4344 590 4400 pro
600 4327 684 4385 nihilo
694 4328 730 4386 sit
744 4330 908 4399 habendum,
965 4339 1037 4402 sunt,
1052 4332 1152 4388 cumin
1171 4347 1200 4387 se
1213 4331 1281 4403 ipsis
1294 4332 1405 4404 penitus
1423 4332 1489 4387 nihil
1515 4331 1657 4389 inveniunt

114 4419 185 4491 Quid
200 4422 272 4476 enim
289 4417 354 4473 mihi
368 4433 430 4474 cum
448 4433 541 4474 eorum
556 4417 683 4475 laudibus
705 4418 805 4490 quibus
829 4418 908 4492 igno·
964 4419 1067 4490 possint
1089 4420 1257 4492 aliquatenus
1275 4419 1394 4492 pomeri.
1416 4420 1535 4478 Perfecta
1551 4430 1644 4478 autem
1667 4434 1680 4479 ι

126 4525 159 4564 us
172 4507 251 4564 surnl
266 4506 343 4576 Quod
358 4505 381 4560 si
396 4507 439 4564 vel
454 4505 511 4576 ipsc
527 4506 572 4579 qui
588 4506 614 4561 in
629 4507 738 4563 homine
751 4514 792 4562 est
802 4507 912 4578 spiritus
963 4523 1027 4564 cura
1042 4508 1164 4582 gloriatio
1177 4516 1227 4580 est,
1242 4524 1436 4567 cumreremur
1450 4509 1540 4565 omnia
1554 4523 1641 4581 opere
1654 4522 1680 4567 et

114 4596 204 4651 omnia
228 4610 288 4666 quae
315 4593 432 4650 hortinis
460 4603 522 4650 sunt
549 4610 629 4652 nosse
657 4601 766 4666 posset,
791 4595 910 4666 proiecto
964 4597 1158 4654 sicuttestatur
1173 4597 1379 4654 beatustobde
1405 4612 1435 4653 se
1448 4597 1509 4668 ipso
1533 4597 1601 4661 (lob.
1627 4613 1667 4666 u,

113 4682 442 4741 sul'ticaret'testimonium
453 4682 520 4756 ejus.
536 4683 615 4739 Nunc
629 4692 718 4740 autem
733 4698 844 4755 prauum
868 4691 910 4740 est
962 4693 999 4753 et,
1010 4701 1070 4740 cum
1086 4685 1157 4741 lsaia
1172 4688 1314 4758 propheta,
1330 4702 1424 4744 omnes
1436 4684 1554 4756 justitias
1572 4692 1680 4744 nostru

114 4789 163 4830 cor
190 4771 323 4844 hominis,
349 4778 376 4826 et
408 4770 641 4843 imperscrutabile
666 4771 744 4827 etiam
776 4770 827 4827 sibi
855 4771 908 4844 ipsi
962 4774 1033 4830 aliud
1058 4790 1138 4847 quam
1165 4792 1284 4846 pannum
1312 4784 1484 4832 menstruatae
1507 4777 1673 4846 reputandas

114 4863 226 4934 (ierem.
241 4876 311 4927 ιιι-ιι,
327 4860 370 4932 9);
386 4859 455 4915 adeo
470 4856 663 4930 uthraesentia
681 4873 791 4933 quoque
808 4874 908 4934 magna
961 4863 1149 4935 cognoscimus
1171 4864 1250 4936 (lsai.
1278 4880 1358 4935 salv,
1388 4864 1427 4936 o).
1460 4862 1643 4922 Nihilominus
1669 4872 1680 4923 t

113 4965 146 5006 ιι
173 4959 250 5024 parte
277 4948 395 5022 ignoret,
418 4947 507 5004 tutare
529 4962 595 5003 vero
623 4963 672 5002 sue
696 4949 807 5005 omnino
826 4964 907 5005 nosse
960 4952 1120 5009 confidimus
1147 4953 1227 5009 etiam
1250 4964 1276 5010 ct
1304 4952 1451 5026 gloriamur
1472 4953 1498 5009 in
1525 4953 1680 5022 Dominus

112 5054 167 5094 non
182 5040 277 5110 possit.
293 5038 362 5106 Quia
376 5045 467 5092 tamen
480 5035 649 5110 atiquatenus
663 5036 738 5094 novit
751 5037 905 5109 prasentia,
960 5041 1146 5098 misericordie
1160 5050 1234 5097 tante
1250 5050 1291 5100 est
1314 5058 1397 5115 super
1419 5058 1487 5110 nos,
1503 5050 1533 5097 ut
1553 5058 1569 5099 a
1587 5042 1680 5114 movit

112 5127 135 5183 si
154 5143 209 5183 non
229 5127 409 5200 reprehendat
421 5141 472 5182 nos
486 5126 652 5182 conscientia
666 5132 769 5197 nostra,
784 5141 836 5183 nos
849 5126 906 5199 qui·
959 5132 1080 5203 quidem,
1101 5139 1129 5186 et
1142 5146 1203 5203 quae
1217 5132 1249 5185 ad
1266 5139 1381 5187 mortem
1397 5141 1508 5203 peccata
1531 5142 1604 5198 sunt,
1622 5138 1680 5189 cml

109 5217 171 5273 dom
185 5216 310 5289 gloriam,
325 5214 372 5270 sed
382 5214 519 5286 fiduciam
535 5213 668 5271 babemus
685 5215 722 5271 ud
738 5231 814 5283 eum,
833 5217 904 5272 sicat
957 5236 1017 5287 nos,
1031 5228 1125 5276 ettam
1139 5218 1259 5291 benigne
1273 5218 1332 5289 ipsa
1347 5219 1565 5293 imperfectionis
1586 5225 1680 5279 nostr!

108 5303 525 5375 matuatoannasaitttoanpn,
542 5302 904 5375 il).Cumautemveritatis
956 5309 1029 5378 licta,
1055 5317 1084 5365 et
1105 5307 1319 5366 conversationis
1346 5309 1528 5382 impuritatem
1556 5306 1639 5365 uobis
1664 5322 1680 5365 ι

109 5394 205 5466 ipsius,
220 5406 303 5465 quam
316 5390 381 5447 nihil
396 5390 460 5447 latet
475 5409 481 5448 :
498 5389 656 5447 sententiam
670 5391 705 5447 de
719 5389 799 5451 uobis
812 5399 902 5450 ιιιιιιι
957 5397 1065 5469 ιιιιιιι,
1079 5403 1107 5453 et
1117 5396 1236 5472 agnitam
1249 5399 1406 5456 condonate
1421 5398 1561 5472 dignetur,
1576 5403 1680 5471 ιιιιιιιιΙ

109 5481 299 5549 meruerimus,
314 5479 384 5535 ines
399 5478 480 5552 plane
489 5477 614 5536 securius
627 5479 780 5552 potedmm
791 5480 904 5555 gloriari
956 5480 1680 5562 tantitateetsoltiettudtmetgrausmmactiosets
