3728 5934
100 120 152 182 att
586 119 614 178 S.
633 115 802 180 DlllllihllDl
820 113 963 177 tuitus
982 114 1305 179 maid-tattattss
1687 120 1745 183 ‘itt

102 249 226 315 Pastore,
248 245 377 304 nimimm
398 244 436 301 ob
458 243 629 303 incursiones
648 245 787 329 lopomm,
803 257 896 300 eorum
913 259 937 339 p
954 250 1095 313 praetereat
1118 252 1145 303 te
1166 244 1201 303 de
1215 244 1283 303 hora
1296 243 1451 318 modiliana,
1467 253 1496 305 et
1508 244 1589 322 qaod
1604 245 1633 303 is
1646 246 1746 319 pah·-

103 332 222 394 'maxime
236 336 282 408 qui
297 332 405 390 veniunt
424 333 458 388 ad
482 349 532 391 nos
550 333 578 388 in
596 333 766 391 vestimentis
780 330 896 389 orium:
952 347 1027 388 mum
1050 332 1204 406 exploratur
1231 334 1315 401 locus,
1341 335 1368 390 iu
1391 352 1446 407 quo
1469 335 1517 404 qui
1545 335 1653 408 pascit,
1677 338 1748 397 cahat

104 437 130 482 et
151 433 294 496 propterea
322 424 421 496 satagit
447 421 474 477 in
501 422 602 479 eisdem
626 439 688 479 curn
713 423 774 493 ipso
798 419 899 492 pariter
953 421 1034 478 simul
1050 439 1057 477 ε
1073 424 1146 490 qnod
1160 431 1201 479 est
1222 439 1327 494 magnae
1341 423 1492 481 securitatis
1509 425 1663 482 iudicium.
1680 426 1748 483 titii

103 525 217 584 pasc-ere
233 509 348 578 pascuis,
359 517 385 565 et
399 510 497 566 cubare
508 511 620 565 umbris.
632 511 667 565 Et
681 525 789 564 causam
805 506 897 578 pouit:
954 517 1011 566 tror
1024 510 1095 566 enim
1110 512 1146 566 ob
1159 512 1212 569 hoc
1234 511 1365 581 additum,
1381 513 1475 580 Cubat,
1492 517 1566 587 quod
1591 529 1630 571 eo
1644 513 1699 572 lod
1712 515 1748 572 ai

105 602 145 659 Ne
159 600 308 674 incipiam,
319 597 454 671 inquiens,
465 600 562 671 vapori
574 603 638 672 port
652 613 746 671 greges
759 596 900 654 sodalium
955 597 1027 655 nime
1041 614 1153 655 necesse
1174 601 1209 655 sit
1233 609 1313 668 stare,
1330 608 1357 656 et
1374 600 1487 671 vigilare
1501 618 1593 674 super
1607 604 1749 660 custodian

106 692 234 746 taoram.
245 687 299 758 lpsi
309 696 372 742 sutit
386 686 432 758 qui
444 686 667 744 sevoluntvideri
681 686 783 743 amicos
797 683 901 756 sponsi,
955 686 1048 760 gregis
1062 686 1170 746 ¹888
1187 689 1293 759 quando
1311 704 1388 761 grex,
1408 688 1488 744 etiam
1506 690 1633 747 cubante
1653 698 1749 764 pastina

105 785 133 834 et
147 792 200 832 non
214 783 276 832 sunt
291 792 298 831 :
316 783 417 832 etcum
432 790 510 843 suos,
523 790 577 831 non
593 775 664 830 illius
679 789 777 848 greges
793 779 903 843 pascere
957 782 984 830 et
999 780 1129 843 pausante
1149 777 1201 834 sub
1222 776 1335 844 umbris,
1352 777 1434 833 libere
1447 777 1633 836 nihilomiuus
1651 779 1749 837 discn-

106 881 171 924 cura
193 865 229 920 sit
252 864 382 934 eis,·hinc
404 863 466 919 inde
488 874 577 919 nmen
600 863 761 920 insidiantes
786 862 900 917 dicunt:
958 873 998 919 rat
1016 864 1043 918 in
1061 863 1178 936 pascuis.
1201 864 1281 921 Felix
1298 863 1384 936 regio,
1405 864 1432 920 in
1451 881 1505 939 qua
1524 882 1579 937 pro
1605 867 1751 925 libitaors

107 959 176 1014 Ecce
190 955 234 1013 hic
248 958 290 1011 est
305 954 443 1022 carator,
455 969 517 1012 ecee
530 954 593 1011 ittic
606 957 647 1012 est
662 953 758 1020 (liare.
770 965 834 1017 xau,
845 954 903 1019 tl),
958 950 1148 1024 ingrediuntur
1161 962 1187 1008 et
1205 953 1392 1026 egrediuntur,
1411 960 1439 1009 et
1459 968 1513 1010 non
1537 959 1586 1011 est
1604 957 1655 1028 qni
1670 966 1750 1014 extar-

107 1044 230 1101 ridelicet
249 1052 277 1099 ut
299 1043 400 1099 multos
415 1045 555 1107 seducant,
570 1049 598 1097 et
620 1042 785 1099 abducanta
803 1039 903 1097 Christi
959 1048 1026 1095 reat.
1041 1038 1109 1110 Quis
1124 1039 1190 1096 mihi
1208 1042 1309 1097 tribuat
1330 1040 1423 1098 ridere
1444 1056 1505 1113 vos,
1529 1059 1639 1115 meque
1661 1050 1751 1116 parite

107 1133 246 1208 gregibus,
263 1139 290 1188 et
316 1132 421 1189 socient
448 1130 593 1186 eulaliae
621 1145 671 1203 pro
700 1130 795 1186 litteroe
821 1136 903 1184 textu.
959 1127 987 1180 in
1001 1128 1140 1184 montibus
1155 1128 1227 1198 pasci
1251 1144 1305 1185 una
1325 1144 1386 1186 cum
1409 1128 1464 1186 illis
1484 1129 1642 1204 nonaginta
1665 1148 1751 1190 nossa

106 1222 165 1278 lam
189 1236 254 1277 vero
277 1219 444 1293 spiritualem
464 1235 575 1275 serrium
599 1217 692 1289 quiin
714 1232 750 1272 ea
773 1217 840 1273 latet
854 1215 905 1271 suh
959 1229 1019 1285 quae
1038 1214 1092 1270 illic
1113 1214 1214 1271 relicta
1233 1214 1369 1289 legantur,
1393 1231 1455 1275 enm
1479 1226 1576 1288 pastor
1600 1233 1699 1276 earum
1718 1222 1750 1278 tli-

107 1311 161 1368 alio
183 1310 319 1366 sermonis
349 1308 480 1381 principio
506 1314 670 1381 exspectate,
684 1304 813 1379 quidquid
838 1303 905 1360 illud
959 1309 1073 1376 guanter
1086 1303 1119 1359 ad
1140 1319 1220 1360 unam
1236 1304 1375 1361 deseendit
1393 1321 1454 1377 quae
1467 1309 1750 1380 erraveratfflsttb

108 1399 170 1465 erit,
185 1397 259 1471 quod
284 1396 350 1452 mihi
375 1397 438 1452 inde
462 1395 539 1453 robis
563 1395 705 1452 orantibus
727 1409 777 1450 sua
797 1391 905 1448 miseri-
959 1406 1037 1460 xvttt,
1054 1392 1111 1463 ta.)
1125 1392 1224 1449 Secura
1245 1394 1340 1465 procul
1358 1394 1442 1450 dubio
1457 1395 1539 1452 cubat
1555 1411 1657 1468 prope,
1672 1399 1751 1471 qaict

108 1486 204 1542 cordia
230 1483 324 1557 partiri
355 1483 510 1556 dignabitur
537 1498 654 1554 sponsus
680 1482 808 1538 Ecclesiae
828 1482 906 1536 lesus
959 1480 1040 1554 longe
1054 1480 1177 1536 recedere
1192 1481 1303 1540 minime
1316 1481 1458 1555 dubitavit,
1473 1483 1567 1542 sotem
1582 1486 1652 1558 quia
1666 1486 1750 1546 mon

110 1573 233 1630 Christus
248 1571 380 1629 Dominus
393 1581 494 1642 nostem
509 1571 555 1644 qui
570 1579 611 1625 est
629 1585 711 1641 snper
729 1569 820 1627 omnia
833 1569 905 1626 Deus
921 1561 943 1639 Β
959 1582 1005 1623 ean
1028 1568 1200 1642 relinqueret.
1216 1570 1311 1626 Merito
1333 1587 1433 1643 sponsa
1451 1572 1498 1629 illo
1511 1572 1651 1646 suspirat,
1668 1576 1751 1634 ιιιιίι

110 1662 270 1719 benedictus
284 1661 312 1717 in
326 1661 434 1717 saecula.
454 1661 553 1717 Arnen.
959 1656 1042 1712 inhiat
1057 1657 1117 1713 loco
1136 1674 1244 1730 pascuae
1265 1659 1344 1715 simul
1369 1669 1398 1716 et
1417 1661 1502 1731 pacis,
1517 1662 1569 1719 sed
1590 1663 1750 1737 quietim

370 1765 487 1824 ΜΗΘ
511 1766 642 1824 XXXHL
960 1745 1119 1815 securitatis,
1141 1748 1188 1802 sed
1210 1747 1405 1816 exsultationis,
1420 1748 1469 1804 sed
1493 1749 1749 1824 admimtioniasel

110 1876 205 1935 Deliis
221 1874 636 1958 qaoescmpersectondasant
655 1871 902 1955 amentedevcta.
960 1833 1087 1904 mimi&
1110 1836 1179 1890 Nm
1200 1843 1227 1891 οἳ
1249 1851 1295 1892 ¹¹¹⁰
1315 1836 1454 1935 miserum!
1480 1837 1558 1938 ¹¹⁰⁰}
1584 1837 1672 1912 ¹⁰⁰ll0
1685 1850 1750 1941 ’ζῆ

22 1970 36 1993 ,
150 1946 222 2017 pugg
235 1949 273 2003 „p
287 1944 429 2015 mmm„
443 1950 472 2003 ,p
490 1945 524 2002 g,
542 1950 666 2018 quam,
679 1943 826 2017 amm,
841 1946 905 2001 pm,
961 1928 1013 1976 tem
1026 1928 1053 1976 et
1066 1923 1101 1976 de
1115 1923 1197 1997 longe
1211 1924 1380 1989 salutantem,
1396 1940 1429 1981 en
1448 1941 1506 1997 ipsa
1525 1941 1592 1997 epus
1611 1929 1750 1987 recormat

148 2020 291 2076 tatianam
310 2031 420 2089 semper
434 2017 585 2073 evitandis.
959 2009 994 2064 ad
1018 2010 1150 2083 lacrymas
1174 2021 1311 2082 prouocat,
1335 2013 1414 2084 plane
1433 2015 1510 2085 juxta
1535 2013 1750 2073 atiectionma

147 2095 652 2179 tantanmtttqoenditiqttontmo
661 2105 903 2176 mea,atipaacoa,
959 2114 1053 2155 vocem
1071 2098 1217 2156 dicentium
1243 2101 1356 2174 :Sapor
1378 2102 1501 2172 tamine
1527 2102 1690 2177 Rabylonis
1706 2106 1749 2163 itlir

110 2197 158 2255 ati
170 2197 253 2255 cales
267 2197 299 2252 in
313 2194 432 2251 mendic
444 2195 538 2263 (Cant.
554 2208 574 2259 ι,
586 2194 624 2265 6).
640 2194 673 2249 Ει
687 2192 756 2248 alins
769 2191 878 2263 qnidam
896 2208 902 2244 ι
959 2186 1125 2244 redimeret
1139 2190 1278 2258 mimas,
1294 2189 1361 2248 dnm
1382 2191 1608 2249 recordaremur
1626 2195 1685 2258 iai,
1701 2195 1751 2253 sin

109 2286 215 2354 ladr'ca,
230 2281 326 2354 inquit.
343 2282 540 2338 mihicarrne
555 2279 802 2353 ttajttdieestlcb.
818 2294 848 2345 x,
863 2281 903 2350 2).
961 2277 1049 2344 (Prot.
1078 2293 1188 2347 cxxxvi,
1219 2277 1258 2347 ι).
1286 2277 1366 2334 Libet
1392 2281 1546 2335 exclamare
1574 2288 1605 2336 et
1635 2297 1683 2342 ma
1706 2298 1751 2338 ou

110 2373 163 2431 Ubi
188 2388 243 2429 non
267 2386 331 2427 sane
354 2371 513 2426 sententiam
537 2379 676 2436 causator,
691 2369 741 2427 sed
772 2376 906 2426 seruntur
959 2378 1060 2435 sponsa
1086 2365 1184 2434 pariter
1210 2375 1237 2422 ct
1263 2382 1324 2422 cum
1351 2368 1486 2437 Propheta
1512 2385 1520 2422 :
1548 2371 1656 2428 bondo
1682 2373 1751 2429 Dm

109 2474 229 2527 mamm,
259 2456 361 2514 erudiri
384 2456 497 2527 flagellis
524 2464 630 2527 petens,
653 2473 708 2513 non
745 2457 813 2512 erui.
838 2458 906 2512 ltem
961 2455 1056 2518 taam,
1071 2454 1303 2527 Sioneqaonr'cm
1317 2457 1492 2527 confortavit
1509 2472 1596 2514 aerae
1615 2464 1751 2531 portaria

111 2547 179 2602 alius
199 2554 331 2617 precatur,
344 2543 438 2599 dicens
455 2561 461 2597 :
483 2545 542 2602 Viae
558 2551 631 2610 taos,
647 2547 775 2609 Domine,
792 2545 907 2602 demon·
963 2541 1246 2611 scemmenstete
1259 2543 1401 2613 filiistais
1414 2545 1446 2600 in
1462 2548 1499 2602 te.
1514 2545 1571 2614 Qui
1583 2548 1689 2619 posuit
1700 2546 1753 2617 fisa

111 2640 173 2693 atra
186 2634 269 2701 milti,
283 2636 311 2690 et
334 2634 451 2689 remites
470 2636 534 2688 taos
560 2632 641 2691 edoce
660 2650 705 2690 me
720 2634 808 2702 (Paci.
823 2647 905 2698 xxxv,
962 2632 1172 2703 transponerent
1180 2632 1262 2704 adipe
1271 2633 1413 2703 frementi
1421 2632 1513 2690 satiat
1523 2636 1554 2691 ie
1568 2634 1753 2705 (remmia,

112 2721 351 2797 sponsabant
373 2721 429 2779 rias
450 2721 493 2778 rel
516 2722 636 2791 semitas,
658 2721 807 2779 manifestat
820 2722 905 2778 alibi:
963 2719 1071 2791 tit-tt).
1087 2719 1154 2789 Quis
1177 2734 1231 2776 non
1252 2720 1308 2776 illie
1330 2721 1505 2777 vehementer
1529 2724 1632 2793 cupiat
1655 2724 1755 2797 panis

113 2814 236 2873 Dedaec't
249 2826 306 2879 me,
319 2810 421 2883 inquit,
434 2825 521 2882 saper
544 2812 661 2868 semiton
679 2811 804 2884 justitie
819 2811 908 2880 (Paci.
963 2813 1075 2878 propter
1087 2823 1195 2878 pacem,
1219 2818 1248 2865 et
1271 2815 1377 2880 propter
1399 2808 1521 2880 adipem,
1537 2819 1566 2866 et
1593 2820 1755 2883 proptera·

113 2917 185 2966 xxti,
198 2901 236 2972 3).
249 2900 323 2969 Ergo
337 2900 388 2953 tria
401 2897 452 2952 ista
466 2898 555 2953 anima
568 2899 675 2954 curiosa
689 2898 737 2954 Dei
752 2914 807 2954 non
821 2861 945 2953 cessate
962 2897 1105 2955 tietatem‘l
1119 2896 1193 2952 Nihil
1207 2896 1244 2952 ihi
1263 2896 1431 2962 formidatur,
1447 2896 1515 2952 nihil
1530 2897 1688 2969 fastiditur,
1702 2898 1756 2957 nat

113 2989 266 3061 inquirere,
279 2986 419 3056 iustitiam,
440 2994 467 3042 et
491 2986 634 3057 judicium,
649 2998 676 3045 et
699 2987 788 3044 locum
808 2986 909 3043 habita-
963 2985 1063 3041 deficit.
1091 2984 1161 3041 Tuta
1184 2985 1315 3041 habitatio
1343 2985 1496 3056 paradisus,
1527 2986 1616 3045 dulce
1640 2989 1756 3061 pabulari

113 3078 195 3133 tionis
209 3075 303 3148 gloriae
318 3077 410 3148 sponsi
426 3093 433 3130 :
450 3085 576 3148 tanquam
588 3075 658 3130 viam
669 3075 695 3131 in
710 3092 762 3147 qua
775 3075 907 3140 ambulet,
963 3073 1093 3140 Verbum,
1108 3073 1247 3143 opulentia
1264 3073 1348 3130 multa
1366 3072 1449 3131 nimis
1462 3075 1616 3135 aeteruitas.

113 3167 244 3223 cantelam
263 3182 315 3238 qua
337 3166 466 3232 ambulet,
486 3173 513 3221 et
535 3167 568 3221 ad
589 3180 670 3237 quam
689 3164 813 3221 ambulet
833 3180 909 3219 man·
999 3167 1025 3218 3.
1042 3162 1132 3218 liabeo
1146 3169 1174 3218 et
1195 3177 1248 3234 ego
1272 3161 1402 3227 Verbum,
1417 3162 1465 3217 sed
1483 3155 1517 3218 'in
1537 3178 1629 3220 carne
1641 3184 1651 3235 3
1664 3165 1758 3222 ιιιιῖ

114 3255 228 3311 sionem.
244 3254 283 3310 Dc
306 3269 358 3320 qua
381 3255 521 3310 mansione
544 3254 585 3311 sic
609 3254 692 3309 habes
710 3254 738 3310 in
754 3255 907 3324 propheta:
962 3251 1108 3323 apponitur
1136 3251 1245 3315 raritas,
1266 3248 1360 3306 sedin
1386 3253 1574 3309 sacramento.
1601 3253 1758 3326 Angelum

117 3344 209 3399 Unam
223 3344 304 3415 petii,
319 3342 414 3414 inquit,
434 3359 452 3398 a
470 3344 597 3409 Domino,
613 3344 686 3399 hanc
706 3345 860 3414 requiram,
874 3345 910 3398 at
962 3339 1043 3410 adipe
1057 3338 1185 3394 frumenti
1200 3339 1349 3412 saginatur,
1365 3346 1393 3395 et
1410 3338 1484 3394 nuda
1505 3350 1653 3398 saturatur
1666 3356 1758 3417 ςιιιις

114 3429 831 3489 iniectamindomobonintonnitrnreinvita
839 3445 909 3486 mcoe
963 3443 1006 3483 me
1020 3434 1126 3500 oportet
1141 3426 1248 3483 interim
1267 3428 1383 3499 quodam
1403 3428 1570 3484 sacramenti
1593 3431 1759 3488 nortiam

116 3519 202 3590 (Prot.
214 3533 292 3584 xxvi,
303 3516 385 3589 t);et
397 3517 495 3573 iterum
512 3520 656 3583 :Domina
672 3518 761 3575 ditem
784 3519 910 3574 decorem
964 3525 1128 3578 conantum.
1143 3516 1231 3572 camis
1254 3515 1368 3583 turture,
1392 3515 1487 3572 littere
1516 3517 1611 3588 palea,
1638 3519 1759 3576 vetantur

115 3607 214 3666 domur
224 3610 330 3673 taa,et
341 3607 433 3665 locam
443 3605 629 3666 habitationis
638 3607 736 3679 gloria
750 3610 809 3662 tace
821 3607 908 3676 (Psat.
964 3603 1037 3664 fidei.
1058 3608 1092 3662 lit
1104 3606 1163 3660 hac
1178 3605 1240 3659 talia
1255 3612 1317 3660 sunt
1338 3620 1402 3678 quaa
1425 3612 1535 3677 gustata
1550 3606 1682 3666 atterunt
1697 3622 1759 3665 ιιιιι·

115 3711 183 3751 xxv.
199 3695 237 3766 8).
254 3697 336 3751 Porro
359 3695 393 3753 de
415 3696 525 3764 reliquis
543 3695 650 3752 duobus
666 3711 673 3752 :
688 3695 807 3754 taetitia
821 3700 850 3752 et
860 3697 911 3768 ja·
965 3704 1028 3762 tem,
1045 3696 1067 3751 si
1087 3710 1141 3751 nou
1164 3694 1199 3750 de
1217 3693 1340 3765 primitiis
1357 3693 1468 3765 spiritus
1490 3698 1759 3770 quantulamcunque

115 3782 233 3846 dictam,
250 3780 297 3847 ait,
310 3785 485 3855 preparatio
503 3784 574 3841 aeda
595 3787 653 3841 taoe
667 3784 754 3854 (Prot.
770 3799 909 3850 cxxxviii,
964 3783 1095 3855 accipiant
1117 3783 1332 3839 condimentum.
1349 3782 1461 3839 Prorsus
1485 3798 1563 3838 mors
1578 3785 1652 3842 mihi
1667 3789 1696 3842 ia
1707 3787 1759 3852 cla

117 3870 173 3937 lb).
189 3867 285 3953 bierito
304 3868 353 3922 tria
376 3870 426 3924 iata
453 3886 530 3926 mens
557 3873 655 3930 devota
683 3871 801 3943 requirit,
818 3882 910 3942 utpote
964 3873 1013 3928 nisi
1034 3888 1068 3928 aa
1090 3872 1228 3943 prophetae
1258 3871 1343 3928 terina
1364 3871 1521 3929 dulcoretur
1550 3874 1609 3944 (W
1640 3878 1707 3950 ling.
1730 3890 1759 3940 rr,

116 3957 210 4012 sedem
235 3955 294 4022 Dei,
310 3962 337 4011 et
359 3955 430 4011 seon
455 3959 685 4028 preparationem.
700 3958 735 4012 Et
759 3958 909 4030 pulchreita
964 3964 1009 4027 aa,
1027 3963 1083 4031 tt).
1099 3960 1223 4032 Denique
1245 3960 1348 4032 absque
1368 3960 1464 4030 spiritu
1477 3969 1505 4016 et
1518 3964 1761 4021 sacramentum!

115 4059 224 4113 sponsae
243 4043 446 4117 prerogativam
469 4051 635 4100 concurrunt
659 4045 757 4115 pariter
771 4047 909 4103 omniaad
961 4049 1093 4121 juditium
1108 4048 1233 4116 sumitur,
1258 4059 1285 4105 et
1308 4063 1372 4106 earo
1394 4064 1448 4104 non
1471 4049 1593 4119 prodeat
1611 4053 1761 4127 quidm,

114 4133 378 4190 consummationem
400 4133 538 4200 virtutum,
553 4142 582 4188 ut
602 4136 636 4188 de
655 4133 740 4189 torma
752 4135 861 4205 justitiae
875 4137 910 4192 sit
964 4138 1096 4196 etlittera
1116 4138 1224 4205 cecidit,
1243 4147 1271 4194 et
1292 4138 1359 4193 tldee
1379 4143 1555 4195 mortuaest.
1585 4141 1644 4200 Sed
1666 4142 1761 4216 spiritu

112 4220 244 4289 formosa,
259 4223 295 4277 de
314 4220 480 4292 judiciorum
500 4221 593 4277 notitia
615 4231 705 4285 caum,
719 4226 753 4278 de
775 4223 910 4281 desiderio
964 4230 1063 4299 estqui
1092 4224 1220 4296 vivificat,
1235 4235 1265 4282 ut
1292 4227 1381 4284 viram
1408 4225 1436 4281 in
1459 4225 1512 4282 eis.
1535 4231 1577 4285 at
1604 4230 1762 4303 quanuffl

116 4310 267 4383 presentiae
290 4326 338 4365 seu
360 4309 455 4382 gloriae
475 4311 567 4380 sponsi
586 4320 667 4366 casta.
688 4311 778 4366 Talem
801 4327 912 4383 prorsus
964 4332 1029 4373 sane
1042 4314 1207 4371 abnndantia
1226 4314 1338 4386 spiritus
1353 4315 1532 4386 pinguescant
1555 4316 1625 4386 ista,
1647 4335 1705 4376 noa
1719 4316 1761 4392 μ’

116 4397 194 4455 decet
221 4413 282 4456 esse
305 4413 431 4468 sponsam
459 4398 580 4465 Domini,
601 4397 752 4470 pulchram,
775 4401 909 4456 eruditam
963 4403 1074 4482 omnino
1094 4403 1262 4472 jucunditate
1286 4403 1401 4459 sumitur
1425 4409 1520 4460 cortex
1551 4407 1762 4465 nummata

115 4496 143 4543 et
174 4494 285 4544 matam.
309 4486 382 4562 Ergo
416 4487 508 4558 petitio
548 4502 630 4560 qnam
666 4488 787 4544 nltimam
815 4489 909 4561 posui3
964 4493 1047 4564 adeps
1075 4491 1210 4559 frumenti,
1239 4491 1308 4548 tides
1334 4498 1363 4548 et
1389 4489 1497 4562 species
1520 4491 1761 4564 (ntiaamerrdeu,

116 4575 195 4632 istius
208 4583 250 4630 est
277 4574 339 4630 loci.
358 4574 427 4631 Petit
454 4575 587 4649 siquidem
608 4576 643 4631 ab
664 4590 698 4631 eo
719 4591 801 4648 quem
820 4576 911 4650 diligit
964 4583 1048 4654 spes),
1062 4580 1192 4637 memoris
1211 4588 1239 4636 et
1258 4578 1412 4649 praesentia,
1433 4578 1581 4638 eternitas
1608 4594 1640 4641 et
1662 4596 1762 4657 ιαιμ,

115 4662 205 4719 anima
219 4678 279 4730 sua,
296 4662 408 4719 indicari
427 4663 480 4718 sibi
502 4664 547 4719 nbi
569 4671 670 4735 pascat,
684 4671 711 4721 et
730 4664 777 4719 ubi
790 4665 869 4722 cubet
882 4666 910 4720 in
964 4671 1054 4726 vultus
1067 4670 1255 4741 etspeemum,
1266 4666 1553 4740 imagoDeietlorma
1567 4673 1664 4731 servi.
1675 4674 1763 4744 lie-p

115 4751 239 4809 meridie.
965 4759 991 4813 in
1006 4757 1133 4815 omnibus
1147 4757 1188 4814 his
1202 4754 1268 4813 fides
1290 4755 1409 4827 locuples
1431 4754 1510 4823 mihi,
1526 4757 1696 4821 intellectas
1708 4776 1762 4835 pat·

150 4846 177 4899 2.
199 4843 234 4898 Et
262 4843 350 4915 primo
378 4842 487 4899 adverte
515 4856 593 4915 quam
622 4842 760 4913 eleganter
788 4857 909 4900 amorem
963 4863 1021 4918 per.
1046 4844 1175 4920 Nunqnid
1197 4860 1262 4902 vero
1282 4860 1332 4917 par
1351 4859 1433 4918 sapor
1459 4843 1623 4907 intellectui
1648 4849 1760 4924 fideiqm

114 4931 258 5004 spiritura
286 4933 376 4991 carnis
403 4932 538 4989 discernat
564 4928 673 4996 ellectu,
688 4930 753 4987 dum
781 4930 910 4990 dilectum
964 4936 1075 4993 comsit
1092 4934 1119 4990 in
1138 4934 1261 4992 medeam
1286 4935 1346 5000 ista,
1369 4933 1415 4990 ille
1436 4933 1465 4989 in
1489 4936 1676 5006 praemium?
1698 4938 1760 4998 rit·

113 5019 267 5091 exprimere
286 5021 372 5093 magis
386 5021 447 5094 ipsa
465 5019 618 5090 silentione,
634 5035 715 5092 quam
734 5021 843 5078 nomiae
857 5038 909 5081 ao·
963 5040 1030 5097 crgo
1044 5032 1148 5080 tantun
1162 5023 1262 5081 nisam
1281 5022 1351 5079 inter
1372 5020 1483 5094 pabala,
1507 5028 1759 5096 quantametiu

112 5106 183 5181 lens,
205 5123 259 5164 non
283 5108 439 5178 simpliciter
460 5109 568 5181 :Quem
596 5109 701 5184 dilig03
716 5110 764 5166 sed
789 5127 796 5166 :
816 5113 845 5180 0,
861 5113 907 5169 in-
964 5114 1039 5185 loca3
1055 5120 1083 5169 et
1100 5112 1169 5169 aicta
1192 5110 1343 5169 exaltantur
1355 5110 1417 5169 coeli
1440 5126 1458 5166 a
1480 5118 1572 5182 terra,
1590 5116 1634 5175 it.
1653 5118 1758 5175 tam

113 5202 180 5269 quit,
193 5214 274 5271 quern
286 5198 381 5270 dilicit
391 5201 488 5255 anima
503 5216 577 5270 ntea,
588 5196 754 5268 spiritualem
763 5198 909 5273 designans
964 5210 1004 5259 tes
1018 5202 1047 5260 in
1061 5202 1110 5272 eis,
1127 5201 1206 5259 bonis
1219 5199 1371 5273 potioribus
1391 5199 1560 5259 muniet

113 5286 292 5348 directionem.
311 5287 410 5342 Deinde
428 5287 557 5359 quidnam
578 5303 637 5343 eam
660 5287 688 5343 iu
714 5287 776 5343 loco
799 5304 908 5359 pascuae
998 5293 1025 5347 t.
1041 5291 1212 5349 Desinemus
1226 5288 1350 5361 proinde,
1368 5285 1429 5354 dlii,
1453 5276 1627 5351 taam
1639 5294 1678 5353 ad
1691 5295 1757 5361 lon,

113 5375 181 5430 adeo
207 5374 333 5439 delectet,
359 5372 502 5445 diligenter
534 5374 654 5432 attende.
681 5373 734 5430 Sed
761 5389 813 5431 nee
840 5376 907 5437 illud
962 5381 1100 5447 tutiorem,
1123 5379 1157 5437 ad
1180 5377 1539 5451 mommoriacensi
1563 5380 1756 5444 abutor-s
