3734 5948
169 210 239 286 liis
638 207 1334 281 ειιιιιιιιιιιιιιειιιιι-νιιιιιειε
1744 200 1816 282 tien

168 351 238 409 libna
252 346 435 407 mortalitatem
457 361 487 402 se
500 343 597 410 induit,
612 350 640 399 ct
655 350 753 400 reatem
775 343 963 425 immortalite·
976 359 1000 437 Α
1015 351 1042 402 ει
1056 346 1121 418 quia
1135 361 1213 417 pares
1227 329 1356 417 vulpibus
1379 361 1409 401 se
1433 345 1563 415 iecerunt,
1581 355 1671 418 parts
1690 349 1814 420 vulpium

168 438 202 495 tis
227 435 361 495 incidente
385 433 479 491 mortis
502 430 678 487 similitudine
704 429 883 501 decoloravit,
903 447 958 488 unu
1016 445 1112 506 enunt3
1129 433 1202 500 inde,
1216 433 1292 502 juxta
1306 434 1488 500 Salomonem,
1500 453 1575 493 renus
1584 436 1680 494 exitus
1691 436 1814 509 bomini,

169 525 252 584 exuit.
1015 527 1043 579 et
1057 525 1190 595 inmerito
1201 524 1302 593 (decla
1319 538 1361 593 ur,
1379 524 1435 593 ts).
1449 523 1550 592 Quidni
1565 514 1817 584 l'li'sssssimiiiter

203 612 328 669 blisum
352 609 698 682 attende,quomodeejus
717 607 805 664 anima
820 608 960 665 immorta·
1015 620 1101 683 exeat,
1128 613 1176 684 qni
1205 611 1328 667 similiter
1355 613 1445 668 uixit?
1474 615 1547 669 llere
1566 615 1671 671 bestiali
1693 615 1817 673 incubuit

168 704 212 772 ils,
235 699 442 757 immortalitatis
470 715 526 756 sue
553 699 647 774 glorie
674 698 763 754 iocum
791 698 962 755 mortaiitatis
1016 697 1141 765 terrenis,
1165 705 1249 753 morie
1271 696 1377 752 bestiali
1400 698 1511 754 excedet
1533 699 1620 754 terris.
1646 700 1714 755 liudi
1730 702 1815 757 aliud.

167 790 279 861 intexit,
304 788 428 847 mortalia
452 788 546 860 utique
572 788 735 845 aiiectando.
762 786 860 859 thuid
880 786 961 855 enim,
1016 784 1086 856 Quid
1100 784 1196 840 mirum
1222 785 1244 840 si
1269 783 1384 841 similem
1404 785 1535 843 sortimur
1548 786 1657 855 exitum,
1674 788 1718 862 qui
1733 796 1760 844 ei
1775 792 1817 845 si-

168 886 229 939 c‘b'm
257 878 416 936 immortalis
436 886 517 941 esset,
532 876 657 934 mortalia
686 893 741 934 neu
755 878 915 950 contempsit
937 886 964 932 ει
1017 874 1108 932 milem
1120 874 1252 931 habemus
1267 874 1433 931 introitum?
1452 875 1530 931 ilnde
1554 875 1626 932 euim
1647 877 1816 943 bominibus,

169 968 331 1034 trandtoris,
348 975 477 1025 contenta
495 966 546 1024 sibi
569 966 711 1035 similibus,
727 966 924 1023 immortalibus
938 975 964 1023 et
1016 964 1068 1022 nisi
1087 964 1121 1022 de
1143 964 1319 1022 similitudine
1345 965 1463 1033 bestiali,
1489 964 1534 1022 ilie
1555 975 1608 1023 tam
1632 966 1819 1040 intemperans

168 1056 504 1128 sarmatarumque,
520 1056 964 1130 lipnemquedesretpnlctrum
1017 1054 1097 1110 ardor
1112 1053 1141 1110 in
1162 1055 1246 1124 coitu,
1263 1058 1318 1110 ιιιι
1343 1053 1537 1112 immoderatus
1562 1054 1639 1112 deler
1663 1056 1690 1111 in
1713 1061 1819 1129 partui

170 1148 426 1220 dcetlir‚ctespcetu
436 1144 649 1211 delectabilem
659 1160 745 1201 moue
754 1145 791 1200 od
799 1144 964 1201 verendam
1017 1143 1057 1198 Ita
1069 1142 1151 1199 hemo
1163 1142 1192 1198 in
1207 1149 1339 1215 conceptu
1354 1152 1381 1200 et
1395 1152 1467 1211 ertu,
1484 1143 1511 1200 in
1530 1143 1584 1201 sita
1598 1146 1626 1200 et
1639 1152 1728 1203 morte
1739 1162 1818 1202 coni-

170 1236 251 1306 (Gcn.
265 1252 307 1301 ιιι,
332 1234 371 1307 t).
386 1235 447 1291 Nou
469 1240 512 1289 est
526 1243 614 1299 tua,o
637 1232 744 1301 mulier,
761 1232 813 1288 ista
835 1232 962 1298 suavitas,
1017 1239 1129 1302 paratus
1143 1237 1184 1287 est
1197 1232 1327 1302 jumentis
1351 1230 1552 1304 insipientibus,
1567 1239 1594 1288 et
1618 1230 1716 1288 similis
1730 1233 1820 1290 iaetus

172 1325 223 1380 ista
243 1320 399 1393 delectatio,
412 1322 518 1396 istaque
541 1320 736 1392 pulchritudo:
758 1329 786 1377 et
807 1319 830 1375 si
849 1328 895 1376 tus
915 1336 965 1391 pre
1018 1328 1060 1376 est
1073 1318 1136 1376 illis.

171 1423 245 1486 perte
268 1412 326 1479 leti,
349 1426 405 1469 non
429 1420 474 1468 tna
499 1410 595 1478 selina,
619 1410 666 1466 sed
693 1408 845 1466 communis
862 1409 966 1467 eunctis
1054 1412 1082 1464 ιι.
1096 1406 1177 1480 Quid,
1187 1408 1260 1481 quod
1275 1407 1362 1466 libera
1374 1416 1500 1466 creatura
1515 1409 1567 1467 sibi
1582 1411 1718 1467 subditum
1733 1426 1821 1487 appe-

171 1500 352 1558 animantubus
370 1511 459 1557 terre.
475 1499 543 1565 Tua,
559 1515 619 1570 quse
640 1514 704 1555 uere
719 1507 767 1554 tua
780 1506 832 1569 est,
847 1498 964 1566 aliunde,
1019 1495 1098 1552 titum
1123 1511 1177 1552 non
1192 1496 1261 1570 regit
1275 1498 1434 1568 uidemini,
1448 1498 1496 1555 sed
1508 1498 1630 1573 sequitur
1645 1507 1672 1555 et
1686 1501 1821 1571 obsequi-

171 1589 338 1647 etaliaest:
355 1604 417 1644 uem
441 1597 541 1644 eterna
565 1595 606 1642 est
621 1588 655 1644 de
678 1587 838 1645 aeternitate.
852 1585 922 1655 Quid
936 1594 964 1643 tu
1020 1592 1064 1642 tur
1077 1593 1107 1642 ut
1119 1584 1240 1641 ancillet
1262 1584 1359 1642 Nonne
1373 1594 1399 1643 et
1419 1587 1446 1642 in
1469 1588 1522 1644 bec
1537 1602 1566 1642 se
1584 1587 1821 1647 assimilstetan-

169 1677 266 1734 anime
279 1685 334 1734 tuse
348 1677 427 1733 sliam
449 1677 573 1744 iermarn,
589 1675 643 1732 imo
658 1675 853 1732 deformitatem
868 1675 964 1747 impri·
980 1639 1003 1718 Β
1018 1681 1140 1730 ιιιιειιι
1161 1675 1266 1732 ceteris
1289 1675 1478 1743 animantibus,
1505 1693 1566 1749 que
1582 1679 1690 1734 'nature
1709 1694 1766 1736 non
1797 1681 1822 1734 iu

171 1768 223 1823 mis
245 1767 382 1824 alienam?
405 1768 553 1824 Enimvero
579 1766 652 1837 quod
675 1764 788 1822 delectat
813 1765 922 1831 babere,
936 1764 964 1819 id
1018 1763 1170 1819 libertatem
1198 1764 1313 1836 vocavit,
1333 1764 1382 1821 sed
1406 1765 1525 1822 condidit
1540 1765 1566 1821 in
1581 1767 1744 1826 seruitutem
1767 1785 1822 1826 ser·

170 1855 251 1912 etiam
265 1855 381 1927 perdere
396 1854 468 1911 timet
485 1873 492 1910 :
507 1862 536 1911 et
557 1853 640 1908 timor
658 1853 732 1909 celer
747 1860 797 1909 est.
813 1853 843 1909 is¹
857 1852 966 1909 idserte·
1019 1851 1076 1906 vire
1091 1865 1141 1907 suo
1165 1849 1264 1917 ventri,
1287 1851 1415 1925 appetitui
1434 1852 1571 1911 obedire?
1585 1854 1682 1912 Nonne
1703 1854 1823 1913 tali'me·

172 1945 304 2002 temdum
328 1942 419 2016 tingit,
433 1942 510 2016 tegit,
526 1950 554 1998 et
576 1954 637 1997 eam
661 1941 836 1998 nibilominus
857 1941 967 1997 sibimet
1019 1939 1071 1995 rito
1099 1938 1276 1995 confunditur
1306 1939 1443 2011 perhiberi
1476 1941 1518 1997 uel
1546 1942 1697 2001 existimari
1726 1945 1823 2003 similis

171 2033 259 2089 reddit
281 2031 450 2090 dissimilem.
466 2030 554 2101 Quam
576 2029 686 2104 dignius
708 2046 756 2086 sua
777 2029 882 2103 origine
900 2029 965 2085 nibil
1019 2027 1617 2108 Deustldeoqueait:Existimastiirtipne
1633 2033 1706 2107 qnod
1719 2037 1823 2093 crotni

170 2127 290 2191 cuperet,
307 2119 354 2176 ubi
368 2119 433 2175 nibil
448 2126 588 2186 metueret,
605 2135 638 2175 ac
660 2134 709 2190 per
721 2119 775 2175 boc
795 2134 810 2173 ι
828 2119 917 2174 servili
933 2118 966 2174 ti·
1018 2117 1139 2185 similis,·
1152 2125 1178 2174 ct
1190 2116 1290 2175 iniert:
1307 2118 1430 2192 Arpeom
1442 2123 1478 2192 tc,
1491 2122 1658 2180 etstctuem
1668 2126 1822 2195 contrafe-

172 2224 247 2266 mere
275 2209 327 2265 isto
353 2207 501 2282 ingenitam
529 2207 581 2263 sibi
609 2205 769 2263 defenderet
801 2206 964 2276 libertatem,
1019 2208 1089 2264 cmm
1105 2210 1185 2263 tuom
1200 2207 1290 2277 (Psoi.
1312 2222 1389 2278 ιιιι,
1406 2210 1462 2280 ii).
1487 2208 1547 2266 Non
1567 2219 1679 2268 estsese
1700 2211 1824 2268 sidentis

171 2307 322 2354 manentem
346 2297 373 2353 iu
396 2296 489 2372 vigore
511 2303 539 2353 et
561 2296 657 2352 decore
679 2293 745 2351 suoi
762 2293 835 2350 iietd
858 2310 914 2352 nen
929 2296 966 2351 ita
1020 2295 1125 2363 animae,
1141 2295 1228 2351 Deum
1243 2292 1396 2351 existimare
1410 2295 1526 2352 similem
1552 2295 1615 2362 sibi,
1631 2295 1727 2353 animae
1749 2297 1821 2353 dun·

171 2387 228 2446 est!
244 2390 362 2445 mumius
375 2394 417 2443 est
431 2385 507 2443 color
526 2383 656 2457 optimus.
670 2381 791 2456 Fugites,
807 2390 834 2440 et
849 2384 937 2441 latites
956 2403 965 2442 ι
1021 2389 1102 2448 taxat,
1120 2380 1207 2455 qualis
1221 2397 1282 2438 mea
1307 2392 1358 2448 est,
1383 2384 1540 2456 peccatricis
1564 2395 1592 2439 et
1612 2384 1723 2458 inique.
1741 2384 1820 2457 Ejus-

171 2476 248 2533 eudis
263 2491 355 2534 vocem
369 2473 478 2532 Domini
495 2472 557 2542 Dei,
572 2481 599 2528 et
618 2472 761 2528 abscondis
774 2480 811 2528 te.
828 2472 881 2528 Cur
903 2472 965 2544 bec,
1021 2471 1093 2528 modi
1107 2486 1224 2543 namque
1237 2470 1381 2547 arguitur:
1395 2473 1576 2530 Existimasti
1592 2474 1700 2549 iniquae,
1723 2476 1774 2542 ait;
1791 2486 1818 2531 ει

172 2562 224 2619 nisi
243 2563 400 2637 quiequam
420 2560 531 2618 amabas
550 2563 639 2629 times,
656 2567 684 2616 ει
705 2559 834 2617 libertatis
848 2559 966 2632 speciem
1022 2575 1076 2617 nen
1104 2559 1196 2616 dicit:
1225 2557 1400 2628 Existimasti,
1425 2559 1535 2631 anima3
1565 2561 1617 2632 vel,
1645 2561 1820 2628 existimasti,

174 2651 262 2708 torma
275 2650 379 2710 seritis
392 2648 526 2707 exclusit‘i
1022 2651 1115 2722 borno,
1129 2649 1202 2724 qood
1213 2667 1260 2708 cre
1275 2653 1321 2708 tui
1329 2651 1442 2708 similis.
1453 2650 1515 2717 Sed,
1530 2650 1555 2706 si
1568 2657 1701 2707 statuetur
1716 2651 1824 2725 iniquus

208 2742 235 2796 t.
254 2739 306 2796 Sed
329 2747 356 2796 et
374 2737 526 2798 uoluntaria
543 2736 588 2793 ilie
611 2736 768 2806 necessitas,
785 2745 812 2792 et
834 2737 968 2794 contraria
1022 2746 1083 2794 ante
1097 2738 1191 2794 iecieru
1214 2754 1302 2805 suem,
1317 2747 1344 2795 et
1357 2748 1451 2795 centra
1472 2741 1574 2796 vultum
1589 2742 1736 2810 quemdam
1752 2756 1823 2797 mer·

174 2831 215 2887 lex
230 2828 328 2886 iniiicta
342 2825 482 2899 membris,
498 2827 531 2883 de
553 2842 605 2901 que
626 2827 890 2900 preximesermone
911 2827 967 2884 dis·
1022 2827 1115 2884 bidum
1139 2827 1316 2901 putidumque
1346 2827 1482 2884 interieris
1505 2828 1622 2885 bominis
1642 2828 1684 2884 eui
1704 2829 1821 2897 sistatur,

172 2918 257 2988 serui,
280 2917 369 2974 eidem
391 2917 501 2975 incubet
528 2915 654 2983 libertati,
677 2925 704 2972 ει
731 2915 841 2972 liberam
868 2928 966 2975 natura
986 2914 1055 2993 cut
1073 2916 1242 2974 dissimulare
1260 2924 1307 2972 aut
1320 2915 1455 2973 declinare
1478 2932 1532 2973 uon
1546 2923 1629 2989 queat
1643 2917 1822 2990 impuritatem

171 3014 327 3064 creaturam
353 3021 405 3078 per
431 3004 569 3079 propriam
595 3004 681 3074 ipsius
703 3002 880 3070 voluntatem,
904 3005 968 3062 dum
1022 3004 1192 3062 conscientie
1206 3018 1271 3068 sue,
1287 3003 1333 3058 sed
1355 3003 1444 3058 videat
1462 3004 1503 3059 vel
1527 3004 1625 3062 invitus
1646 3006 1748 3065 sordes
1764 3024 1824 3080 pec·

173 3092 263 3162 allicit,
278 3093 386 3167 subjicit
408 3095 540 3162 seruituti,
559 3094 675 3166 implens
693 3094 787 3153 faciem
810 3097 870 3167 ejus
888 3094 968 3169 igno·
1021 3103 1143 3152 cetorum
1158 3108 1278 3161 suornm,
1299 3093 1423 3149 vitiorum
1449 3092 1575 3164 inspiciat
1599 3095 1819 3157 deformitatem:

173 3181 265 3250 minim
279 3182 317 3240 ita
338 3184 371 3239 ut
391 3183 435 3240 eei
455 3198 536 3241 carne
558 3185 655 3242 serviat
669 3183 722 3256 legi
745 3186 857 3257 peccati,
873 3193 899 3242 et
913 3201 967 3242 uon
1021 3188 1189 3257 nequaquam
1204 3182 1261 3254 Jam
1280 3181 1378 3255 poterit
1397 3181 1551 3238 existimare
1567 3182 1655 3237 Deum
1671 3182 1734 3240 iore
1750 3186 1822 3242 simi·

172 3271 275 3328 volens.
292 3268 360 3340 Quia
376 3287 444 3343 ergo
460 3278 561 3328 naturas
576 3271 770 3347 ingenuitatem
784 3286 893 3331 morum
906 3289 969 3345 pro·
1022 3271 1075 3328 lem
1090 3270 1152 3338 sibi,
1179 3270 1228 3327 sed
1253 3269 1331 3343 qnasi
1350 3266 1476 3326 diliidens
1498 3287 1549 3343 pro
1564 3279 1638 3327 tenta
1653 3272 1822 3330 dissimilitu-

174 3359 255 3417 bitste
282 3360 425 3416 deiensere
452 3360 589 3433 neglexit;
615 3360 691 3430 inste
719 3362 840 3419 austeris
865 3362 969 3435 judicie
1022 3360 1086 3416 diue
1100 3376 1181 3434 quam
1200 3358 1312 3430 ridebit,
1333 3367 1399 3430 pute
1424 3358 1593 3427 exclamabit,
1610 3368 1636 3415 et
1659 3358 1753 3419 dicct:
1769 3365 1820 3419 ile·

173 3450 339 3515 factumest,
354 3463 410 3505 non
427 3449 536 3522 quidem
555 3458 598 3506 ut'
609 3434 733 3509 imertete
757 3449 866 3526 proprie
880 3454 969 3510 nuda·
1023 3450 1110 3521 minc,
1120 3449 1182 3523 qais
1193 3447 1298 3506 similis
1310 3448 1382 3505 tabi?
1394 3449 1483 3519 (Psoi.
1495 3463 1597 3523 xxxiv,
1611 3448 1668 3518 to.)
1684 3442 1758 3521 quod
1767 3450 1822 3523 qui·

174 3544 263 3607 ratun-
278 3536 325 3594 sed
349 3546 439 3595 tanuen
462 3539 716 3614 superindueretur,
737 3544 812 3601 amnt
836 3543 969 3616 diploide,
1023 3536 1084 3594 dem
1100 3536 1201 3594 dictum
1224 3553 1274 3608 pro
1296 3537 1447 3593 voluntaria
1470 3535 1514 3592 ilia
1527 3544 1555 3591 et
1569 3534 1669 3592 novitia
1684 3536 1822 3594 dissimili·

174 3630 343 3702 censurium
356 3647 410 3687 aaa
426 3630 512 3700 (Psoi.
537 3644 612 3702 cvm,
627 3632 684 3702 pp),
705 3630 737 3687 ιιι
754 3634 822 3688 bene
839 3634 915 3689 sicut
928 3633 970 3690 ds.
1024 3624 1127 3684 tudine.
1155 3626 1224 3681 Nam
1250 3635 1338 3683 manet
1358 3625 1442 3695 prima
1470 3624 1618 3682 similitudo
1635 3646 1641 3681 :
1658 3632 1686 3680 et
1703 3626 1769 3684 ideo
1782 3626 1823 3682 il¹a

173 3716 276 3795 ploidc,
292 3717 338 3774 ubi
353 3726 429 3776 ueste
451 3718 534 3775 veluti
549 3719 695 3790 duplicate,
711 3729 835 3777 manente
848 3720 972 3779 libertate
1024 3714 1086 3787 plus
1100 3714 1235 3787 displicet,
1251 3714 1324 3788 quod
1344 3713 1396 3769 isia
1421 3720 1520 3770 manet.
1535 3711 1559 3770 0
1577 3716 1709 3784 quantum
1726 3717 1823 3773 meum

175 3805 476 3879 proptereoiunietem,
495 3808 600 3865 servilis
615 3806 789 3865 nibilominus
803 3809 972 3866 conversatio
1026 3803 1086 3870 itte.
1119 3814 1302 3877 quantumque
1329 3803 1430 3857 malum
1457 3800 1525 3857 illel
1550 3800 1589 3857 Es
1614 3809 1709 3859 mutua
1738 3795 1825 3859 ιιιιιειι

175 3894 361 3954 necessitatem
383 3897 490 3968 prebet.
512 3900 571 3957 iioc
598 3899 632 3957 de
654 3898 837 3971 simplicitate,
859 3901 911 3956 boc
938 3900 973 3956 de
1025 3890 1170 3949 collatione
1190 3901 1302 3967 utraque
1322 3907 1365 3947 res
1389 3890 1414 3945 in
1437 3905 1543 3965 genere
1565 3890 1699 3963 suo'pius
1713 3890 1825 3947 eminet.

175 3983 373 4041 immortalitate
388 3984 636 4044 animeedvertsre
650 3993 692 4042 est
708 4005 715 4043 :
731 3994 759 4043 ει
772 3987 808 4044 nil
824 3986 872 4043 tibi
885 3987 912 4042 in
929 4001 971 4053 ea,
1061 3982 1089 4038 ι.
1111 3980 1178 4036 cum
1192 3993 1258 4054 ergo
1273 3979 1361 4035 anima
1385 3987 1485 4034 eniam
1506 3977 1533 4034 in
1553 3994 1582 4035 ss
1600 3994 1654 4034 una
1671 3993 1764 4034 rerum
1778 3979 1826 4034 di-

174 4072 198 4130 si
217 4073 286 4130 bene
297 4072 464 4143 consideres,
487 4076 639 4150 apparebit,
653 4077 728 4149 quod
747 4090 800 4132 non
821 4076 856 4130 sit
874 4075 970 4131 istius·
1026 4068 1150 4126 stantiam
1165 4069 1262 4140 cernit,
1275 4067 1369 4142 quidni
1385 4067 1494 4137 elamet,
1511 4067 1582 4123 iuter
1601 4082 1677 4140 spem
1692 4075 1721 4122 et
1735 4067 1830 4140 despe-

176 4160 250 4219 modi
261 4160 445 4220 similitudinis
460 4162 562 4237 pariter
576 4173 603 4220 et
613 4161 840 4219 dissimilitudinis
854 4161 972 4234 diploide
988 4193 1011 4269 ὓ
1025 4155 1155 4214 rationem
1171 4156 1263 4230 utique
1278 4155 1383 4228 posita:
1403 4156 1532 4223 domim,
1555 4156 1618 4230 qais
1641 4157 1749 4214 similis
1765 4157 1831 4214 tui?

176 4250 346 4324 adopertum.
372 4251 472 4310 Annon
500 4250 610 4323 diplois,
638 4249 686 4306 ubi
714 4265 768 4308 non
796 4250 904 4323 innata,
924 4251 972 4307 sed
1027 4247 1154 4302 Trahitur
1168 4246 1194 4300 in
1219 4243 1437 4315 desperationem
1458 4260 1507 4314 pre
1528 4253 1601 4303 ιιιιο
1615 4244 1709 4315 malo;
1726 4246 1781 4304 sed
1796 4263 1833 4303 re·

176 4340 268 4413 elixa,
292 4347 319 4396 et
333 4340 448 4413 quedem
463 4341 542 4413 quasi
555 4352 606 4394 een
625 4336 729 4410 peccati
743 4348 835 4396 assuta
848 4347 890 4395 cst
903 4339 972 4394 sim·
1028 4342 1138 4393 roceam
1152 4333 1179 4388 in
1192 4349 1268 4406 spem
1284 4338 1386 4388 ιιιιιιο
1411 4334 1494 4389 bono.
1519 4334 1584 4390 inde
1605 4341 1646 4390 est
1666 4338 1699 4390 ut
1712 4350 1770 4409 quo
1784 4334 1835 4391 sibi

178 4429 286 4503 pliciteti
304 4429 388 4498 irene,
404 4424 597 4485 immortalitati
620 4440 705 4496 mors,
721 4428 868 4485 necessitas
890 4428 975 4484 liber·
1030 4425 1089 4496 plus
1104 4422 1229 4493 displicet
1243 4422 1271 4478 in
1291 4423 1363 4478 male
1377 4422 1451 4495 quod
1467 4422 1494 4478 in
1509 4438 1538 4478 se
1549 4421 1630 4494 sidet,
1645 4437 1680 4479 eo
1695 4439 1727 4479 sc
1739 4424 1835 4481 arden·

176 4519 248 4575 tati‘i
267 4521 360 4591 Neque
385 4519 457 4574 enirn
482 4514 609 4573 semeliae
630 4514 795 4587 simplicitati
823 4515 975 4588 prescribit

178 4606 321 4678 duplicitas
337 4604 442 4677 cerdis3
462 4619 517 4661 non
541 4609 645 4659 naturae
670 4603 864 4661 immortalitati
888 4618 972 4673 mors,

179 4704 225 4752 eut
238 4692 388 4754 voluntaria
403 4692 515 4764 peccati,
530 4698 575 4748 sut
588 4693 740 4749 necessarie
754 4691 876 4765 corporis
894 4711 900 4748 :
919 4707 974 4748 non

180 4781 283 4841 arbitrii
297 4782 414 4839 libertati
430 4781 578 4839 necessitas
599 4782 760 4840 voluntarie
777 4779 922 4840 seruitutis.
938 4779 978 4834 lte

179 4876 258 4933 bonis
272 4879 375 4931 nature
400 4872 468 4928 mala
483 4872 638 4940 adventitia,
654 4873 719 4928 dum
741 4886 796 4927 non
817 4869 976 4941 sueecdunt,

179 4964 226 5022 sed
241 4963 382 5029 accedunt,
398 4970 507 5034 turpent
529 4962 623 5035 utique
646 4977 688 5028 es,
706 4975 759 5017 non
777 4959 977 5032 exterminaut3

178 5052 423 5119 conturbantem
445 5049 602 5108 deturbent.
626 5048 691 5104 inde
719 5046 810 5104 anime
838 5045 979 5105 dissimilis

179 5143 250 5209 Dee,
264 5142 327 5197 inde
346 5140 485 5198 dissimilis
500 5146 541 5197 est
554 5146 581 5194 et
596 5136 664 5205 sibi;
678 5137 743 5194 inde
763 5147 918 5209 comparate
933 5139 979 5207 ju-

180 5232 279 5288 mentis
293 5229 492 5303 insipientibus,
509 5237 536 5285 et
559 5226 657 5284 similis
676 5227 744 5285 iacta
759 5235 803 5285 cst
826 5226 900 5297 iliis3
916 5227 981 5283 inde

182 5319 255 5391 quod
269 5318 368 5391 iegitur
387 5330 570 5377 commutasse
582 5316 697 5394 gloriam
720 5334 798 5375 suam
812 5318 840 5373 in
854 5316 983 5373 similitu·

183 5408 273 5463 dinem
296 5408 370 5464 rituli
385 5408 552 5464 comedentis
571 5407 678 5472 lenum;
699 5406 762 5462 inde
777 5406 912 5468 beurunes,
927 5413 983 5461 tan·

184 5510 264 5567 quam
278 5497 383 5566 vulpes,
400 5495 565 5567 duplicitatis
589 5504 616 5551 et
639 5495 741 5551 iraudis
756 5495 848 5551 ievees
870 5494 981 5557 babent,

1029 4513 1083 4568 tius
1096 4510 1129 4565 ad
1144 4510 1258 4583 bonnm,
1282 4511 1356 4582 quod
1383 4526 1459 4582 seque
1474 4509 1500 4566 in
1525 4526 1554 4565 se
1569 4508 1715 4581 conspicit,
1737 4512 1834 4575 trabat,

1029 4598 1170 4671 cupiatque
1189 4596 1249 4655 lieri
1274 4598 1307 4654 ad
1327 4601 1398 4668 qued
1421 4599 1488 4655 iacta
1510 4602 1567 4664 est,
1578 4596 1694 4666 simplex
1710 4610 1738 4655 et
1752 4609 1835 4661 recta.

1029 4697 1057 4745 et
1079 4686 1175 4743 timeus
1195 4687 1294 4750 Deum.
1314 4702 1347 4744 ac
1368 4688 1496 4745 recedam
1511 4703 1527 4742 a
1541 4686 1624 4741 melo.
1637 4684 1743 4756 Quidni
1762 4704 1836 4745 rece·

1031 4778 1094 4834 dere
1110 4775 1203 4849 possit,
1221 4777 1254 4832 ad
1269 4777 1342 4849 quaed
1367 4778 1493 4833 accedere
1515 4773 1625 4846 poturit?
1643 4774 1744 4847 quidni
1760 4793 1837 4834 ecee·

1031 4867 1107 4937 dere,
1123 4880 1139 4919 a
1154 4880 1207 4936 uuo
1220 4865 1347 4921 recedere
1363 4863 1472 4938 potuit?
1485 4862 1565 4935 Quod
1581 4869 1673 4918 tamen
1690 4872 1837 4939 utrumqne

1032 4953 1145 5012 dixerim
1160 4955 1194 5011 de
1209 4952 1297 5028 gralia
1313 4953 1541 5029 praesumendum,
1553 4968 1605 5008 non
1617 4950 1652 5008 de
1670 4954 1837 5020 natumst

1034 5060 1067 5099 ne
1096 5043 1130 5100 de
1156 5042 1286 5099 industria
1312 5040 1433 5114 quidem.
1460 5042 1564 5114 Nempe
1579 5040 1730 5113 'sapientia
1758 5044 1836 5100 vindi

1034 5130 1162 5188 maiitiam
1176 5131 1255 5205 (Sep.
1277 5145 1326 5196 sti,
1351 5131 1408 5201 ae),
1423 5144 1478 5184 non
1502 5127 1644 5193 industris,
1670 5129 1716 5187 vel
1733 5141 1837 5190 natum.

1034 5220 1090 5281 Nec
1117 5216 1195 5281 deest
1217 5220 1323 5278 occasio
1350 5219 1551 5291 presumunt:
1579 5219 1622 5289 ad,
1640 5216 1774 5279 Verbum
1802 5218 1863 5277 ee*

1035 5313 1177 5370 cenversio
1192 5311 1259 5382 ejus.
1274 5311 1336 5367 Non
1349 5318 1391 5366 est
1403 5311 1476 5380 apud
1499 5309 1618 5365 Verbum
1633 5308 1729 5365 otiosa
1743 5312 1837 5368 seinse

1036 5416 1166 5476 generosa
1179 5400 1315 5470 cognatio,
1333 5400 1367 5455 ds
1380 5414 1432 5470 qus
1445 5398 1535 5453 triduo
1556 5398 1613 5466 jem
1636 5404 1804 5463 tumemus,
1817 5408 1838 5453 rt

1036 5489 1205 5561 manationis
1214 5488 1293 5544 testis
1306 5486 1453 5545 similitudo
1473 5500 1672 5559 perseveram·
1687 5486 1836 5561 Dignantrr
