3734 5948
589 246 763 311 εεειιεεεε
781 245 983 308 tamarim.
1556 259 1609 320 „2

99 377 180 451 copis
202 374 305 452 pariter
333 381 360 432 ει
383 375 526 442 εεΙεειεε;
549 374 687 448 quomodo
707 389 761 432 uon
777 374 996 466 *inquirentem
1010 389 1064 430 non
1081 374 1187 432 frendet
1208 379 1305 453 gratia,
1325 381 1506 456 negligentem
1529 385 1609 457 igno·

79 466 195 526 elicitas?
206 465 252 523 Nil
264 463 365 538 quippe
379 475 427 521 aut
441 463 518 520 deest
529 463 586 535 jam
601 478 710 535 semper
723 464 764 521 ri·
816 462 903 520 rautia
922 476 976 519 non
990 471 1113 520 excuset.
1130 464 1231 522 verum
1245 466 1297 524 boc
1310 483 1397 541 genus
1415 470 1523 529 videndi
1534 489 1611 530 com-

79 572 105 624 s,
120 563 166 612 aut
180 564 305 626 superest
317 568 426 624 semper
446 551 608 609 volentibus.
816 565 908 607 mune.
922 550 954 606 ln
966 560 1092 623 promptu
1107 551 1179 608 enim
1194 562 1245 620 εει,
1257 554 1337 625 juxta
1348 557 1523 630 Apostolum,
1536 566 1611 620 omni

79 640 158 702 t'tatis
179 642 250 701 visio
272 656 327 698 non
342 650 384 698 est
405 640 469 700 vitae
488 640 639 711 praesentis,
663 639 714 696 sed
736 638 763 695 in
816 637 903 694 utenti
916 637 1188 706 ratione,inuisibilia
1202 642 1261 708 Dei,
1276 659 1326 713 per
1339 660 1440 717 eaquae
1454 645 1610 722 factasunt,

79 730 123 790 nie
138 740 303 797 reservatur,
318 729 363 784 his
377 729 506 785 duntaxat
519 729 565 802 qui
586 728 677 786 dicere
699 744 764 799 pos·
817 725 950 782 intellecta
963 726 1121 798 conspicere
1137 731 1214 786 Rom.
1230 745 1250 799 ι,
1270 732 1326 804 so),

79 817 762 893 emusquincumcppcrcerit‚simtteseiemmas,
853 814 880 868 t.
900 812 978 870 Alius
992 815 1087 886 procul
1106 815 1188 872 dubio
1210 816 1258 874 ille
1271 819 1379 887 modus,
1395 838 1451 893 quo
1476 827 1612 897 quondm

79 909 212 969 ldebt'm
227 925 293 966 eam
313 907 400 964 sicuti
414 908 456 964 est
470 906 497 978 (l
513 906 594 965 loon.
613 921 656 974 ιιι,
673 908 711 976 2).
734 908 767 962 st
820 902 941 958 Patribus
963 902 1057 959 crebra
1079 902 1125 958 ilia
1152 913 1233 978 atque
1254 909 1396 967 ambitiosa
1418 911 1517 971 divinae
1540 932 1613 987 μη.

79 997 169 1056 uidem
188 1005 300 1070 apparet
317 996 415 1070 quibus
432 994 508 1066 vult,
524 995 573 1052 sed
596 995 676 1053 siemi
699 994 765 1065 vult,
821 992 916 1048 sentite
931 990 1098 1050 familiaritas
1115 994 1259 1065 dignanter
1273 997 1376 1054 indulta
1389 1008 1441 1069 εει,
1456 1018 1613 1075 quanquam

79 1087 122 1144 :nti
135 1096 186 1144 est.
203 1087 263 1142 Non
277 1085 396 1156 sapiens,
415 1099 470 1140 non
484 1094 605 1156 sauctus,
625 1100 681 1141 non
699 1099 766 1156 pro·
819 1096 871 1137 nec
883 1081 950 1152 ipsis
963 1081 1043 1138 sicuti
1065 1092 1117 1154 est,
1137 1085 1185 1139 sed
1207 1085 1398 1158 sicutdignats
1420 1097 1470 1147 est.
1490 1092 1548 1148 Nec
1561 1110 1615 1151 uno

79 1175 158 1232 ldere
180 1174 266 1240 illum,
287 1174 366 1230 sicuti
381 1183 431 1239 est,
447 1181 548 1247 potest,
568 1182 615 1228 aut
634 1172 720 1243 potuit
739 1173 767 1229 in
821 1170 947 1226 omnibus
964 1172 1059 1240 modo,
1081 1171 1140 1237 ted.
1164 1183 1191 1229 υἱ
1214 1175 1251 1229 til
1277 1176 1433 1249 emersus,
1452 1182 1616 1254 multifarie

79 1262 149 1322 tboe
163 1263 270 1320 mortali
284 1263 380 1335 (ttb);
397 1262 497 1335 poterit
510 1271 602 1319 eutem
617 1264 644 1318 in
659 1264 769 1319 immor-
820 1260 974 1334 mettisque
993 1260 1083 1317 modis
1106 1262 1198 1333 (liebr.
1215 1278 1234 1329 ι,
1253 1263 1296 1334 ι);
1321 1280 1382 1321 cum
1405 1268 1463 1338 ipse
1483 1269 1511 1324 in
1533 1288 1563 1327 εε
1582 1275 1617 1329 sit

79 1352 205 1426 idignus
223 1353 375 1410 habebitur.
392 1352 484 1426 ltaque
498 1351 603 1410 videtur
615 1357 643 1408 et
656 1352 710 1420 hic,
721 1354 768 1409 sed
822 1365 903 1415 unus,
917 1347 1023 1406 dicente
1037 1349 1097 1422 ipso
1120 1353 1154 1405 ad
1169 1351 1264 1420 lsrael,
1288 1354 1425 1412 Dominus
1442 1360 1517 1415 iteca
1537 1365 1615 1428 ιεεε,

79 1441 163 1499 idetur
176 1441 240 1514 ipsi,
255 1449 282 1498 et
296 1456 353 1499 non
368 1440 449 1498 sicuti
463 1448 513 1497 εει.
529 1441 600 1496 Nam
613 1456 704 1513 neque
717 1442 769 1498 boc
822 1438 895 1495 Deae
915 1455 991 1497 ortos
1008 1442 1050 1496 est
1069 1441 1161 1510 (best.
1177 1455 1214 1507 vt,
1232 1443 1271 1512 t).
1285 1442 1320 1498 lit
1340 1443 1399 1500 hec
1413 1445 1617 1517 demonstratio,

79 1546 247 1605 remsgnum
262 1531 468 1604 (solemloquor
481 1530 572 1602 istum,
584 1546 666 1603 quem
680 1532 769 1603 quoti·
823 1543 877 1583 non
892 1526 1003 1599 quidem
1020 1528 1188 1600 communis3
1214 1531 1261 1585 sed
1284 1538 1369 1587 umen
1386 1532 1453 1590 ioris
1476 1536 1546 1593 lacta
1566 1548 1618 1606 eat,

79 1619 132 1693 ies)
155 1620 247 1678 vidisti
272 1627 364 1678 tamen
387 1620 530 1693 aliquando
553 1619 633 1676 aienti
650 1629 701 1688 εει,
722 1621 770 1676 sed
824 1613 950 1670 nimirum
970 1615 1089 1671 exhibita
1109 1632 1158 1687 per
1184 1616 1320 1691 imagines
1338 1620 1507 1680 extrinsecus
1534 1639 1620 1696 appa·

100 1709 170 1767 siem
190 1709 333 1781 illuminat,
358 1710 435 1766 verbi
460 1723 541 1766 εεεεε
563 1723 664 1776 nomm,
687 1723 769 1764 mon·
786 1694 809 1772 Β
824 1713 924 1772 ιεειεε,
939 1718 988 1760 eeu
1002 1718 1083 1761 voces
1095 1717 1232 1762 sonantes.
1249 1707 1303 1763 Sed
1316 1716 1357 1763 εει
1370 1709 1461 1766 divina
1475 1711 1618 1786 inspectio,

79 1796 192 1855 tristem.
212 1795 292 1866 Quod
306 1811 358 1853 nec
370 1797 460 1867 ipsum
474 1795 583 1869 quidem
596 1795 768 1868 aliquetenus
825 1807 858 1848 eo
872 1790 1041 1848 differentior
1052 1793 1087 1848 ab
1100 1793 1144 1850 his
1158 1808 1213 1865 quo
1222 1793 1346 1863 interior,
1358 1811 1421 1853 cnm
1435 1800 1622 1874 perseipsum

79 1886 116 1952 ‚si
131 1901 184 1942 non
199 1886 290 1960 aliqua
304 1901 335 1942 ex
351 1893 429 1958 parte
443 1884 531 1957 ipsum
545 1886 635 1942 lumen
648 1884 772 1958 corporis
825 1879 953 1953 dignator
963 1879 1081 1938 invisere
1095 1881 1169 1938 Deus
1188 1883 1305 1938 animam
1325 1899 1490 1956 querentem
1504 1905 1547 1954 se,
1562 1907 1623 1963 quse

79 1975 145 2032 >sui
159 1974 283 2048 ingenite
296 1974 440 2032 serenitate
459 1982 484 2031 ει
498 1973 699 2047 perspicuitate,
714 1988 770 2032 cau-
826 1977 914 2026 tamen
928 1971 963 2026 sd
975 1969 1153 2043 quaerendum
1165 1978 1223 2028 toto
1237 1987 1268 2028 sc
1280 1972 1418 2030 desiderio
1431 1984 1458 2032 ει
1472 1992 1563 2034 amore
1575 1982 1624 2034 de-

79 2064 146 2121 mini
159 2063 247 2120 simile
258 2074 339 2121 esset.
354 2066 415 2120 Non
429 2061 544 2136 deniqne
558 2063 674 2120 alterum
687 2080 774 2120 mem·
825 2058 908 2119 vovit.
924 2056 959 2114 Et
976 2060 1028 2116 hoo
1040 2059 1147 2131 siguum
1162 2059 1315 2116 istiusmodi
1327 2061 1460 2119 adventus
1473 2066 1544 2135 eius,
1556 2066 1626 2123 sient

79 2153 188 2228 orporis
203 2169 287 2226 capax
301 2162 342 2211 cst
357 2151 475 2220 luminis,
496 2153 531 2209 ob
550 2153 661 2210 multam
679 2153 772 2225 utique
825 2149 860 2204 ab
875 2165 908 2205 eo
921 2146 969 2220 qni
982 2156 1111 2220 expertus
1124 2157 1165 2204 εει
1179 2150 1325 2208 edocemur
1341 2154 1437 2225 :lqcis
1451 2160 1518 2213 octe
1532 2157 1626 2229 ipsunt

79 2240 235 2299 titudinem.
251 2241 304 2299 Sed
319 2257 369 2299 nee
383 2242 442 2313 ipse
458 2242 563 2309 ocutus,
573 2257 636 2299 cnm
650 2243 773 2298 turbatus
824 2235 975 2312 praecedet,
986 2243 1015 2296 ct
1023 2238 1220 2309 inflammabit
1230 2242 1262 2296 in
1276 2243 1405 2298 circuitu
1420 2244 1550 2304 inimicos
1565 2247 1627 2319 ejus

91 2329 186 2387 lumini
214 2330 413 2404 propinquabit,
437 2330 564 2387 nimirum
588 2331 624 2386 ob
647 2329 772 2386 amissam
826 2327 914 2399 (Psoi.
934 2341 1006 2392 novt,
1032 2325 1069 2398 3).
1086 2325 1200 2397 Oportet
1215 2344 1332 2405 namque
1346 2339 1376 2385 ut
1395 2333 1481 2387 saneti
1499 2329 1628 2390 desiderii

79 2419 192 2476 udinem.
209 2419 262 2492 Qui
282 2435 349 2495 argo
364 2420 496 2486 turbatus,
518 2417 674 2476 nuliatenus
695 2434 772 2476 sere-
827 2416 908 2472 ardor
922 2414 1069 2488 preveniat
1089 2414 1186 2473 taciem
1201 2417 1311 2486 eiusad
1326 2431 1433 2476 omnem
1448 2422 1578 2491 animam,
1593 2423 1629 2479 sd

79 2506 143 2564 siem
159 2507 233 2564 videt
253 2517 364 2579 propter
377 2505 643 2578 dissimilitudinem
661 2523 775 2564 serenus
828 2517 910 2575 quam
924 2510 967 2560 est
984 2504 1044 2574 ipsa
1067 2511 1207 2572 venturus,
1231 2506 1277 2579 qui
1295 2522 1402 2565 omnem
1416 2524 1559 2568 consumat
1581 2529 1630 2568 m·

80 2595 233 2653 enusridet
258 2605 367 2667 propter
381 2596 539 2653 nonnullam
562 2595 774 2652 similitudinem.
829 2590 947 2666 bigincm
968 2591 1107 2662 vitiorum,
1132 2600 1159 2648 et
1181 2593 1220 2650 sic
1239 2605 1375 2666 preparat
1394 2596 1485 2654 iocum
1500 2599 1629 2658 Domino.

79 2691 102 2742 to
125 2685 148 2740 si
170 2684 230 2756 pari
258 2699 369 2755 prorsus
392 2685 512 2759 puritate
538 2684 649 2759 rigeret,
675 2686 778 2743 rideret
828 2680 862 2736 Et
877 2688 940 2736 tunc
954 2679 1006 2736 seit
1018 2680 1109 2736 anima
1123 2681 1253 2753 quoniam
1264 2683 1340 2753 juxta
1355 2693 1397 2741 est
1410 2686 1554 2759 Dominus,
1569 2705 1630 2746 cum

79 2788 90 2830 t
108 2773 241 2830 inoffensa
261 2773 318 2829 acis
336 2789 398 2830 eum
413 2775 491 2831 sicuti
515 2783 565 2844 est,
586 2785 698 2846 propter
716 2789 776 2830 om·
831 2784 860 2823 se
874 2768 991 2825 senserit
1010 2768 1057 2824 illo
1071 2772 1134 2843 igne
1148 2787 1318 2844 succensam,
1335 2781 1363 2829 et
1377 2773 1475 2832 dixerit
1488 2793 1549 2833 cum
1564 2794 1632 2850 pro-

79 2878 117 2919 sm
137 2863 354 2919 similitudinem.
371 2863 409 2919 lta
423 2871 451 2920 et
464 2862 552 2920 solem
563 2862 676 2934 iustitiae
689 2862 775 2931 illum,
831 2859 923 2929 pheta,
938 2859 978 2915 De
997 2859 1107 2916 cecelso
1130 2862 1212 2917 mmit
1227 2862 1320 2933 ignem
1334 2866 1367 2919 in
1385 2865 1493 2923 cambus
1507 2868 1587 2932 mets,
1603 2872 1633 2923 et

79 2951 177 3009 nminat
200 2966 309 3008 omnem
324 2952 461 3009 bominem
485 2952 636 3009 seuientem
657 2953 688 3007 in
706 2953 778 3008 laune
833 2947 956 3005 erudivit
971 2964 1016 3004 me
1030 2948 1144 3020 (Taren.
1161 2965 1181 3015 1,
1199 2953 1263 3021 idi:
1280 2958 1306 3005 et
1320 2950 1398 3023 iilud,
1421 2953 1570 3011 concaluit
1583 2969 1633 3012 cor

79 3056 119 3111 ιε,
143 3041 235 3098 sidere
258 3041 286 3097 in
316 3043 368 3098 hoc
399 3040 510 3108 mundo,
536 3042 605 3098 sicut
633 3041 775 3108 iliensium,
795 2998 931 3094 cineum
944 3039 1126 3109 introissent
1140 3039 1172 3094 in
1189 3039 1377 3097 meditatione
1391 3056 1454 3099 meo
1467 3043 1634 3102 exardescet

79 3139 146 3187 tetus
170 3137 270 3203 potest,
294 3136 420 3204 tanquam
436 3131 492 3202 jam
513 3129 541 3184 in
557 3130 648 3204 aliquo
662 3129 775 3200 simitis3
835 3127 1007 3199 ignislPtoi.
1022 3140 1135 3196 uruit,
1152 3125 1191 3200 i).

88 3228 140 3286 est,
164 3218 276 3278 omnino
298 3235 355 3275 non
379 3227 478 3290 potest,
503 3224 634 3291 tanquam
658 3218 779 3273 nondum
870 3218 897 3286 ὅ.
927 3215 985 3271 Tali
1003 3215 1100 3271 animae
1127 3216 1272 3288 suspiranti
1298 3217 1464 3291 frequenter,
1492 3219 1548 3278 imo
1575 3219 1633 3279 sine

79 3315 100 3364 te
115 3308 373 3383 similisProptereo
386 3307 451 3365 dicit
463 3324 470 3366 ε
482 3308 611 3367 decedito
625 3307 661 3364 od
676 3322 741 3366 eum
750 3310 779 3363 et
833 3301 1032 3362 intermissione
1047 3303 1144 3374 oranti,
1164 3312 1192 3361 et
1214 3304 1352 3362 sillictanti
1365 3323 1396 3364 se
1416 3323 1471 3379 pras
1485 3308 1631 3377 desiderio,

79 3396 203 3468 leontini,
224 3402 253 3454 ct
267 3400 357 3469 socies
372 3402 471 3454 vestre
485 3413 543 3455 con
560 3396 777 3470 confundentur
834 3408 896 3450 eum
910 3391 1046 3452 interdum
1060 3392 1226 3451 desideratus
1239 3393 1295 3462 ille,
1308 3395 1356 3471 qui
1373 3396 1411 3453 its
1425 3398 1568 3472 quaeritur,
1581 3399 1634 3455 mi·

91 3489 250 3558 ursino).
271 3487 310 3542 lta
324 3502 401 3553 sanc,
416 3487 464 3544 sed
478 3486 501 3542 si
514 3499 647 3560 quantum
660 3487 728 3544 satis
738 3493 780 3544 est
834 3493 939 3538 seratas
965 3483 1096 3555 ooeurrit;
1126 3490 1191 3555 puto
1211 3483 1251 3540 illi
1278 3484 1313 3543 de
1331 3487 1443 3559 propris
1465 3489 1633 3559 experientia

79 3590 177 3644 tamur,
199 3583 228 3631 ει
242 3576 361 3632 ιειειειε
384 3574 452 3632 iacie
471 3575 642 3646 speculantes
665 3575 779 3649 gloriam
834 3571 979 3630 convenire
994 3584 1023 3630 ει
1037 3574 1111 3631 dicat
1130 3590 1192 3630 cum
1211 3581 1305 3630 sancto
1322 3576 1463 3633 Jeremis:
1484 3579 1578 3634 Bonos
1591 3593 1631 3644 es,

79 3665 229 3722 toamdcm
244 3663 391 3735 imaginem
415 3666 639 3722 transtornaemur
653 3662 687 3720 de
701 3664 779 3721 elari-
833 3663 1632 3737 nomiaespercsttoustctepntmoeqaoerectttetracos.

90 3750 250 3820 claritatem,
262 3759 389 3824 tanquam
403 3750 538 3809 aDum'tni
553 3751 656 3826 Spiritu
667 3753 706 3824 (ii
715 3753 778 3811 Cor.
832 3764 875 3817 tn,
891 3750 948 3824 25).
964 3750 1018 3807 Sed
1032 3759 1059 3808 et
1071 3753 1185 3824 angelus
1194 3751 1265 3821 eius,
1281 3751 1328 3821 qui
1342 3767 1413 3808 uuus
1427 3760 1471 3809 est
1483 3752 1518 3810 de
1532 3753 1633 3811 sodali·

79 3855 95 3909 p.
832 3839 884 3896 bus
902 3841 1007 3913 sponsi,
1024 3839 1053 3894 iu
1075 3840 1128 3897 hoc
1141 3841 1231 3912 ipsum
1248 3840 1403 3912 deputatus,
1422 3842 1548 3900 minister
1564 3859 1632 3915 pro·

81 3948 131 4009 rgo
154 3932 340 3990 accedendum
353 3930 387 3987 ad
401 3946 473 4004 eum,
488 3945 543 3990 non
556 3930 726 4000 uniendum,
743 3946 778 3990 ne
832 3929 903 3986 fecto
916 3938 945 3987 et
963 3928 1065 3986 arbiter
1086 3937 1199 3986 secretae
1216 3937 1373 4002 mutuaeque
1391 3932 1579 4003 salutationis3
1595 3933 1629 4002 is,

79 4037 130 4080 ens
148 4028 284 4079 scrutator
307 4019 456 4090 majestatis
478 4018 648 4094 opprimatur
661 4034 678 4076 a
690 4019 777 4094 glorie
830 4018 952 4090 inquam,
974 4018 1089 4092 angelus
1110 4019 1248 4090 quomodo
1266 4018 1405 4092 tripudiat,
1421 4021 1558 4094 quomodo
1571 4024 1630 4080 col·

95 4124 168 4183 xxv,
190 4111 247 4183 et).
270 4112 327 4167 Nec
348 4109 415 4167 locis
430 4124 495 4165 sane
519 4108 712 4177 accedendum,
728 4110 776 4167 sed
831 4110 936 4165 laetatur
948 4115 977 4164 et
989 4107 1203 4176 condelectatur,
1218 4116 1247 4164 ει
1264 4123 1412 4165 εεεεειεεε
1432 4112 1466 4164 sd
1481 4109 1628 4166 Dominum

79 4197 164 4268 tibus3
180 4199 300 4273 ipsisque
321 4214 375 4256 non
396 4199 543 4271 corporcis,
559 4198 607 4256 sed
623 4198 774 4271 spirituali·
830 4196 895 4254 dicit
918 4212 925 4252 :
950 4195 1058 4254 Gratias
1080 4212 1133 4272 ego
1157 4197 1216 4266 tibi,
1245 4197 1360 4254 Domim
1385 4198 1542 4269 majestatis,
1564 4199 1628 4271 quia

79 4302 182 4361 mquam
198 4303 213 4343 a
227 4287 335 4344 Domini
349 4278 464 4361 Spiritu.
482 4287 630 4345 Abomini
643 4289 732 4360 plane,
746 4300 775 4347 et
790 4307 814 4387 n
829 4285 994 4343 desiderium
1008 4287 1098 4344 cordis
1111 4288 1182 4358 ,ejus
1197 4286 1313 4343 tribuisti
1329 4287 1365 4353 ei,
1388 4298 1417 4344 at
1438 4288 1576 4344 voluntate
1590 4292 1627 4345 la-

79 4386 176 4443 nostro‚
193 4377 316 4448 quamvis
330 4377 359 4432 in
372 4384 477 4434 nostro.
493 4375 544 4446 Qui
558 4377 651 4451 itaquo
663 4377 770 4446 clarior,
828 4378 937 4434 bionum
951 4377 1010 4447 ejus
1024 4391 1078 4432 non
1094 4376 1222 4432 iraudasti
1237 4376 1312 4433 euml
1324 4378 1386 4449 lpse
1399 4387 1441 4434 est
1453 4377 1498 4448 qui
1510 4379 1538 4433 in
1552 4380 1627 4434 omni

79 4465 219 4538 opinquior
230 4481 306 4535 3csse
316 4473 405 4521 antam
420 4464 609 4538 clarissimum,
618 4470 773 4536 pervenisse
807 4514 810 4520 .
827 4468 888 4524 loco
903 4466 1014 4525 sedulus
1027 4465 1136 4539 quidam
1160 4465 1324 4538 pedisequus
1346 4464 1444 4521 animm
1463 4482 1516 4524 non
1539 4478 1627 4525 cessat

79 4570 143 4613 orro
164 4555 220 4622 jam
241 4554 422 4627 presentibus
446 4569 500 4610 uon
523 4553 594 4609 eliud
616 4562 657 4610 est
682 4557 773 4613 vidore
829 4556 974 4614 sollicitere
998 4572 1068 4624 eam,
1088 4565 1114 4610 et
1133 4554 1247 4610 assiduis
1266 4556 1486 4628 suggestionibus
1504 4574 1624 4627 monere,

79 4656 126 4717 est,
141 4659 224 4718 quam
243 4659 304 4701 asse
318 4642 397 4700 sicuti
412 4650 465 4712 est,
481 4652 511 4697 et
522 4642 612 4715 aliqua
633 4642 774 4700 dissimili·
827 4647 931 4702 dicens.
945 4644 1272 4713 Delectmeinilomino,
1282 4647 1310 4700 ct
1323 4644 1461 4704 dobittilti
1471 4651 1626 4721 petitiones

87 4749 142 4793 non
165 4733 304 4791 confundi.
319 4732 372 4789 Sed
398 4729 505 4789 188!
527 4731 556 4787 id
579 4742 652 4806 tunc,
666 4741 694 4788 ut
707 4733 772 4793 diri.
828 4734 919 4790 cordis
930 4735 1157 4801 tcisetrursum,
1168 4733 1307 4804 exspecta
1316 4735 1626 4803 neminemneminer·

79 4840 173 4883 atero
200 4830 272 4880 tanta
295 4823 354 4880 baec
376 4821 525 4880 formarum
545 4822 668 4895 varietas,
692 4831 774 4896 atqne
828 4826 902 4881 viam
923 4824 984 4896 ejas
1008 4821 1094 4895 (Psoi.
1114 4838 1207 4893 xxsvr,
1231 4824 1258 4891 t,
1282 4823 1342 4894 dd),
1367 4823 1444 4895 item,
1466 4827 1498 4884 Si
1515 4842 1626 4886 morem

79 4913 160 4971 ositas
175 4913 325 4985 specierum
348 4911 377 4967 in
400 4913 482 4968 rebus
495 4910 622 4981 conditis,
637 4910 702 4985 qnid
721 4912 773 4969 nisi
827 4913 1626 4986 (coetiteespectoeem,qcicvcniectoeniet,etnontots

79 5013 166 5061 tsunt
179 5002 247 5060 radii
261 5001 384 5069 Deitatis,
399 5011 577 5058 monstrantes
587 5002 697 5073 quidem
711 5005 774 5074 quia
828 5002 907 5059 dubit
921 5001 1033 5074 (liobae.
1055 5016 1085 5070 n,
1110 5003 1148 5071 3).
1172 5000 1215 5058 nd
1237 5000 1382 5057 Dumium
1406 5013 1496 5058 autem
1518 5005 1626 5063 :Sicut

80 5095 101 5149 it
113 5109 129 5150 a
142 5110 196 5168 quo
211 5102 283 5165 sunt,
299 5109 354 5150 non
369 5102 457 5149 umen
472 5091 535 5164 quid
551 5090 586 5147 sit
599 5107 710 5164 prorsus
725 5094 773 5150 de·
828 5108 938 5160 ceruus,
952 5089 1048 5161 inquit,
1060 5089 1204 5172 desiderat¹
1213 5090 1249 5146 od
1262 5092 1355 5160 sonus
1364 5096 1568 5163 squammae
1581 5095 1625 5154 de·

79 5183 126 5240 ssi
141 5184 277 5255 ltaquede
291 5183 351 5256 ipso
362 5182 448 5249 sides,
460 5182 510 5238 sed
525 5197 580 5238 non
595 5182 695 5252 ipsum.
706 5182 774 5239 Cum
828 5181 936 5240 rideret
947 5180 1047 5236 enimc
1062 5180 1112 5234 ista
1126 5179 1162 5234 cd
1176 5183 1212 5251 ie,
1227 5183 1302 5236 Deos
1312 5181 1399 5251 (Psoi.
1415 5196 1470 5252 ιιι,
1485 5187 1525 5256 2).
1541 5186 1624 5243 Desi-

85 5274 120 5331 de
135 5287 179 5343 eo,
205 5290 287 5346 quem
311 5289 367 5330 non
386 5272 475 5339 rides,
499 5279 598 5329 cetera
611 5270 698 5340 rides,
722 5272 775 5329 scis
828 5272 931 5332 deravit
945 5278 971 5327 te
985 5272 1012 5325 in
1026 5275 1116 5334 nocte,
1127 5268 1176 5323 sed
1191 5281 1218 5325 ει
1232 5269 1341 5339 spiritus
1351 5277 1412 5327 tuus
1425 5271 1453 5328 in
1467 5277 1625 5346 precordiis

79 5375 162 5427 anter
192 5366 307 5424 asistere
325 5381 408 5440 quem
435 5358 543 5439 oportet
574 5363 721 5438 inquirere,
745 5369 776 5418 ει
829 5363 934 5435 ejusde
949 5373 1028 5416 mane
1042 5355 1166 5430 vigilavit
1181 5358 1214 5414 ad
1237 5368 1262 5416 tc
1276 5359 1355 5433 (laci.
1375 5377 1447 5433 xxm,
1469 5368 1508 5431 9).
1528 5367 1627 5427 ttrite·

79 5476 93 5551 t)
116 5475 287 5548 Gonierquaa
307 5472 459 5531 Bernardus
474 5473 507 5529 de
521 5471 550 5528 S.
566 5469 710 5529 Benedicta
724 5471 775 5526 ba·
830 5484 956 5527 sermone
973 5470 1007 5525 ³3
1027 5466 1056 5523 in
1080 5464 1200 5537 Cantica,
1217 5483 1292 5526 num.
1309 5471 1336 5539 6,
1360 5477 1388 5528 et
1406 5487 1560 5535 sermonem
1580 5479 1625 5550 dl,

98 5551 255 5607 sermonett
276 5547 310 5603 de
333 5544 453 5602 Diversis
475 5554 503 5601 et
525 5543 595 5601 inira
614 5542 648 5601 de
671 5542 774 5617 Moyse,
829 5557 906 5600 num.
927 5547 954 5600 t.
