<?xml version="1.0" encoding="UTF-8"?>
<!DOCTYPE html PUBLIC "-//W3C//DTD XHTML 1.0 Transitional//EN"
    "http://www.w3.org/TR/xhtml1/DTD/xhtml1-transitional.dtd">
<html xmlns="http://www.w3.org/1999/xhtml" xml:lang="en" lang="en">
 <head>
  <title>
</title>
<meta http-equiv="Content-Type" content="text/html;charset=utf-8" />
  <meta name='ocr-system' content='tesseract 3.04.00' />
  <meta name='ocr-capabilities' content='ocr_page ocr_carea ocr_par ocr_line ocrx_word'/>
</head>
<body>
  <div class='ocr_page' id='page_1' title='image "./patrologiaecurs56unkngoog/patrologiaecurs56unkngoog_0137.png"; bbox 0 0 3734 5948; ppageno 0'>
   <div class='ocr_carea' id='block_1_1' title="bbox 567 184 1304 252">
    <p class='ocr_par' dir='ltr' id='par_1_1' title="bbox 567 184 1304 252">
     <span class='ocr_line' id='line_1_1' title="bbox 567 184 1304 252; baseline -0.015 1"><span class='ocrx_word' id='word_1_1' title='bbox 567 197 594 252; x_wconf 89' lang='lat' dir='ltr'><strong>S.</strong></span> <span class='ocrx_word' id='word_1_2' title='bbox 618 191 793 252; x_wconf 72' lang='lat' dir='ltr'><strong>aunuatim</strong></span> <span class='ocrx_word' id='word_1_3' title='bbox 809 187 953 246; x_wconf 72' lang='lat' dir='ltr'><strong>mantus</strong></span> <span class='ocrx_word' id='word_1_4' title='bbox 966 184 1304 242; x_wconf 72' lang='lat' dir='ltr'><strong>cusum-vlumusts</strong></span> 
     </span>
    </p>
   </div>
   <div class='ocr_carea' id='block_1_2' title="bbox 108 278 1754 780">
    <p class='ocr_par' dir='ltr' id='par_1_2' title="bbox 108 278 1754 780">
     <span class='ocr_line' id='line_1_2' title="bbox 546 278 1282 379; baseline -0.015 -4"><span class='ocrx_word' id='word_1_5' title='bbox 546 323 549 329; x_wconf 76' lang='grc'><strong><em>’</em></strong></span> <span class='ocrx_word' id='word_1_6' title='bbox 624 321 657 374; x_wconf 87' lang='grc' dir='ltr'><strong>ιι</strong></span> <span class='ocrx_word' id='word_1_7' title='bbox 672 317 777 373; x_wconf 79' lang='lat' dir='ltr'><strong>saara</strong></span> <span class='ocrx_word' id='word_1_8' title='bbox 792 315 826 370; x_wconf 91' lang='grc' dir='ltr'><strong>ιι</strong></span> <span class='ocrx_word' id='word_1_9' title='bbox 839 310 1066 368; x_wconf 74' lang='grc' dir='ltr'>ιιιιιιοιιιιιιι</span> <span class='ocrx_word' id='word_1_10' title='bbox 1081 278 1282 379; x_wconf 71' lang='lat' dir='ltr'><strong>sancum‘</strong></span> 
     </span>
     <span class='ocr_line' id='line_1_3' title="bbox 876 407 992 466; baseline -0.034 0"><span class='ocrx_word' id='word_1_11' title='bbox 876 407 992 466; x_wconf 83' lang='lat' dir='ltr'><strong>SERNO</strong></span> 
     </span>
     <span class='ocr_line' id='line_1_4' title="bbox 772 505 1083 581; baseline -0.013 -16"><span class='ocrx_word' id='word_1_12' title='bbox 772 512 810 565; x_wconf 85' lang='lat' dir='ltr'><strong>De</strong></span> <span class='ocrx_word' id='word_1_13' title='bbox 823 508 951 581; x_wconf 81' lang='lat' dir='ltr'><strong>passione</strong></span> <span class='ocrx_word' id='word_1_14' title='bbox 965 505 1083 561; x_wconf 75' lang='lat' dir='ltr'><strong>danaim.</strong></span> 
     </span>
     <span class='ocr_line' id='line_1_5' title="bbox 146 603 1754 697; baseline -0.009 -22"><span class='ocrx_word' id='word_1_15' title='bbox 146 626 172 678; x_wconf 88' lang='lat' dir='ltr'><strong>t.</strong></span> <span class='ocrx_word' id='word_1_16' title='bbox 200 617 314 690; x_wconf 86' lang='lat' dir='ltr'><strong>Vigilate</strong></span> <span class='ocrx_word' id='word_1_17' title='bbox 341 617 443 687; x_wconf 90' lang='lat' dir='ltr'><strong>animo,</strong></span> <span class='ocrx_word' id='word_1_18' title='bbox 473 614 581 681; x_wconf 87' lang='lat' dir='ltr'><strong>fratres,</strong></span> <span class='ocrx_word' id='word_1_19' title='bbox 616 629 651 666; x_wconf 88' lang='lat' dir='ltr'><strong>ue</strong></span> <span class='ocrx_word' id='word_1_20' title='bbox 674 608 840 664; x_wconf 73' lang='lat' dir='ltr'><strong>infructuose</strong></span> <span class='ocrx_word' id='word_1_21' title='bbox 854 619 902 661; x_wconf 85' lang='lat' dir='ltr'><strong>vos</strong></span> <span class='ocrx_word' id='word_1_22' title='bbox 919 619 943 697; x_wconf 59' lang='grc' dir='ltr'><strong>Α</strong></span> <span class='ocrx_word' id='word_1_23' title='bbox 960 611 988 656; x_wconf 83' lang='grc' dir='ltr'><strong>ιι</strong></span> <span class='ocrx_word' id='word_1_24' title='bbox 1001 605 1088 673; x_wconf 87' lang='lat' dir='ltr'><strong>major</strong></span> <span class='ocrx_word' id='word_1_25' title='bbox 1103 604 1129 658; x_wconf 90' lang='lat' dir='ltr'><strong>in</strong></span> <span class='ocrx_word' id='word_1_26' title='bbox 1145 604 1185 660; x_wconf 89' lang='lat' dir='ltr'><strong>eis</strong></span> <span class='ocrx_word' id='word_1_27' title='bbox 1199 603 1328 674; x_wconf 89' lang='lat' dir='ltr'><strong>patientia</strong></span> <span class='ocrx_word' id='word_1_28' title='bbox 1343 603 1543 674; x_wconf 88' lang='lat' dir='ltr'><strong>comprobatur,</strong></span> <span class='ocrx_word' id='word_1_29' title='bbox 1565 613 1592 659; x_wconf 88' lang='lat' dir='ltr'><strong>et</strong></span> <span class='ocrx_word' id='word_1_30' title='bbox 1616 620 1754 662; x_wconf 87' lang='lat' dir='ltr'><strong>commen·</strong></span> 
     </span>
     <span class='ocr_line' id='line_1_6' title="bbox 108 691 1754 780; baseline -0.009 -16"><span class='ocrx_word' id='word_1_31' title='bbox 108 710 189 780; x_wconf 78' lang='lat' dir='ltr'><strong>lruJ&#39;us</strong></span> <span class='ocrx_word' id='word_1_32' title='bbox 208 706 337 777; x_wconf 87' lang='lat' dir='ltr'><strong>temporis</strong></span> <span class='ocrx_word' id='word_1_33' title='bbox 364 710 534 761; x_wconf 85' lang='lat' dir='ltr'><strong>sacramenta</strong></span> <span class='ocrx_word' id='word_1_34' title='bbox 562 706 760 772; x_wconf 77' lang='lat' dir='ltr'><strong>pertranseant.</strong></span> <span class='ocrx_word' id='word_1_35' title='bbox 789 694 903 766; x_wconf 88' lang='lat' dir='ltr'><strong>Copiosa</strong></span> <span class='ocrx_word' id='word_1_36' title='bbox 958 691 1046 750; x_wconf 90' lang='lat' dir='ltr'><strong>datur.</strong></span> <span class='ocrx_word' id='word_1_37' title='bbox 1063 691 1204 761; x_wconf 84' lang='lat' dir='ltr'><strong>Quomodo</strong></span> <span class='ocrx_word' id='word_1_38' title='bbox 1216 707 1271 748; x_wconf 90' lang='lat' dir='ltr'><strong>non</strong></span> <span class='ocrx_word' id='word_1_39' title='bbox 1285 696 1401 747; x_wconf 85' lang='lat' dir='ltr'><strong>maxima</strong></span> <span class='ocrx_word' id='word_1_40' title='bbox 1415 701 1559 748; x_wconf 89' lang='lat' dir='ltr'><strong>censeatur</strong></span> <span class='ocrx_word' id='word_1_41' title='bbox 1583 693 1611 748; x_wconf 89' lang='lat' dir='ltr'><strong>ia</strong></span> <span class='ocrx_word' id='word_1_42' title='bbox 1635 693 1754 762; x_wconf 90' lang='lat' dir='ltr'><strong>Christo,</strong></span> 
     </span>
    </p>
   </div>
   <div class='ocr_carea' id='block_1_3' title="bbox 105 784 905 1749">
    <p class='ocr_par' dir='ltr' id='par_1_3' title="bbox 105 784 905 1749">
     <span class='ocr_line' id='line_1_7' title="bbox 109 784 905 861; baseline -0.021 -7"><span class='ocrx_word' id='word_1_43' title='bbox 109 803 150 854; x_wconf 90' lang='lat' dir='ltr'><strong>est</strong></span> <span class='ocrx_word' id='word_1_44' title='bbox 177 795 351 852; x_wconf 89' lang='lat' dir='ltr'><strong>benedictio:</strong></span> <span class='ocrx_word' id='word_1_45' title='bbox 366 794 430 850; x_wconf 90' lang='lat' dir='ltr'><strong>date</strong></span> <span class='ocrx_word' id='word_1_46' title='bbox 455 788 623 861; x_wconf 86' lang='lat' dir='ltr'><strong>receptacula</strong></span> <span class='ocrx_word' id='word_1_47' title='bbox 638 788 754 852; x_wconf 90' lang='lat' dir='ltr'><strong>muuda;</strong></span> <span class='ocrx_word' id='word_1_48' title='bbox 792 784 905 840; x_wconf 88' lang='lat' dir='ltr'><strong>devotas</strong></span> 
     </span>
     <span class='ocr_line' id='line_1_8' title="bbox 107 877 903 953; baseline -0.018 -13"><span class='ocrx_word' id='word_1_49' title='bbox 107 885 223 952; x_wconf 87' lang='lat' dir='ltr'><strong>animas,</strong></span> <span class='ocrx_word' id='word_1_50' title='bbox 236 898 333 939; x_wconf 89' lang='lat' dir='ltr'><strong>sensus</strong></span> <span class='ocrx_word' id='word_1_51' title='bbox 346 881 450 953; x_wconf 83' lang='lat' dir='ltr'><strong>vigiles,</strong></span> <span class='ocrx_word' id='word_1_52' title='bbox 466 877 582 934; x_wconf 88' lang='lat' dir='ltr'><strong>affectus</strong></span> <span class='ocrx_word' id='word_1_53' title='bbox 594 877 708 943; x_wconf 92' lang='lat' dir='ltr'><strong>sobrios,</strong></span> <span class='ocrx_word' id='word_1_54' title='bbox 732 889 814 946; x_wconf 88' lang='lat' dir='ltr'><strong>puras</strong></span> <span class='ocrx_word' id='word_1_55' title='bbox 837 887 903 928; x_wconf 88' lang='lat' dir='ltr'><strong>con·</strong></span> 
     </span>
     <span class='ocr_line' id='line_1_9' title="bbox 107 961 904 1035; baseline -0.02 -5"><span class='ocrx_word' id='word_1_56' title='bbox 107 972 236 1030; x_wconf 90' lang='lat' dir='ltr'><strong>scientias</strong></span> <span class='ocrx_word' id='word_1_57' title='bbox 261 971 387 1027; x_wconf 87' lang='lat' dir='ltr'><strong>exhibete</strong></span> <span class='ocrx_word' id='word_1_58' title='bbox 412 967 492 1022; x_wconf 89' lang='lat' dir='ltr'><strong>tantis</strong></span> <span class='ocrx_word' id='word_1_59' title='bbox 515 966 719 1023; x_wconf 84' lang='lat' dir='ltr'><strong>charismatibus</strong></span> <span class='ocrx_word' id='word_1_60' title='bbox 746 961 904 1035; x_wconf 88' lang='lat' dir='ltr'><strong>gratiarum.</strong></span> 
     </span>
     <span class='ocr_line' id='line_1_10' title="bbox 106 1053 904 1122; baseline -0.02 -3"><span class='ocrx_word' id='word_1_61' title='bbox 106 1062 238 1119; x_wconf 79' lang='lat' dir='ltr'><strong>Nimirum</strong></span> <span class='ocrx_word' id='word_1_62' title='bbox 269 1058 398 1112; x_wconf 90' lang='lat' dir='ltr'><strong>admouet</strong></span> <span class='ocrx_word' id='word_1_63' title='bbox 425 1072 475 1114; x_wconf 88' lang='lat' dir='ltr'><strong>vos</strong></span> <span class='ocrx_word' id='word_1_64' title='bbox 501 1054 687 1112; x_wconf 84' lang='lat' dir='ltr'><strong>sollicitudinis</strong></span> <span class='ocrx_word' id='word_1_65' title='bbox 727 1053 818 1122; x_wconf 89' lang='lat' dir='ltr'><strong>hujus,</strong></span> <span class='ocrx_word' id='word_1_66' title='bbox 849 1064 904 1105; x_wconf 91' lang='lat' dir='ltr'><strong>non</strong></span> 
     </span>
     <span class='ocr_line' id='line_1_11' title="bbox 107 1138 904 1218; baseline -0.016 -14"><span class='ocrx_word' id='word_1_67' title='bbox 107 1149 187 1206; x_wconf 92' lang='lat' dir='ltr'><strong>modo</strong></span> <span class='ocrx_word' id='word_1_68' title='bbox 200 1145 325 1218; x_wconf 89' lang='lat' dir='ltr'><strong>specialis</strong></span> <span class='ocrx_word' id='word_1_69' title='bbox 338 1145 396 1218; x_wconf 86' lang='lat' dir='ltr'><strong>ipsa</strong></span> <span class='ocrx_word' id='word_1_70' title='bbox 410 1145 582 1202; x_wconf 85' lang='lat' dir='ltr'><strong>conversatio</strong></span> <span class='ocrx_word' id='word_1_71' title='bbox 597 1159 679 1216; x_wconf 86' lang='lat' dir='ltr'><strong>quam</strong></span> <span class='ocrx_word' id='word_1_72' title='bbox 694 1139 810 1213; x_wconf 83' lang='lat' dir='ltr'><strong>professi</strong></span> <span class='ocrx_word' id='word_1_73' title='bbox 826 1138 904 1204; x_wconf 90' lang='lat' dir='ltr'><strong>estis,</strong></span> 
     </span>
     <span class='ocr_line' id='line_1_12' title="bbox 105 1225 904 1308; baseline -0.018 -15"><span class='ocrx_word' id='word_1_74' title='bbox 105 1237 154 1293; x_wconf 84' lang='lat' dir='ltr'><strong>aad</strong></span> <span class='ocrx_word' id='word_1_75' title='bbox 181 1244 209 1292; x_wconf 90' lang='lat' dir='ltr'><strong>et</strong></span> <span class='ocrx_word' id='word_1_76' title='bbox 230 1234 367 1308; x_wconf 87' lang='lat' dir='ltr'><strong>generalis</strong></span> <span class='ocrx_word' id='word_1_77' title='bbox 402 1233 530 1290; x_wconf 81' lang='lat' dir='ltr'><strong>Ecclesiae</strong></span> <span class='ocrx_word' id='word_1_78' title='bbox 559 1231 723 1294; x_wconf 87' lang='lat' dir='ltr'><strong>observatio,</strong></span> <span class='ocrx_word' id='word_1_79' title='bbox 753 1230 830 1298; x_wconf 73' lang='lat' dir='ltr'><strong>qu&#39;us</strong></span> <span class='ocrx_word' id='word_1_80' title='bbox 858 1225 904 1280; x_wconf 90' lang='lat' dir='ltr'><strong>filii</strong></span> 
     </span>
     <span class='ocr_line' id='line_1_13' title="bbox 105 1313 904 1394; baseline -0.015 -14"><span class='ocrx_word' id='word_1_81' title='bbox 105 1324 180 1380; x_wconf 87' lang='lat' dir='ltr'><strong>estis.</strong></span> <span class='ocrx_word' id='word_1_82' title='bbox 197 1323 321 1380; x_wconf 88' lang='lat' dir='ltr'><strong>Universi</strong></span> <span class='ocrx_word' id='word_1_83' title='bbox 334 1322 468 1394; x_wconf 86' lang='lat' dir='ltr'><strong>siqnidem</strong></span> <span class='ocrx_word' id='word_1_84' title='bbox 490 1321 634 1378; x_wconf 85' lang='lat' dir='ltr'><strong>Christiani</strong></span> <span class='ocrx_word' id='word_1_85' title='bbox 647 1335 723 1375; x_wconf 87' lang='lat' dir='ltr'><strong>sacra</strong></span> <span class='ocrx_word' id='word_1_86' title='bbox 750 1319 802 1373; x_wconf 88' lang='lat' dir='ltr'><strong>hac</strong></span> <span class='ocrx_word' id='word_1_87' title='bbox 824 1313 904 1386; x_wconf 89' lang='lat' dir='ltr'><strong>septi-</strong></span> 
     </span>
     <span class='ocr_line' id='line_1_14' title="bbox 106 1407 903 1483; baseline -0.014 -15"><span class='ocrx_word' id='word_1_88' title='bbox 106 1428 197 1481; x_wconf 88' lang='lat' dir='ltr'><strong>mana,</strong></span> <span class='ocrx_word' id='word_1_89' title='bbox 220 1420 266 1467; x_wconf 91' lang='lat' dir='ltr'><strong>aut</strong></span> <span class='ocrx_word' id='word_1_90' title='bbox 281 1428 337 1483; x_wconf 83' lang='lat' dir='ltr'><strong>prae</strong></span> <span class='ocrx_word' id='word_1_91' title='bbox 352 1409 442 1477; x_wconf 90' lang='lat' dir='ltr'><strong>solito,</strong></span> <span class='ocrx_word' id='word_1_92' title='bbox 458 1419 503 1467; x_wconf 91' lang='lat' dir='ltr'><strong>aut</strong></span> <span class='ocrx_word' id='word_1_93' title='bbox 518 1417 619 1482; x_wconf 79' lang='lat' dir='ltr'><strong>praeter</strong></span> <span class='ocrx_word' id='word_1_94' title='bbox 631 1410 750 1478; x_wconf 91' lang='lat' dir='ltr'><strong>solitum,</strong></span> <span class='ocrx_word' id='word_1_95' title='bbox 775 1407 903 1478; x_wconf 90' lang='lat' dir='ltr'><strong>pietatem</strong></span> 
     </span>
     <span class='ocr_line' id='line_1_15' title="bbox 105 1497 902 1569; baseline -0.014 -12"><span class='ocrx_word' id='word_1_96' title='bbox 105 1501 207 1569; x_wconf 90' lang='lat' dir='ltr'><strong>colunt,</strong></span> <span class='ocrx_word' id='word_1_97' title='bbox 223 1500 385 1557; x_wconf 84' lang='lat' dir='ltr'><strong>modestiam</strong></span> <span class='ocrx_word' id='word_1_98' title='bbox 408 1499 546 1567; x_wconf 81' lang='lat' dir='ltr'><strong>exhibeat,</strong></span> <span class='ocrx_word' id='word_1_99' title='bbox 562 1497 740 1554; x_wconf 83' lang='lat' dir='ltr'><strong>humilitatem</strong></span> <span class='ocrx_word' id='word_1_100' title='bbox 754 1501 902 1560; x_wconf 88' lang='lat' dir='ltr'><strong>sectantur,</strong></span> 
     </span>
     <span class='ocr_line' id='line_1_16' title="bbox 105 1582 903 1661; baseline -0.01 -17"><span class='ocrx_word' id='word_1_101' title='bbox 105 1589 221 1646; x_wconf 89' lang='lat' dir='ltr'><strong>iuduunt</strong></span> <span class='ocrx_word' id='word_1_102' title='bbox 256 1588 426 1661; x_wconf 85' lang='lat' dir='ltr'><strong>gravitatem,</strong></span> <span class='ocrx_word' id='word_1_103' title='bbox 456 1594 486 1645; x_wconf 91' lang='lat' dir='ltr'><strong>ut</strong></span> <span class='ocrx_word' id='word_1_104' title='bbox 505 1586 612 1644; x_wconf 87' lang='lat' dir='ltr'><strong>Christo</strong></span> <span class='ocrx_word' id='word_1_105' title='bbox 652 1585 765 1657; x_wconf 89' lang='lat' dir='ltr'><strong>patienti</strong></span> <span class='ocrx_word' id='word_1_106' title='bbox 788 1582 903 1655; x_wconf 88' lang='lat' dir='ltr'><strong>quodam</strong></span> 
     </span>
     <span class='ocr_line' id='line_1_17' title="bbox 106 1671 902 1749; baseline -0.011 -16"><span class='ocrx_word' id='word_1_107' title='bbox 106 1678 187 1733; x_wconf 91' lang='lat' dir='ltr'><strong>modo</strong></span> <span class='ocrx_word' id='word_1_108' title='bbox 200 1676 317 1749; x_wconf 89' lang='lat' dir='ltr'><strong>compati</strong></span> <span class='ocrx_word' id='word_1_109' title='bbox 327 1677 478 1735; x_wconf 81' lang='lat' dir='ltr'><strong>videantur.</strong></span> <span class='ocrx_word' id='word_1_110' title='bbox 491 1674 558 1746; x_wconf 85' lang='lat' dir='ltr'><strong>Quis</strong></span> <span class='ocrx_word' id='word_1_111' title='bbox 571 1675 642 1732; x_wconf 92' lang='lat' dir='ltr'><strong>euim</strong></span> <span class='ocrx_word' id='word_1_112' title='bbox 654 1683 707 1730; x_wconf 89' lang='lat' dir='ltr'><strong>tam</strong></span> <span class='ocrx_word' id='word_1_113' title='bbox 726 1671 902 1746; x_wconf 83' lang='lat' dir='ltr'><strong>irreligiosus,</strong></span> 
     </span>
    </p>
   </div>
   <div class='ocr_carea' id='block_1_4' title="bbox 958 780 1770 1742">
    <p class='ocr_par' dir='ltr' id='par_1_4' title="bbox 958 780 1770 1742">
     <span class='ocr_line' id='line_1_18' title="bbox 958 780 1755 855; baseline 0.003 -19"><span class='ocrx_word' id='word_1_114' title='bbox 958 780 1003 852; x_wconf 87' lang='lat' dir='ltr'><strong>qui</strong></span> <span class='ocrx_word' id='word_1_115' title='bbox 1020 781 1048 836; x_wconf 92' lang='lat' dir='ltr'><strong>ia</strong></span> <span class='ocrx_word' id='word_1_116' title='bbox 1063 781 1180 838; x_wconf 88' lang='lat' dir='ltr'><strong>funiculo</strong></span> <span class='ocrx_word' id='word_1_117' title='bbox 1194 781 1360 837; x_wconf 77' lang='lat' dir='ltr'><strong>haereditatis</strong></span> <span class='ocrx_word' id='word_1_118' title='bbox 1378 799 1443 850; x_wconf 84' lang='lat' dir='ltr'><strong>suae,</strong></span> <span class='ocrx_word' id='word_1_119' title='bbox 1459 781 1493 835; x_wconf 93' lang='lat' dir='ltr'><strong>ab</strong></span> <span class='ocrx_word' id='word_1_120' title='bbox 1508 781 1560 851; x_wconf 88' lang='lat' dir='ltr'><strong>his,</strong></span> <span class='ocrx_word' id='word_1_121' title='bbox 1576 782 1676 854; x_wconf 88' lang='lat' dir='ltr'><strong>quibus</strong></span> <span class='ocrx_word' id='word_1_122' title='bbox 1690 800 1755 855; x_wconf 88' lang='lat' dir='ltr'><strong>spc-</strong></span> 
     </span>
     <span class='ocr_line' id='line_1_19' title="bbox 959 869 1756 936; baseline 0.004 -12"><span class='ocrx_word' id='word_1_123' title='bbox 959 871 1062 926; x_wconf 82' lang='lat' dir='ltr'><strong>cialiter</strong></span> <span class='ocrx_word' id='word_1_124' title='bbox 1105 870 1253 927; x_wconf 85' lang='lat' dir='ltr'><strong>advenerat</strong></span> <span class='ocrx_word' id='word_1_125' title='bbox 1285 869 1417 936; x_wconf 82' lang='lat' dir='ltr'><strong>Salvator,</strong></span> <span class='ocrx_word' id='word_1_126' title='bbox 1456 871 1641 927; x_wconf 91' lang='lat' dir='ltr'><strong>crudelissima</strong></span> <span class='ocrx_word' id='word_1_127' title='bbox 1667 878 1756 928; x_wconf 84' lang='lat' dir='ltr'><strong>ruorte</strong></span> 
     </span>
     <span class='ocr_line' id='line_1_20' title="bbox 959 959 1757 1031; baseline 0.005 -18"><span class='ocrx_word' id='word_1_128' title='bbox 959 960 1086 1015; x_wconf 90' lang='lat' dir='ltr'><strong>multatur</strong></span> <span class='ocrx_word' id='word_1_129' title='bbox 1099 960 1167 1016; x_wconf 91' lang='lat' dir='ltr'><strong>sicut</strong></span> <span class='ocrx_word' id='word_1_130' title='bbox 1192 959 1243 1027; x_wconf 92' lang='lat' dir='ltr'><strong>fur,</strong></span> <span class='ocrx_word' id='word_1_131' title='bbox 1273 959 1375 1015; x_wconf 89' lang='lat' dir='ltr'><strong>nullum</strong></span> <span class='ocrx_word' id='word_1_132' title='bbox 1401 960 1513 1015; x_wconf 90' lang='lat' dir='ltr'><strong>omnino</strong></span> <span class='ocrx_word' id='word_1_133' title='bbox 1535 968 1687 1031; x_wconf 89' lang='lat' dir='ltr'><strong>peccatum,</strong></span> <span class='ocrx_word' id='word_1_134' title='bbox 1705 977 1757 1017; x_wconf 88' lang='lat' dir='ltr'><strong>uec</strong></span> 
     </span>
     <span class='ocr_line' id='line_1_21' title="bbox 958 1048 1756 1121; baseline 0.004 -20"><span class='ocrx_word' id='word_1_135' title='bbox 958 1058 1019 1104; x_wconf 90' lang='lat' dir='ltr'><strong>actu</strong></span> <span class='ocrx_word' id='word_1_136' title='bbox 1041 1049 1161 1121; x_wconf 91' lang='lat' dir='ltr'><strong>proprio,</strong></span> <span class='ocrx_word' id='word_1_137' title='bbox 1191 1065 1242 1104; x_wconf 90' lang='lat' dir='ltr'><strong>uec</strong></span> <span class='ocrx_word' id='word_1_138' title='bbox 1267 1053 1416 1112; x_wconf 89' lang='lat' dir='ltr'><strong>contractu,</strong></span> <span class='ocrx_word' id='word_1_139' title='bbox 1440 1048 1488 1103; x_wconf 93' lang='lat' dir='ltr'><strong>sed</strong></span> <span class='ocrx_word' id='word_1_140' title='bbox 1514 1049 1605 1104; x_wconf 89' lang='lat' dir='ltr'><strong>necin</strong></span> <span class='ocrx_word' id='word_1_141' title='bbox 1628 1065 1756 1105; x_wconf 83' lang='lat' dir='ltr'><strong>crescere</strong></span> 
     </span>
     <span class='ocr_line' id='line_1_22' title="bbox 959 1135 1757 1207; baseline 0 -16"><span class='ocrx_word' id='word_1_142' title='bbox 959 1143 1060 1206; x_wconf 80' lang='lat' dir='ltr'><strong>posset,</strong></span> <span class='ocrx_word' id='word_1_143' title='bbox 1097 1135 1224 1191; x_wconf 75' lang='lat' dir='ltr'><strong>habens?</strong></span> <span class='ocrx_word' id='word_1_144' title='bbox 1253 1135 1383 1191; x_wconf 90' lang='lat' dir='ltr'><strong>Nimirum</strong></span> <span class='ocrx_word' id='word_1_145' title='bbox 1404 1136 1510 1207; x_wconf 85' lang='lat' dir='ltr'><strong>inquo,</strong></span> <span class='ocrx_word' id='word_1_146' title='bbox 1535 1136 1639 1192; x_wconf 88' lang='lat' dir='ltr'><strong>habitat</strong></span> <span class='ocrx_word' id='word_1_147' title='bbox 1667 1136 1757 1192; x_wconf 87' lang='lat' dir='ltr'><strong>omnis</strong></span> 
     </span>
     <span class='ocr_line' id='line_1_23' title="bbox 958 1223 1758 1297; baseline 0.001 -19"><span class='ocrx_word' id='word_1_148' title='bbox 958 1223 1097 1296; x_wconf 80' lang='lat' dir='ltr'><strong>plenitudo</strong></span> <span class='ocrx_word' id='word_1_149' title='bbox 1111 1223 1265 1292; x_wconf 89' lang='lat' dir='ltr'><strong>divinitatis,</strong></span> <span class='ocrx_word' id='word_1_150' title='bbox 1282 1239 1335 1278; x_wconf 92' lang='lat' dir='ltr'><strong>nou</strong></span> <span class='ocrx_word' id='word_1_151' title='bbox 1363 1223 1523 1291; x_wconf 89' lang='lat' dir='ltr'><strong>umbratice,</strong></span> <span class='ocrx_word' id='word_1_152' title='bbox 1544 1224 1594 1280; x_wconf 90' lang='lat' dir='ltr'><strong>sed</strong></span> <span class='ocrx_word' id='word_1_153' title='bbox 1608 1226 1758 1297; x_wconf 88' lang='lat' dir='ltr'><strong>corporali-</strong></span> 
     </span>
     <span class='ocr_line' id='line_1_24' title="bbox 959 1311 1755 1385; baseline 0.001 -19"><span class='ocrx_word' id='word_1_154' title='bbox 959 1320 1014 1382; x_wconf 74' lang='lat' dir='ltr'><strong>ter,</strong></span> <span class='ocrx_word' id='word_1_155' title='bbox 1030 1313 1056 1367; x_wconf 89' lang='lat' dir='ltr'><strong>in</strong></span> <span class='ocrx_word' id='word_1_156' title='bbox 1071 1329 1125 1385; x_wconf 90' lang='lat' dir='ltr'><strong>quo</strong></span> <span class='ocrx_word' id='word_1_157' title='bbox 1141 1313 1212 1369; x_wconf 85' lang='lat' dir='ltr'><strong>Deus</strong></span> <span class='ocrx_word' id='word_1_158' title='bbox 1226 1320 1269 1367; x_wconf 90' lang='lat' dir='ltr'><strong>est</strong></span> <span class='ocrx_word' id='word_1_159' title='bbox 1284 1313 1411 1367; x_wconf 90' lang='lat' dir='ltr'><strong>muudum</strong></span> <span class='ocrx_word' id='word_1_160' title='bbox 1427 1311 1605 1369; x_wconf 89' lang='lat' dir='ltr'><strong>reconcilians</strong></span> <span class='ocrx_word' id='word_1_161' title='bbox 1619 1313 1680 1382; x_wconf 91' lang='lat' dir='ltr'><strong>sibi,</strong></span> <span class='ocrx_word' id='word_1_162' title='bbox 1701 1328 1755 1368; x_wconf 92' lang='lat' dir='ltr'><strong>non</strong></span> 
     </span>
     <span class='ocr_line' id='line_1_25' title="bbox 959 1401 1770 1479; baseline 0 -23"><span class='ocrx_word' id='word_1_163' title='bbox 959 1401 1111 1473; x_wconf 77' lang='lat' dir='ltr'><strong>figurative,</strong></span> <span class='ocrx_word' id='word_1_164' title='bbox 1127 1403 1176 1458; x_wconf 90' lang='lat' dir='ltr'><strong>sed</strong></span> <span class='ocrx_word' id='word_1_165' title='bbox 1200 1401 1426 1468; x_wconf 66' lang='lat' dir='ltr'><strong>substantialium</strong></span> <span class='ocrx_word' id='word_1_166' title='bbox 1443 1401 1488 1473; x_wconf 92' lang='lat' dir='ltr'><strong>qui</strong></span> <span class='ocrx_word' id='word_1_167' title='bbox 1513 1401 1634 1474; x_wconf 88' lang='lat' dir='ltr'><strong>denique</strong></span> <span class='ocrx_word' id='word_1_168' title='bbox 1658 1401 1770 1479; x_wconf 18' lang='lat' dir='ltr'><strong>plenus,</strong></span> 
     </span>
     <span class='ocr_line' id='line_1_26' title="bbox 959 1489 1756 1564; baseline -0.001 -18"><span class='ocrx_word' id='word_1_169' title='bbox 959 1499 1001 1546; x_wconf 88' lang='lat' dir='ltr'><strong>est</strong></span> <span class='ocrx_word' id='word_1_170' title='bbox 1016 1491 1109 1564; x_wconf 78' lang='lat' dir='ltr'><strong>gratiae</strong></span> <span class='ocrx_word' id='word_1_171' title='bbox 1128 1497 1156 1546; x_wconf 91' lang='grc' dir='ltr'><strong>ιι</strong></span> <span class='ocrx_word' id='word_1_172' title='bbox 1170 1490 1298 1557; x_wconf 83' lang='grc' dir='ltr'>ιιιιιιιιι,</span> <span class='ocrx_word' id='word_1_173' title='bbox 1313 1506 1369 1546; x_wconf 92' lang='lat' dir='ltr'><strong>non</strong></span> <span class='ocrx_word' id='word_1_174' title='bbox 1382 1490 1554 1562; x_wconf 84' lang='lat' dir='ltr'><strong>cooperative</strong></span> <span class='ocrx_word' id='word_1_175' title='bbox 1568 1489 1663 1564; x_wconf 75' lang='lat' dir='ltr'><strong>lolius,</strong></span> <span class='ocrx_word' id='word_1_176' title='bbox 1678 1505 1756 1547; x_wconf 90' lang='lat' dir='ltr'><strong>com·</strong></span> 
     </span>
     <span class='ocr_line' id='line_1_27' title="bbox 961 1577 1753 1653; baseline 0.004 -19"><span class='ocrx_word' id='word_1_177' title='bbox 961 1577 1102 1652; x_wconf 78' lang='lat' dir='ltr'><strong>parntivel,</strong></span> <span class='ocrx_word' id='word_1_178' title='bbox 1119 1578 1167 1634; x_wconf 91' lang='lat' dir='ltr'><strong>sed</strong></span> <span class='ocrx_word' id='word_1_179' title='bbox 1201 1579 1389 1653; x_wconf 82' lang='lat' dir='ltr'><strong>personaliter,</strong></span> <span class='ocrx_word' id='word_1_180' title='bbox 1405 1585 1436 1635; x_wconf 93' lang='lat' dir='ltr'><strong>ut</strong></span> <span class='ocrx_word' id='word_1_181' title='bbox 1463 1578 1543 1635; x_wconf 89' lang='lat' dir='ltr'><strong>faciat</strong></span> <span class='ocrx_word' id='word_1_182' title='bbox 1569 1595 1638 1651; x_wconf 89' lang='lat' dir='ltr'><strong>opus</strong></span> <span class='ocrx_word' id='word_1_183' title='bbox 1665 1596 1753 1638; x_wconf 90' lang='lat' dir='ltr'><strong>suum.</strong></span> 
     </span>
     <span class='ocr_line' id='line_1_28' title="bbox 960 1666 1754 1742; baseline -0.003 -18"><span class='ocrx_word' id='word_1_184' title='bbox 960 1669 1092 1726; x_wconf 83' lang='lat' dir='ltr'><strong>Alienum</strong></span> <span class='ocrx_word' id='word_1_185' title='bbox 1104 1674 1146 1724; x_wconf 85' lang='lat' dir='ltr'><strong>eat</strong></span> <span class='ocrx_word' id='word_1_186' title='bbox 1160 1683 1230 1742; x_wconf 88' lang='lat' dir='ltr'><strong>opus</strong></span> <span class='ocrx_word' id='word_1_187' title='bbox 1245 1670 1305 1738; x_wconf 85' lang='lat' dir='ltr'><strong>ejas</strong></span> <span class='ocrx_word' id='word_1_188' title='bbox 1319 1667 1352 1723; x_wconf 87' lang='lat' dir='ltr'><strong>ob</strong></span> <span class='ocrx_word' id='word_1_189' title='bbox 1376 1684 1417 1733; x_wconf 86' lang='lat' dir='ltr'><strong>co,</strong></span> <span class='ocrx_word' id='word_1_190' title='bbox 1446 1666 1529 1722; x_wconf 88' lang='lat' dir='ltr'><strong>lsaias</strong></span> <span class='ocrx_word' id='word_1_191' title='bbox 1554 1666 1673 1740; x_wconf 90' lang='lat' dir='ltr'><strong>loquitur</strong></span> <span class='ocrx_word' id='word_1_192' title='bbox 1703 1671 1754 1725; x_wconf 82' lang='lat' dir='ltr'><strong>lau.</strong></span> 
     </span>
    </p>
   </div>
   <div class='ocr_carea' id='block_1_5' title="bbox 959 1755 1757 1916">
    <p class='ocr_par' dir='ltr' id='par_1_5' title="bbox 959 1755 1757 1916">
     <span class='ocr_line' id='line_1_29' title="bbox 959 1755 1757 1828; baseline 0 -17"><span class='ocrx_word' id='word_1_193' title='bbox 959 1773 1060 1825; x_wconf 79' lang='lat' dir='ltr'><strong>xxvia,</strong></span> <span class='ocrx_word' id='word_1_194' title='bbox 1076 1757 1140 1825; x_wconf 58' lang='lat'><strong>203</strong></span> <span class='ocrx_word' id='word_1_195' title='bbox 1157 1757 1219 1828; x_wconf 89' lang='lat' dir='ltr'><strong>quia</strong></span> <span class='ocrx_word' id='word_1_196' title='bbox 1233 1763 1261 1811; x_wconf 91' lang='lat' dir='ltr'><strong>et</strong></span> <span class='ocrx_word' id='word_1_197' title='bbox 1274 1772 1343 1828; x_wconf 91' lang='lat' dir='ltr'><strong>opus</strong></span> <span class='ocrx_word' id='word_1_198' title='bbox 1356 1773 1435 1811; x_wconf 87' lang='lat' dir='ltr'><strong>suum</strong></span> <span class='ocrx_word' id='word_1_199' title='bbox 1449 1755 1508 1824; x_wconf 89' lang='lat' dir='ltr'><strong>fuit,</strong></span> <span class='ocrx_word' id='word_1_200' title='bbox 1533 1758 1604 1828; x_wconf 85' lang='lat' dir='ltr'><strong>quod</strong></span> <span class='ocrx_word' id='word_1_201' title='bbox 1628 1756 1705 1813; x_wconf 87' lang='lat' dir='ltr'><strong>dedit</strong></span> <span class='ocrx_word' id='word_1_202' title='bbox 1731 1757 1757 1812; x_wconf 90' lang='lat' dir='ltr'><strong>ei</strong></span> 
     </span>
     <span class='ocr_line' id='line_1_30' title="bbox 960 1843 1757 1916; baseline 0 -16"><span class='ocrx_word' id='word_1_203' title='bbox 960 1848 1039 1901; x_wconf 86' lang='lat' dir='ltr'><strong>Pater</strong></span> <span class='ocrx_word' id='word_1_204' title='bbox 1054 1857 1079 1900; x_wconf 87' lang='lat' dir='ltr'><strong>ut</strong></span> <span class='ocrx_word' id='word_1_205' title='bbox 1099 1844 1215 1916; x_wconf 85' lang='lat' dir='ltr'><strong>faceret;</strong></span> <span class='ocrx_word' id='word_1_206' title='bbox 1233 1853 1261 1901; x_wconf 97' lang='grc' dir='ltr'><strong>ιι</strong></span> <span class='ocrx_word' id='word_1_207' title='bbox 1280 1843 1401 1909; x_wconf 81' lang='lat' dir='ltr'><strong>ahenum</strong></span> <span class='ocrx_word' id='word_1_208' title='bbox 1428 1845 1462 1899; x_wconf 88' lang='lat' dir='ltr'><strong>ab</strong></span> <span class='ocrx_word' id='word_1_209' title='bbox 1491 1861 1534 1913; x_wconf 90' lang='lat' dir='ltr'><strong>eo,</strong></span> <span class='ocrx_word' id='word_1_210' title='bbox 1563 1852 1593 1900; x_wconf 91' lang='lat' dir='ltr'><strong>ut</strong></span> <span class='ocrx_word' id='word_1_211' title='bbox 1614 1843 1675 1900; x_wconf 89' lang='lat' dir='ltr'><strong>talis</strong></span> <span class='ocrx_word' id='word_1_212' title='bbox 1694 1845 1757 1901; x_wconf 88' lang='lat' dir='ltr'><strong>talia</strong></span> 
     </span>
    </p>
   </div>
   <div class='ocr_carea' id='block_1_6' title="bbox 89 1751 1762 4670">
    <p class='ocr_par' dir='ltr' id='par_1_6' title="bbox 105 1751 1665 2015">
     <span class='ocr_line' id='line_1_31' title="bbox 106 1751 903 1838; baseline -0.011 -16"><span class='ocrx_word' id='word_1_213' title='bbox 106 1767 151 1838; x_wconf 92' lang='lat' dir='ltr'><strong>qui</strong></span> <span class='ocrx_word' id='word_1_214' title='bbox 175 1782 230 1825; x_wconf 88' lang='lat' dir='ltr'><strong>non</strong></span> <span class='ocrx_word' id='word_1_215' title='bbox 261 1765 482 1838; x_wconf 71' lang='lat' dir='ltr'><strong>compungatur?</strong></span> <span class='ocrx_word' id='word_1_216' title='bbox 497 1765 558 1837; x_wconf 90' lang='lat' dir='ltr'><strong>quis</strong></span> <span class='ocrx_word' id='word_1_217' title='bbox 570 1772 624 1820; x_wconf 88' lang='lat' dir='ltr'><strong>tam</strong></span> <span class='ocrx_word' id='word_1_218' title='bbox 648 1751 780 1827; x_wconf 79' lang='lat' dir='ltr'><strong>insoleus,</strong></span> <span class='ocrx_word' id='word_1_219' title='bbox 796 1769 826 1817; x_wconf 96' lang='lat' dir='ltr'><strong>ut</strong></span> <span class='ocrx_word' id='word_1_220' title='bbox 849 1775 903 1815; x_wconf 90' lang='lat' dir='ltr'><strong>non</strong></span> 
     </span>
     <span class='ocr_line' id='line_1_32' title="bbox 105 1847 905 1926; baseline -0.009 -17"><span class='ocrx_word' id='word_1_221' title='bbox 105 1854 284 1911; x_wconf 76' lang='lat' dir='ltr'><strong>humilietur?</strong></span> <span class='ocrx_word' id='word_1_222' title='bbox 298 1853 360 1926; x_wconf 89' lang='lat' dir='ltr'><strong>quis</strong></span> <span class='ocrx_word' id='word_1_223' title='bbox 374 1861 427 1910; x_wconf 91' lang='lat' dir='ltr'><strong>tam</strong></span> <span class='ocrx_word' id='word_1_224' title='bbox 442 1853 595 1922; x_wconf 89' lang='lat' dir='ltr'><strong>iracundus,</strong></span> <span class='ocrx_word' id='word_1_225' title='bbox 612 1861 642 1909; x_wconf 92' lang='lat' dir='ltr'><strong>ut</strong></span> <span class='ocrx_word' id='word_1_226' title='bbox 666 1869 720 1909; x_wconf 90' lang='lat' dir='ltr'><strong>non</strong></span> <span class='ocrx_word' id='word_1_227' title='bbox 742 1847 905 1920; x_wconf 76' lang='lat' dir='ltr'><strong>indulgeat?</strong></span> 
     </span>
     <span class='ocr_line' id='line_1_33' title="bbox 106 1926 1665 2015; baseline -0.003 -18"><span class='ocrx_word' id='word_1_228' title='bbox 106 1943 234 2015; x_wconf 79' lang='lat' dir='ltr'><strong>quietam</strong></span> <span class='ocrx_word' id='word_1_229' title='bbox 257 1941 410 2010; x_wconf 86' lang='lat' dir='ltr'><strong>deliciosus,</strong></span> <span class='ocrx_word' id='word_1_230' title='bbox 439 1950 468 1997; x_wconf 93' lang='lat' dir='ltr'><strong>ut</strong></span> <span class='ocrx_word' id='word_1_231' title='bbox 495 1956 551 1997; x_wconf 90' lang='lat' dir='ltr'><strong>nou</strong></span> <span class='ocrx_word' id='word_1_232' title='bbox 575 1941 734 1998; x_wconf 76' lang='lat' dir='ltr'><strong>abstineat?</strong></span> <span class='ocrx_word' id='word_1_233' title='bbox 761 1939 822 2011; x_wconf 89' lang='lat' dir='ltr'><strong>quis</strong></span> <span class='ocrx_word' id='word_1_234' title='bbox 851 1944 905 1992; x_wconf 89' lang='lat' dir='ltr'><strong>tam</strong></span> <span class='ocrx_word' id='word_1_235' title='bbox 920 1926 942 2002; x_wconf 81' lang='lat' dir='ltr'>B</span> <span class='ocrx_word' id='word_1_236' title='bbox 956 1935 1112 1993; x_wconf 86' lang='lat' dir='ltr'><strong>sustineret.</strong></span> <span class='ocrx_word' id='word_1_237' title='bbox 1126 1934 1245 2006; x_wconf 86' lang='lat' dir='ltr'><strong>ltaergo</strong></span> <span class='ocrx_word' id='word_1_238' title='bbox 1259 1934 1344 1988; x_wconf 91' lang='lat' dir='ltr'><strong>habes</strong></span> <span class='ocrx_word' id='word_1_239' title='bbox 1359 1934 1386 1988; x_wconf 88' lang='grc' dir='ltr'><strong>ιιι</strong></span> <span class='ocrx_word' id='word_1_240' title='bbox 1400 1949 1485 2006; x_wconf 88' lang='lat' dir='ltr'><strong>opere</strong></span> <span class='ocrx_word' id='word_1_241' title='bbox 1499 1933 1665 2005; x_wconf 90' lang='lat' dir='ltr'><strong>patientiam.</strong></span> 
     </span>
    </p>

    <p class='ocr_par' dir='ltr' id='par_1_7' title="bbox 102 2021 1761 3696">
     <span class='ocr_line' id='line_1_34' title="bbox 105 2021 1757 2103; baseline -0.004 -18"><span class='ocrx_word' id='word_1_242' title='bbox 105 2030 264 2103; x_wconf 86' lang='lat' dir='ltr'><strong>flagitiosus,</strong></span> <span class='ocrx_word' id='word_1_243' title='bbox 278 2038 309 2087; x_wconf 94' lang='lat' dir='ltr'><strong>ut</strong></span> <span class='ocrx_word' id='word_1_244' title='bbox 322 2045 376 2087; x_wconf 90' lang='lat' dir='ltr'><strong>non</strong></span> <span class='ocrx_word' id='word_1_245' title='bbox 390 2029 556 2087; x_wconf 76' lang='lat' dir='ltr'><strong>contineat?</strong></span> <span class='ocrx_word' id='word_1_246' title='bbox 570 2030 632 2102; x_wconf 88' lang='lat' dir='ltr'><strong>quis</strong></span> <span class='ocrx_word' id='word_1_247' title='bbox 660 2037 715 2085; x_wconf 91' lang='lat' dir='ltr'><strong>tam</strong></span> <span class='ocrx_word' id='word_1_248' title='bbox 743 2025 903 2093; x_wconf 86' lang='lat' dir='ltr'><strong>malitiosus,</strong></span> <span class='ocrx_word' id='word_1_249' title='bbox 995 2027 1021 2079; x_wconf 84' lang='lat'><strong>3.</strong></span> <span class='ocrx_word' id='word_1_250' title='bbox 1037 2025 1105 2080; x_wconf 90' lang='lat' dir='ltr'><strong>Nam</strong></span> <span class='ocrx_word' id='word_1_251' title='bbox 1119 2023 1229 2079; x_wconf 91' lang='lat' dir='ltr'><strong>modum</strong></span> <span class='ocrx_word' id='word_1_252' title='bbox 1244 2023 1330 2095; x_wconf 90' lang='lat' dir='ltr'><strong>ipsum</strong></span> <span class='ocrx_word' id='word_1_253' title='bbox 1345 2022 1369 2078; x_wconf 87' lang='lat' dir='ltr'><strong>si</strong></span> <span class='ocrx_word' id='word_1_254' title='bbox 1383 2021 1529 2097; x_wconf 78' lang='lat' dir='ltr'><strong>diligenter</strong></span> <span class='ocrx_word' id='word_1_255' title='bbox 1543 2023 1676 2092; x_wconf 89' lang='lat' dir='ltr'><strong>attendas,</strong></span> <span class='ocrx_word' id='word_1_256' title='bbox 1703 2039 1757 2079; x_wconf 88' lang='lat' dir='ltr'><strong>nou</strong></span> 
     </span>
     <span class='ocr_line' id='line_1_35' title="bbox 106 2111 1757 2191; baseline -0.004 -16"><span class='ocrx_word' id='word_1_257' title='bbox 106 2126 203 2175; x_wconf 89' lang='lat' dir='ltr'><strong>utnon</strong></span> <span class='ocrx_word' id='word_1_258' title='bbox 217 2117 650 2190; x_wconf 80' lang='lat' dir='ltr'><strong>poeniteathisdiebusfblerito</strong></span> <span class='ocrx_word' id='word_1_259' title='bbox 666 2119 784 2191; x_wconf 85' lang='lat' dir='ltr'><strong>quidem.</strong></span> <span class='ocrx_word' id='word_1_260' title='bbox 800 2115 905 2185; x_wconf 88' lang='lat' dir='ltr'><strong>Nempe</strong></span> <span class='ocrx_word' id='word_1_261' title='bbox 959 2113 1040 2168; x_wconf 90' lang='lat' dir='ltr'><strong>modo</strong></span> <span class='ocrx_word' id='word_1_262' title='bbox 1072 2113 1175 2179; x_wconf 89' lang='lat' dir='ltr'><strong>mitem,</strong></span> <span class='ocrx_word' id='word_1_263' title='bbox 1205 2112 1253 2166; x_wconf 88' lang='lat' dir='ltr'><strong>scd</strong></span> <span class='ocrx_word' id='word_1_264' title='bbox 1274 2120 1302 2167; x_wconf 91' lang='lat' dir='ltr'><strong>et</strong></span> <span class='ocrx_word' id='word_1_265' title='bbox 1329 2111 1458 2167; x_wconf 89' lang='lat' dir='ltr'><strong>humilem</strong></span> <span class='ocrx_word' id='word_1_266' title='bbox 1485 2111 1567 2167; x_wconf 89' lang='lat' dir='ltr'><strong>corde</strong></span> <span class='ocrx_word' id='word_1_267' title='bbox 1595 2127 1757 2184; x_wconf 87' lang='lat' dir='ltr'><strong>cognosces.</strong></span> 
     </span>
     <span class='ocr_line' id='line_1_36' title="bbox 106 2199 1757 2279; baseline -0.004 -17"><span class='ocrx_word' id='word_1_268' title='bbox 106 2205 184 2262; x_wconf 87' lang='lat' dir='ltr'><strong>adest</strong></span> <span class='ocrx_word' id='word_1_269' title='bbox 201 2206 291 2278; x_wconf 83' lang='lat' dir='ltr'><strong>passio</strong></span> <span class='ocrx_word' id='word_1_270' title='bbox 318 2205 435 2273; x_wconf 88' lang='lat' dir='ltr'><strong>Domini,</strong></span> <span class='ocrx_word' id='word_1_271' title='bbox 460 2222 547 2279; x_wconf 85' lang='lat' dir='ltr'><strong>usque</strong></span> <span class='ocrx_word' id='word_1_272' title='bbox 575 2205 676 2279; x_wconf 62' lang='lat' dir='ltr'><strong>[otios¹</strong></span> <span class='ocrx_word' id='word_1_273' title='bbox 693 2203 798 2278; x_wconf 84' lang='lat' dir='ltr'><strong>utique]</strong></span> <span class='ocrx_word' id='word_1_274' title='bbox 826 2202 905 2258; x_wconf 91' lang='lat' dir='ltr'><strong>hodie</strong></span> <span class='ocrx_word' id='word_1_275' title='bbox 961 2202 1064 2272; x_wconf 90' lang='lat' dir='ltr'><strong>Nempe</strong></span> <span class='ocrx_word' id='word_1_276' title='bbox 1088 2201 1116 2256; x_wconf 94' lang='lat' dir='ltr'><strong>in</strong></span> <span class='ocrx_word' id='word_1_277' title='bbox 1144 2200 1293 2257; x_wconf 90' lang='lat' dir='ltr'><strong>humilitate</strong></span> <span class='ocrx_word' id='word_1_278' title='bbox 1319 2199 1448 2270; x_wconf 90' lang='lat' dir='ltr'><strong>judicium</strong></span> <span class='ocrx_word' id='word_1_279' title='bbox 1468 2200 1528 2271; x_wconf 86' lang='lat' dir='ltr'><strong>ejus</strong></span> <span class='ocrx_word' id='word_1_280' title='bbox 1555 2201 1690 2256; x_wconf 90' lang='lat' dir='ltr'><strong>sublatum</strong></span> <span class='ocrx_word' id='word_1_281' title='bbox 1704 2209 1757 2266; x_wconf 88' lang='lat' dir='ltr'><strong>cst,</strong></span> 
     </span>
     <span class='ocr_line' id='line_1_37' title="bbox 106 2285 1759 2368; baseline -0.002 -19"><span class='ocrx_word' id='word_1_282' title='bbox 106 2301 206 2349; x_wconf 89' lang='lat' dir='ltr'><strong>terram</strong></span> <span class='ocrx_word' id='word_1_283' title='bbox 220 2309 341 2361; x_wconf 88' lang='lat' dir='ltr'><strong>movens,</strong></span> <span class='ocrx_word' id='word_1_284' title='bbox 370 2301 463 2366; x_wconf 90' lang='lat' dir='ltr'><strong>petras</strong></span> <span class='ocrx_word' id='word_1_285' title='bbox 489 2295 629 2368; x_wconf 83' lang='lat' dir='ltr'><strong>scindens,</strong></span> <span class='ocrx_word' id='word_1_286' title='bbox 656 2295 784 2367; x_wconf 90' lang='lat' dir='ltr'><strong>aperiens</strong></span> <span class='ocrx_word' id='word_1_287' title='bbox 811 2307 907 2347; x_wconf 90' lang='lat' dir='ltr'><strong>mouu-</strong></span> <span class='ocrx_word' id='word_1_288' title='bbox 960 2307 1022 2347; x_wconf 90' lang='lat' dir='ltr'><strong>cum</strong></span> <span class='ocrx_word' id='word_1_289' title='bbox 1037 2291 1134 2347; x_wconf 89' lang='lat' dir='ltr'><strong>uecsd</strong></span> <span class='ocrx_word' id='word_1_290' title='bbox 1163 2299 1253 2346; x_wconf 88' lang='lat' dir='ltr'><strong>tantas</strong></span> <span class='ocrx_word' id='word_1_291' title='bbox 1274 2285 1467 2359; x_wconf 84' lang='lat' dir='ltr'><strong>blasphemias,</strong></span> <span class='ocrx_word' id='word_1_292' title='bbox 1493 2304 1545 2345; x_wconf 90' lang='lat' dir='ltr'><strong>nec</strong></span> <span class='ocrx_word' id='word_1_293' title='bbox 1558 2289 1593 2344; x_wconf 92' lang='lat' dir='ltr'><strong>ad</strong></span> <span class='ocrx_word' id='word_1_294' title='bbox 1616 2288 1759 2346; x_wconf 87' lang='lat' dir='ltr'><strong>falsissima</strong></span> 
     </span>
     <span class='ocr_line' id='line_1_38' title="bbox 106 2377 1758 2454; baseline -0.002 -18"><span class='ocrx_word' id='word_1_295' title='bbox 106 2389 207 2438; x_wconf 89' lang='lat' dir='ltr'><strong>menta.</strong></span> <span class='ocrx_word' id='word_1_296' title='bbox 235 2382 322 2454; x_wconf 88' lang='lat' dir='ltr'><strong>Prope</strong></span> <span class='ocrx_word' id='word_1_297' title='bbox 338 2390 380 2437; x_wconf 90' lang='lat' dir='ltr'><strong>est</strong></span> <span class='ocrx_word' id='word_1_298' title='bbox 394 2383 476 2437; x_wconf 88' lang='lat' dir='ltr'><strong>etiam</strong></span> <span class='ocrx_word' id='word_1_299' title='bbox 491 2384 735 2453; x_wconf 87' lang='lat' dir='ltr'><strong>resurrectioejus,</strong></span> <span class='ocrx_word' id='word_1_300' title='bbox 759 2381 851 2453; x_wconf 86' lang='lat' dir='ltr'><strong>inqua</strong></span> <span class='ocrx_word' id='word_1_301' title='bbox 864 2393 907 2433; x_wconf 91' lang='lat' dir='ltr'><strong>so·</strong></span> <span class='ocrx_word' id='word_1_302' title='bbox 960 2396 1021 2452; x_wconf 68' lang='lat' dir='ltr'><strong>quaa</strong></span> <span class='ocrx_word' id='word_1_303' title='bbox 1035 2379 1085 2434; x_wconf 89' lang='lat' dir='ltr'><strong>sibi</strong></span> <span class='ocrx_word' id='word_1_304' title='bbox 1100 2379 1297 2448; x_wconf 86' lang='lat' dir='ltr'><strong>objiciebantur</strong></span> <span class='ocrx_word' id='word_1_305' title='bbox 1324 2378 1436 2433; x_wconf 89' lang='lat' dir='ltr'><strong>crimina</strong></span> <span class='ocrx_word' id='word_1_306' title='bbox 1465 2377 1655 2449; x_wconf 89' lang='lat' dir='ltr'><strong>responderet.</strong></span> <span class='ocrx_word' id='word_1_307' title='bbox 1684 2380 1758 2435; x_wconf 87' lang='lat' dir='ltr'><strong>l&#39;idi·</strong></span> 
     </span>
     <span class='ocr_line' id='line_1_39' title="bbox 104 2468 1758 2540; baseline -0.001 -16"><span class='ocrx_word' id='word_1_308' title='bbox 104 2470 271 2526; x_wconf 90' lang='lat' dir='ltr'><strong>lemuitatem</strong></span> <span class='ocrx_word' id='word_1_309' title='bbox 297 2469 471 2527; x_wconf 89' lang='lat' dir='ltr'><strong>celebrabitis</strong></span> <span class='ocrx_word' id='word_1_310' title='bbox 497 2472 627 2530; x_wconf 88' lang='lat' dir='ltr'><strong>altissimo</strong></span> <span class='ocrx_word' id='word_1_311' title='bbox 653 2472 788 2531; x_wconf 86' lang='lat' dir='ltr'><strong>Domino:</strong></span> <span class='ocrx_word' id='word_1_312' title='bbox 804 2469 905 2524; x_wconf 90' lang='lat' dir='ltr'><strong>utinam</strong></span> <span class='ocrx_word' id='word_1_313' title='bbox 961 2485 1032 2535; x_wconf 83' lang='lat' dir='ltr'><strong>mas,</strong></span> <span class='ocrx_word' id='word_1_314' title='bbox 1048 2468 1144 2540; x_wconf 90' lang='lat' dir='ltr'><strong>iuquit,</strong></span> <span class='ocrx_word' id='word_1_315' title='bbox 1160 2471 1342 2534; x_wconf 69' lang='lat' dir='ltr'><strong>carmeliten</strong></span> <span class='ocrx_word' id='word_1_316' title='bbox 1357 2471 1420 2522; x_wconf 84' lang='lat' dir='ltr'><strong>erat</strong></span> <span class='ocrx_word' id='word_1_317' title='bbox 1433 2469 1460 2524; x_wconf 87' lang='lat' dir='ltr'><strong>ei</strong></span> <span class='ocrx_word' id='word_1_318' title='bbox 1472 2471 1611 2540; x_wconf 84' lang='lat' dir='ltr'><strong>aspectus,</strong></span> <span class='ocrx_word' id='word_1_319' title='bbox 1628 2483 1679 2523; x_wconf 91' lang='lat' dir='ltr'><strong>nec</strong></span> <span class='ocrx_word' id='word_1_320' title='bbox 1692 2484 1758 2539; x_wconf 91' lang='lat' dir='ltr'><strong>spe-</strong></span> 
     </span>
     <span class='ocr_line' id='line_1_40' title="bbox 106 2553 1758 2632; baseline -0.002 -18"><span class='ocrx_word' id='word_1_321' title='bbox 106 2574 191 2630; x_wconf 87' lang='lat' dir='ltr'><strong>usque</strong></span> <span class='ocrx_word' id='word_1_322' title='bbox 206 2558 234 2614; x_wconf 91' lang='lat' dir='ltr'><strong>in</strong></span> <span class='ocrx_word' id='word_1_323' title='bbox 248 2556 378 2615; x_wconf 89' lang='lat' dir='ltr'><strong>altissima</strong></span> <span class='ocrx_word' id='word_1_324' title='bbox 392 2575 454 2631; x_wconf 87' lang='lat' dir='ltr'><strong>quae</strong></span> <span class='ocrx_word' id='word_1_325' title='bbox 468 2558 533 2616; x_wconf 92' lang='lat' dir='ltr'><strong>fecit</strong></span> <span class='ocrx_word' id='word_1_326' title='bbox 560 2559 696 2632; x_wconf 89' lang='lat' dir='ltr'><strong>magnalia</strong></span> <span class='ocrx_word' id='word_1_327' title='bbox 721 2557 859 2614; x_wconf 87' lang='lat' dir='ltr'><strong>alacritate</strong></span> <span class='ocrx_word' id='word_1_328' title='bbox 879 2562 907 2612; x_wconf 91' lang='lat' dir='ltr'><strong>et</strong></span> <span class='ocrx_word' id='word_1_329' title='bbox 960 2558 1061 2612; x_wconf 88' lang='lat' dir='ltr'><strong>ciosum</strong></span> <span class='ocrx_word' id='word_1_330' title='bbox 1085 2556 1171 2613; x_wconf 87' lang='lat' dir='ltr'><strong>forma</strong></span> <span class='ocrx_word' id='word_1_331' title='bbox 1194 2573 1251 2628; x_wconf 84' lang='lat' dir='ltr'><strong>prae</strong></span> <span class='ocrx_word' id='word_1_332' title='bbox 1266 2555 1327 2610; x_wconf 82' lang='lat' dir='ltr'><strong>filiis</strong></span> <span class='ocrx_word' id='word_1_333' title='bbox 1341 2553 1491 2617; x_wconf 80' lang='lat' dir='ltr'><strong>liominum.</strong></span> <span class='ocrx_word' id='word_1_334' title='bbox 1511 2555 1560 2611; x_wconf 91' lang='lat' dir='ltr'><strong>sed</strong></span> <span class='ocrx_word' id='word_1_335' title='bbox 1583 2556 1758 2629; x_wconf 90' lang='lat' dir='ltr'><strong>opprobrium</strong></span> 
     </span>
     <span class='ocr_line' id='line_1_41' title="bbox 105 2644 1760 2720; baseline -0.002 -18"><span class='ocrx_word' id='word_1_336' title='bbox 105 2646 232 2709; x_wconf 86' lang='lat' dir='ltr'><strong>aviditate</strong></span> <span class='ocrx_word' id='word_1_337' title='bbox 244 2647 355 2720; x_wconf 89' lang='lat' dir='ltr'><strong>spiritus</strong></span> <span class='ocrx_word' id='word_1_338' title='bbox 369 2649 519 2705; x_wconf 90' lang='lat' dir='ltr'><strong>subeuntes</strong></span> <span class='ocrx_word' id='word_1_339' title='bbox 532 2646 539 2707; x_wconf 91' lang='grc' dir='ltr'>Ι</span> <span class='ocrx_word' id='word_1_340' title='bbox 553 2648 624 2705; x_wconf 91' lang='lat' dir='ltr'><strong>Nihil</strong></span> <span class='ocrx_word' id='word_1_341' title='bbox 643 2649 671 2703; x_wconf 95' lang='lat' dir='ltr'><strong>in</strong></span> <span class='ocrx_word' id='word_1_342' title='bbox 695 2647 797 2704; x_wconf 89' lang='lat' dir='ltr'><strong>mundo</strong></span> <span class='ocrx_word' id='word_1_343' title='bbox 823 2653 905 2717; x_wconf 92' lang='lat' dir='ltr'><strong>pote·</strong></span> <span class='ocrx_word' id='word_1_344' title='bbox 961 2647 1109 2715; x_wconf 90' lang='lat' dir='ltr'><strong>homiuum,</strong></span> <span class='ocrx_word' id='word_1_345' title='bbox 1126 2656 1154 2703; x_wconf 92' lang='lat' dir='ltr'><strong>et</strong></span> <span class='ocrx_word' id='word_1_346' title='bbox 1175 2657 1302 2718; x_wconf 89' lang='lat' dir='ltr'><strong>tanquam</strong></span> <span class='ocrx_word' id='word_1_347' title='bbox 1317 2644 1469 2717; x_wconf 71' lang='lat' dir='ltr'><strong>leprosum,</strong></span> <span class='ocrx_word' id='word_1_348' title='bbox 1490 2645 1664 2702; x_wconf 88' lang='lat' dir='ltr'><strong>novissimum</strong></span> <span class='ocrx_word' id='word_1_349' title='bbox 1688 2646 1760 2703; x_wconf 80' lang='lat' dir='ltr'><strong>uiro·</strong></span> 
     </span>
     <span class='ocr_line' id='line_1_42' title="bbox 105 2734 1760 2809; baseline 0 -19"><span class='ocrx_word' id='word_1_350' title='bbox 105 2734 260 2801; x_wconf 82' lang='lat' dir='ltr'><strong>ratmelius</strong></span> <span class='ocrx_word' id='word_1_351' title='bbox 275 2734 345 2800; x_wconf 83' lang='lat' dir='ltr'><strong>heri,</strong></span> <span class='ocrx_word' id='word_1_352' title='bbox 370 2736 538 2809; x_wconf 86' lang='lat' dir='ltr'><strong>quamquod</strong></span> <span class='ocrx_word' id='word_1_353' title='bbox 553 2736 652 2793; x_wconf 90' lang='lat' dir='ltr'><strong>factum</strong></span> <span class='ocrx_word' id='word_1_354' title='bbox 680 2745 721 2793; x_wconf 88' lang='lat' dir='ltr'><strong>est</strong></span> <span class='ocrx_word' id='word_1_355' title='bbox 746 2752 762 2790; x_wconf 89' lang='lat' dir='ltr'><strong>a</strong></span> <span class='ocrx_word' id='word_1_356' title='bbox 790 2734 907 2790; x_wconf 88' lang='lat' dir='ltr'><strong>Domino</strong></span> <span class='ocrx_word' id='word_1_357' title='bbox 961 2752 1030 2804; x_wconf 91' lang='lat' dir='ltr'><strong>rum,</strong></span> <span class='ocrx_word' id='word_1_358' title='bbox 1048 2736 1127 2809; x_wconf 87' lang='lat' dir='ltr'><strong>plane</strong></span> <span class='ocrx_word' id='word_1_359' title='bbox 1141 2736 1227 2792; x_wconf 91' lang='lat' dir='ltr'><strong>virum</strong></span> <span class='ocrx_word' id='word_1_360' title='bbox 1255 2735 1390 2803; x_wconf 91' lang='lat' dir='ltr'><strong>dolorum,</strong></span> <span class='ocrx_word' id='word_1_361' title='bbox 1420 2752 1436 2790; x_wconf 91' lang='lat' dir='ltr'><strong>a</strong></span> <span class='ocrx_word' id='word_1_362' title='bbox 1464 2735 1520 2791; x_wconf 82' lang='lat' dir='ltr'><strong>Deo</strong></span> <span class='ocrx_word' id='word_1_363' title='bbox 1543 2751 1703 2807; x_wconf 88' lang='lat' dir='ltr'><strong>percussum</strong></span> <span class='ocrx_word' id='word_1_364' title='bbox 1732 2744 1760 2790; x_wconf 90' lang='lat' dir='ltr'><strong>et</strong></span> 
     </span>
     <span class='ocr_line' id='line_1_43' title="bbox 104 2822 1759 2901; baseline 0.001 -22"><span class='ocrx_word' id='word_1_365' title='bbox 104 2822 265 2881; x_wconf 89' lang='lat' dir='ltr'><strong>hisdiebus.</strong></span> <span class='ocrx_word' id='word_1_366' title='bbox 284 2823 356 2879; x_wconf 89' lang='lat' dir='ltr'><strong>Nihil</strong></span> <span class='ocrx_word' id='word_1_367' title='bbox 381 2827 483 2882; x_wconf 91' lang='lat' dir='ltr'><strong>mundo</strong></span> <span class='ocrx_word' id='word_1_368' title='bbox 498 2832 605 2896; x_wconf 85' lang='lat' dir='ltr'><strong>poterat</strong></span> <span class='ocrx_word' id='word_1_369' title='bbox 628 2825 724 2882; x_wconf 87' lang='lat' dir='ltr'><strong>melius</strong></span> <span class='ocrx_word' id='word_1_370' title='bbox 751 2823 796 2881; x_wconf 83' lang='lat' dir='ltr'><strong>vel</strong></span> <span class='ocrx_word' id='word_1_371' title='bbox 816 2822 906 2878; x_wconf 90' lang='lat' dir='ltr'><strong>utilius</strong></span> <span class='ocrx_word' id='word_1_372' title='bbox 960 2825 1200 2882; x_wconf 77' lang='lat' dir='ltr'><strong>humiliatumzita</strong></span> <span class='ocrx_word' id='word_1_373' title='bbox 1223 2824 1345 2880; x_wconf 87' lang='lat' dir='ltr'><strong>utnulla</strong></span> <span class='ocrx_word' id='word_1_374' title='bbox 1369 2834 1444 2881; x_wconf 88' lang='lat' dir='ltr'><strong>esset</strong></span> <span class='ocrx_word' id='word_1_375' title='bbox 1468 2825 1493 2880; x_wconf 89' lang='lat' dir='ltr'><strong>ai</strong></span> <span class='ocrx_word' id='word_1_376' title='bbox 1523 2826 1638 2901; x_wconf 88' lang='lat' dir='ltr'><strong>specics,</strong></span> <span class='ocrx_word' id='word_1_377' title='bbox 1667 2840 1759 2897; x_wconf 91' lang='lat' dir='ltr'><strong>nequc</strong></span> 
     </span>
     <span class='ocr_line' id='line_1_44' title="bbox 103 2911 1756 2986; baseline -0.001 -17"><span class='ocrx_word' id='word_1_378' title='bbox 103 2911 300 2979; x_wconf 87' lang='lat' dir='ltr'><strong>commendari,</strong></span> <span class='ocrx_word' id='word_1_379' title='bbox 315 2928 397 2984; x_wconf 88' lang='lat' dir='ltr'><strong>quam</strong></span> <span class='ocrx_word' id='word_1_380' title='bbox 414 2920 444 2970; x_wconf 89' lang='lat' dir='ltr'><strong>ut</strong></span> <span class='ocrx_word' id='word_1_381' title='bbox 457 2912 509 2970; x_wconf 91' lang='lat' dir='ltr'><strong>ritu</strong></span> <span class='ocrx_word' id='word_1_382' title='bbox 522 2921 657 2986; x_wconf 89' lang='lat' dir='ltr'><strong>perpetuo</strong></span> <span class='ocrx_word' id='word_1_383' title='bbox 671 2912 792 2971; x_wconf 87' lang='lat' dir='ltr'><strong>celebret</strong></span> <span class='ocrx_word' id='word_1_384' title='bbox 810 2911 906 2986; x_wconf 88' lang='lat' dir='ltr'><strong>singu·</strong></span> <span class='ocrx_word' id='word_1_385' title='bbox 960 2913 1044 2970; x_wconf 87' lang='lat' dir='ltr'><strong>decor</strong></span> <span class='ocrx_word' id='word_1_386' title='bbox 1058 2915 1137 2984; x_wconf 86' lang='lat' dir='ltr'><strong>(lsai.</strong></span> <span class='ocrx_word' id='word_1_387' title='bbox 1149 2917 1283 2985; x_wconf 61' lang='lat' dir='ltr'><strong>utrubi).</strong></span> <span class='ocrx_word' id='word_1_388' title='bbox 1301 2914 1324 2969; x_wconf 95' lang='lat'>0</span> <span class='ocrx_word' id='word_1_389' title='bbox 1340 2913 1515 2970; x_wconf 78' lang='lat' dir='ltr'><strong>nouissimum</strong></span> <span class='ocrx_word' id='word_1_390' title='bbox 1530 2920 1557 2970; x_wconf 88' lang='lat' dir='ltr'><strong>et</strong></span> <span class='ocrx_word' id='word_1_391' title='bbox 1581 2911 1756 2969; x_wconf 76' lang='lat' dir='ltr'><strong>altissimum!</strong></span> 
     </span>
     <span class='ocr_line' id='line_1_45' title="bbox 104 2999 1760 3075; baseline 0.001 -20"><span class='ocrx_word' id='word_1_392' title='bbox 104 2999 138 3056; x_wconf 89' lang='lat' dir='ltr'><strong>lis</strong></span> <span class='ocrx_word' id='word_1_393' title='bbox 164 3000 243 3057; x_wconf 88' lang='lat' dir='ltr'><strong>annis</strong></span> <span class='ocrx_word' id='word_1_394' title='bbox 276 3001 436 3058; x_wconf 87' lang='lat' dir='ltr'><strong>memoriale</strong></span> <span class='ocrx_word' id='word_1_395' title='bbox 451 3003 512 3073; x_wconf 79' lang='lat' dir='ltr'><strong>eius</strong></span> <span class='ocrx_word' id='word_1_396' title='bbox 539 3003 567 3057; x_wconf 89' lang='lat' dir='ltr'><strong>in</strong></span> <span class='ocrx_word' id='word_1_397' title='bbox 595 3003 732 3060; x_wconf 87' lang='lat' dir='ltr'><strong>desiderio</strong></span> <span class='ocrx_word' id='word_1_398' title='bbox 755 3001 907 3066; x_wconf 71' lang='lat' dir='ltr'><strong>animast</strong></span> <span class='ocrx_word' id='word_1_399' title='bbox 960 3019 976 3059; x_wconf 93' lang='lat'>0</span> <span class='ocrx_word' id='word_1_400' title='bbox 993 3001 1122 3058; x_wconf 90' lang='lat' dir='ltr'><strong>humilem</strong></span> <span class='ocrx_word' id='word_1_401' title='bbox 1137 3011 1165 3058; x_wconf 91' lang='lat' dir='ltr'><strong>et</strong></span> <span class='ocrx_word' id='word_1_402' title='bbox 1178 3000 1339 3058; x_wconf 91' lang='lat' dir='ltr'><strong>sublimeml</strong></span> <span class='ocrx_word' id='word_1_403' title='bbox 1356 3002 1563 3075; x_wconf 89' lang='lat' dir='ltr'><strong>oopprohrium</strong></span> <span class='ocrx_word' id='word_1_404' title='bbox 1578 3000 1716 3059; x_wconf 80' lang='lat' dir='ltr'><strong>honuuum</strong></span> <span class='ocrx_word' id='word_1_405' title='bbox 1732 3011 1760 3057; x_wconf 86' lang='lat' dir='ltr'><strong>ct</strong></span> 
     </span>
     <span class='ocr_line' id='line_1_46' title="bbox 103 3086 1759 3164; baseline 0.001 -21"><span class='ocrx_word' id='word_1_406' title='bbox 103 3088 261 3146; x_wconf 89' lang='lat' dir='ltr'><strong>memoriam</strong></span> <span class='ocrx_word' id='word_1_407' title='bbox 276 3089 454 3146; x_wconf 77' lang='lat' dir='ltr'><strong>abundantiae</strong></span> <span class='ocrx_word' id='word_1_408' title='bbox 473 3091 615 3149; x_wconf 83' lang='lat' dir='ltr'><strong>suavitatis</strong></span> <span class='ocrx_word' id='word_1_409' title='bbox 643 3093 704 3162; x_wconf 87' lang='lat' dir='ltr'><strong>ojus</strong></span> <span class='ocrx_word' id='word_1_410' title='bbox 732 3089 825 3164; x_wconf 75' lang='lat' dir='ltr'><strong>latios,</strong></span> <span class='ocrx_word' id='word_1_411' title='bbox 840 3086 907 3160; x_wconf 74' lang='lat' dir='ltr'><strong>suae]</strong></span> <span class='ocrx_word' id='word_1_412' title='bbox 961 3089 1076 3164; x_wconf 90' lang='lat' dir='ltr'><strong>gloriam</strong></span> <span class='ocrx_word' id='word_1_413' title='bbox 1099 3090 1284 3162; x_wconf 74' lang='lat' dir='ltr'><strong>Angelorum!</strong></span> <span class='ocrx_word' id='word_1_414' title='bbox 1312 3089 1400 3146; x_wconf 90' lang='lat' dir='ltr'><strong>Nemo</strong></span> <span class='ocrx_word' id='word_1_415' title='bbox 1427 3089 1472 3145; x_wconf 94' lang='lat' dir='ltr'><strong>illo</strong></span> <span class='ocrx_word' id='word_1_416' title='bbox 1491 3089 1640 3159; x_wconf 87' lang='lat' dir='ltr'><strong>sublimior,</strong></span> <span class='ocrx_word' id='word_1_417' title='bbox 1668 3106 1759 3162; x_wconf 85' lang='lat' dir='ltr'><strong>neque</strong></span> 
     </span>
     <span class='ocr_line' id='line_1_47' title="bbox 103 3176 1760 3252; baseline 0.001 -21"><span class='ocrx_word' id='word_1_418' title='bbox 103 3185 217 3247; x_wconf 83' lang='lat' dir='ltr'><strong>eructet.</strong></span> <span class='ocrx_word' id='word_1_419' title='bbox 247 3179 399 3251; x_wconf 89' lang='lat' dir='ltr'><strong>Utrumque</strong></span> <span class='ocrx_word' id='word_1_420' title='bbox 429 3187 519 3238; x_wconf 90' lang='lat' dir='ltr'><strong>autem</strong></span> <span class='ocrx_word' id='word_1_421' title='bbox 543 3188 657 3252; x_wconf 91' lang='lat' dir='ltr'><strong>propter</strong></span> <span class='ocrx_word' id='word_1_422' title='bbox 683 3194 743 3247; x_wconf 91' lang='lat' dir='ltr'><strong>nos,</strong></span> <span class='ocrx_word' id='word_1_423' title='bbox 777 3176 849 3251; x_wconf 87' lang='lat' dir='ltr'><strong>quod</strong></span> <span class='ocrx_word' id='word_1_424' title='bbox 879 3177 907 3233; x_wconf 90' lang='lat' dir='ltr'><strong>in</strong></span> <span class='ocrx_word' id='word_1_425' title='bbox 961 3178 1097 3237; x_wconf 91' lang='lat' dir='ltr'><strong>humilior.</strong></span> <span class='ocrx_word' id='word_1_426' title='bbox 1112 3180 1235 3251; x_wconf 88' lang='lat' dir='ltr'><strong>Denique</strong></span> <span class='ocrx_word' id='word_1_427' title='bbox 1250 3177 1336 3249; x_wconf 89' lang='lat' dir='ltr'><strong>sputis</strong></span> <span class='ocrx_word' id='word_1_428' title='bbox 1350 3177 1432 3233; x_wconf 90' lang='lat' dir='ltr'><strong>illitus</strong></span> <span class='ocrx_word' id='word_1_429' title='bbox 1446 3184 1497 3246; x_wconf 88' lang='lat' dir='ltr'><strong>est,</strong></span> <span class='ocrx_word' id='word_1_430' title='bbox 1518 3177 1672 3250; x_wconf 89' lang='lat' dir='ltr'><strong>opprobriis</strong></span> <span class='ocrx_word' id='word_1_431' title='bbox 1690 3187 1760 3233; x_wconf 90' lang='lat' dir='ltr'><strong>satu-</strong></span> 
     </span>
     <span class='ocr_line' id='line_1_48' title="bbox 103 3230 1760 3340; baseline 0.001 -21"><span class='ocrx_word' id='word_1_432' title='bbox 103 3274 224 3337; x_wconf 86' lang='lat' dir='ltr'><strong>utroque</strong></span> <span class='ocrx_word' id='word_1_433' title='bbox 238 3265 322 3322; x_wconf 90' lang='lat' dir='ltr'><strong>nobis</strong></span> <span class='ocrx_word' id='word_1_434' title='bbox 341 3266 435 3323; x_wconf 83' lang='lat' dir='ltr'><strong>salutis</strong></span> <span class='ocrx_word' id='word_1_435' title='bbox 448 3266 561 3335; x_wconf 88' lang='lat' dir='ltr'><strong>fructus,</strong></span> <span class='ocrx_word' id='word_1_436' title='bbox 575 3268 604 3323; x_wconf 90' lang='lat' dir='ltr'><strong>in</strong></span> <span class='ocrx_word' id='word_1_437' title='bbox 618 3277 734 3340; x_wconf 87' lang='lat' dir='ltr'><strong>utroque</strong></span> <span class='ocrx_word' id='word_1_438' title='bbox 749 3268 802 3324; x_wconf 88' lang='lat' dir='ltr'><strong>vita</strong></span> <span class='ocrx_word' id='word_1_439' title='bbox 827 3264 908 3339; x_wconf 91' lang='lat' dir='ltr'><strong>spiri·</strong></span> <span class='ocrx_word' id='word_1_440' title='bbox 923 3230 945 3308; x_wconf 56' lang='grc' dir='ltr'><strong><em>Β</em></strong></span> <span class='ocrx_word' id='word_1_441' title='bbox 962 3276 1037 3324; x_wconf 90' lang='lat' dir='ltr'><strong>ratus</strong></span> <span class='ocrx_word' id='word_1_442' title='bbox 1050 3276 1101 3336; x_wconf 87' lang='lat' dir='ltr'><strong>est,</strong></span> <span class='ocrx_word' id='word_1_443' title='bbox 1118 3274 1205 3324; x_wconf 90' lang='lat' dir='ltr'><strong>morte</strong></span> <span class='ocrx_word' id='word_1_444' title='bbox 1232 3266 1386 3338; x_wconf 87' lang='lat' dir='ltr'><strong>turpissima</strong></span> <span class='ocrx_word' id='word_1_445' title='bbox 1403 3267 1600 3323; x_wconf 85' lang='lat' dir='ltr'><strong>condemnatus</strong></span> <span class='ocrx_word' id='word_1_446' title='bbox 1623 3273 1675 3336; x_wconf 85' lang='lat' dir='ltr'><strong>est,</strong></span> <span class='ocrx_word' id='word_1_447' title='bbox 1698 3282 1760 3321; x_wconf 89' lang='lat' dir='ltr'><strong>cum</strong></span> 
     </span>
     <span class='ocr_line' id='line_1_49' title="bbox 103 3352 1761 3427; baseline 0.002 -21"><span class='ocrx_word' id='word_1_448' title='bbox 103 3358 147 3408; x_wconf 89' lang='lat' dir='ltr'><strong>tus</strong></span> <span class='ocrx_word' id='word_1_449' title='bbox 163 3353 260 3410; x_wconf 89' lang='lat' dir='ltr'><strong>nostri.</strong></span> <span class='ocrx_word' id='word_1_450' title='bbox 278 3352 408 3410; x_wconf 89' lang='lat' dir='ltr'><strong>llirabilis</strong></span> <span class='ocrx_word' id='word_1_451' title='bbox 422 3355 512 3426; x_wconf 90' lang='lat' dir='ltr'><strong>passio</strong></span> <span class='ocrx_word' id='word_1_452' title='bbox 529 3365 583 3424; x_wconf 90' lang='lat' dir='ltr'><strong>tua,</strong></span> <span class='ocrx_word' id='word_1_453' title='bbox 613 3355 728 3412; x_wconf 87' lang='lat' dir='ltr'><strong>Domine</strong></span> <span class='ocrx_word' id='word_1_454' title='bbox 744 3357 819 3424; x_wconf 86' lang='lat' dir='ltr'><strong>lesu,</strong></span> <span class='ocrx_word' id='word_1_455' title='bbox 848 3370 909 3426; x_wconf 83' lang='lat' dir='ltr'><strong>quae</strong></span> <span class='ocrx_word' id='word_1_456' title='bbox 961 3357 1099 3413; x_wconf 87' lang='lat' dir='ltr'><strong>sceleratis</strong></span> <span class='ocrx_word' id='word_1_457' title='bbox 1117 3358 1262 3427; x_wconf 88' lang='lat' dir='ltr'><strong>deputatus</strong></span> <span class='ocrx_word' id='word_1_458' title='bbox 1285 3363 1336 3411; x_wconf 92' lang='lat' dir='ltr'><strong>est.</strong></span> <span class='ocrx_word' id='word_1_459' title='bbox 1355 3354 1464 3410; x_wconf 93' lang='lat' dir='ltr'><strong>Nihilne</strong></span> <span class='ocrx_word' id='word_1_460' title='bbox 1479 3356 1628 3412; x_wconf 88' lang='lat' dir='ltr'><strong>merebitur</strong></span> <span class='ocrx_word' id='word_1_461' title='bbox 1641 3354 1683 3412; x_wconf 88' lang='lat' dir='ltr'><strong>vel</strong></span> <span class='ocrx_word' id='word_1_462' title='bbox 1708 3354 1761 3410; x_wconf 90' lang='lat' dir='ltr'><strong>ista</strong></span> 
     </span>
     <span class='ocr_line' id='line_1_50' title="bbox 102 3439 1760 3518; baseline 0.001 -22"><span class='ocrx_word' id='word_1_463' title='bbox 102 3439 244 3512; x_wconf 85' lang='lat' dir='ltr'><strong>passiones</strong></span> <span class='ocrx_word' id='word_1_464' title='bbox 271 3441 395 3505; x_wconf 87' lang='lat' dir='ltr'><strong>omnium</strong></span> <span class='ocrx_word' id='word_1_465' title='bbox 408 3450 531 3499; x_wconf 86' lang='lat' dir='ltr'><strong>nostrum</strong></span> <span class='ocrx_word' id='word_1_466' title='bbox 554 3443 740 3518; x_wconf 83' lang='lat' dir='ltr'><strong>propulsalvit,</strong></span> <span class='ocrx_word' id='word_1_467' title='bbox 763 3443 908 3515; x_wconf 87' lang='lat' dir='ltr'><strong>propitiata</strong></span> <span class='ocrx_word' id='word_1_468' title='bbox 963 3445 1108 3513; x_wconf 86' lang='lat' dir='ltr'><strong>humilitas,</strong></span> <span class='ocrx_word' id='word_1_469' title='bbox 1128 3460 1190 3517; x_wconf 86' lang='lat' dir='ltr'><strong>qnae</strong></span> <span class='ocrx_word' id='word_1_470' title='bbox 1203 3447 1274 3500; x_wconf 91' lang='lat' dir='ltr'><strong>hunc</strong></span> <span class='ocrx_word' id='word_1_471' title='bbox 1301 3444 1385 3499; x_wconf 89' lang='lat' dir='ltr'><strong>habet</strong></span> <span class='ocrx_word' id='word_1_472' title='bbox 1402 3444 1521 3513; x_wconf 87' lang='lat' dir='ltr'><strong>modum,</strong></span> <span class='ocrx_word' id='word_1_473' title='bbox 1543 3444 1596 3499; x_wconf 90' lang='lat' dir='ltr'><strong>imo</strong></span> <span class='ocrx_word' id='word_1_474' title='bbox 1619 3460 1680 3516; x_wconf 70' lang='grc' dir='ltr'><strong>ιιι</strong></span> <span class='ocrx_word' id='word_1_475' title='bbox 1705 3453 1760 3498; x_wconf 84' lang='lat' dir='ltr'><strong>tam</strong></span> 
     </span>
     <span class='ocr_line' id='line_1_51' title="bbox 103 3520 1761 3606; baseline 0.002 -21"><span class='ocrx_word' id='word_1_476' title='bbox 103 3520 146 3586; x_wconf 83' lang='lat' dir='ltr'><strong>est</strong></span> <span class='ocrx_word' id='word_1_477' title='bbox 160 3529 288 3587; x_wconf 91' lang='lat' dir='ltr'><strong>omnibus</strong></span> <span class='ocrx_word' id='word_1_478' title='bbox 312 3529 500 3604; x_wconf 86' lang='lat' dir='ltr'><strong>iniquitatibus</strong></span> <span class='ocrx_word' id='word_1_479' title='bbox 521 3533 631 3602; x_wconf 85' lang='lat' dir='ltr'><strong>uostris,</strong></span> <span class='ocrx_word' id='word_1_480' title='bbox 648 3544 676 3590; x_wconf 90' lang='grc' dir='ltr'><strong>ιι</strong></span> <span class='ocrx_word' id='word_1_481' title='bbox 701 3532 766 3589; x_wconf 89' lang='lat' dir='ltr'><strong>nulli</strong></span> <span class='ocrx_word' id='word_1_482' title='bbox 789 3545 907 3604; x_wconf 90' lang='lat' dir='ltr'><strong>uuquam</strong></span> <span class='ocrx_word' id='word_1_483' title='bbox 962 3543 1004 3591; x_wconf 91' lang='lat' dir='ltr'><strong>cst</strong></span> <span class='ocrx_word' id='word_1_484' title='bbox 1022 3532 1092 3590; x_wconf 90' lang='lat' dir='ltr'><strong>ultra</strong></span> <span class='ocrx_word' id='word_1_485' title='bbox 1107 3534 1238 3591; x_wconf 78' lang='lat' dir='ltr'><strong>modum?</strong></span> <span class='ocrx_word' id='word_1_486' title='bbox 1254 3533 1524 3604; x_wconf 86' lang='lat' dir='ltr'><strong>Sioutestpatientia</strong></span> <span class='ocrx_word' id='word_1_487' title='bbox 1538 3532 1691 3606; x_wconf 83' lang='lat' dir='ltr'><strong>singularia,</strong></span> <span class='ocrx_word' id='word_1_488' title='bbox 1722 3534 1761 3589; x_wconf 92' lang='lat' dir='ltr'><strong>sic</strong></span> 
     </span>
     <span class='ocr_line' id='line_1_52' title="bbox 102 3617 1644 3696; baseline 0.002 -21"><span class='ocrx_word' id='word_1_489' title='bbox 102 3617 174 3691; x_wconf 86' lang='lat' dir='ltr'><strong>posti</strong></span> <span class='ocrx_word' id='word_1_490' title='bbox 188 3626 288 3687; x_wconf 81' lang='lat' dir='ltr'><strong>postne</strong></span> <span class='ocrx_word' id='word_1_491' title='bbox 302 3618 441 3678; x_wconf 81' lang='lat' dir='ltr'><strong>invenitur</strong></span> <span class='ocrx_word' id='word_1_492' title='bbox 454 3621 593 3678; x_wconf 80' lang='lat' dir='ltr'><strong>inefficax.</strong></span> <span class='ocrx_word' id='word_1_493' title='bbox 612 3621 682 3692; x_wconf 86' lang='lat' dir='ltr'><strong>Quid</strong></span> <span class='ocrx_word' id='word_1_494' title='bbox 698 3622 770 3679; x_wconf 89' lang='lat' dir='ltr'><strong>euim</strong></span> <span class='ocrx_word' id='word_1_495' title='bbox 795 3628 851 3677; x_wconf 76' lang='lat' dir='ltr'><strong>mm</strong></span> <span class='ocrx_word' id='word_1_496' title='bbox 873 3619 907 3676; x_wconf 90' lang='lat' dir='ltr'><strong>ad</strong></span> <span class='ocrx_word' id='word_1_497' title='bbox 963 3622 1100 3679; x_wconf 89' lang='lat' dir='ltr'><strong>humilitas</strong></span> <span class='ocrx_word' id='word_1_498' title='bbox 1113 3621 1294 3693; x_wconf 77' lang='lat' dir='ltr'><strong>admirabilis3</strong></span> <span class='ocrx_word' id='word_1_499' title='bbox 1309 3628 1423 3694; x_wconf 91' lang='lat' dir='ltr'><strong>utraque</strong></span> <span class='ocrx_word' id='word_1_500' title='bbox 1437 3621 1496 3679; x_wconf 88' lang='lat' dir='ltr'><strong>siue</strong></span> <span class='ocrx_word' id='word_1_501' title='bbox 1509 3622 1644 3696; x_wconf 86' lang='lat' dir='ltr'><strong>exemplo.</strong></span> 
     </span>
    </p>

    <p class='ocr_par' dir='ltr' id='par_1_8' title="bbox 89 3708 1762 4670">
     <span class='ocr_line' id='line_1_53' title="bbox 102 3708 1759 3786; baseline 0.001 -23"><span class='ocrx_word' id='word_1_502' title='bbox 102 3714 228 3777; x_wconf 90' lang='lat' dir='ltr'><strong>mortem,</strong></span> <span class='ocrx_word' id='word_1_503' title='bbox 245 3709 318 3781; x_wconf 86' lang='lat' dir='ltr'><strong>quod</strong></span> <span class='ocrx_word' id='word_1_504' title='bbox 333 3725 389 3766; x_wconf 89' lang='lat' dir='ltr'><strong>non</strong></span> <span class='ocrx_word' id='word_1_505' title='bbox 404 3718 450 3766; x_wconf 88' lang='lat' dir='ltr'><strong>tua</strong></span> <span class='ocrx_word' id='word_1_506' title='bbox 465 3719 552 3768; x_wconf 88' lang='lat' dir='ltr'><strong>morte</strong></span> <span class='ocrx_word' id='word_1_507' title='bbox 567 3708 708 3767; x_wconf 74' lang='lat' dir='ltr'><strong>solvatur?</strong></span> <span class='ocrx_word' id='word_1_508' title='bbox 999 3713 1025 3766; x_wconf 76' lang='lat' dir='ltr'><strong>b.</strong></span> <span class='ocrx_word' id='word_1_509' title='bbox 1043 3711 1194 3783; x_wconf 89' lang='lat' dir='ltr'><strong>Utramque</strong></span> <span class='ocrx_word' id='word_1_510' title='bbox 1218 3716 1308 3766; x_wconf 90' lang='lat' dir='ltr'><strong>tamen</strong></span> <span class='ocrx_word' id='word_1_511' title='bbox 1336 3709 1480 3786; x_wconf 87' lang='lat' dir='ltr'><strong>magnifice</strong></span> <span class='ocrx_word' id='word_1_512' title='bbox 1499 3726 1581 3768; x_wconf 88' lang='lat' dir='ltr'><strong>causa</strong></span> <span class='ocrx_word' id='word_1_513' title='bbox 1599 3712 1657 3784; x_wconf 89' lang='lat' dir='ltr'><strong>ipsa</strong></span> <span class='ocrx_word' id='word_1_514' title='bbox 1683 3725 1759 3767; x_wconf 88' lang='lat' dir='ltr'><strong>com-</strong></span> 
     </span>
     <span class='ocr_line' id='line_1_54' title="bbox 89 3785 1760 3872; baseline 0 -19"><span class='ocrx_word' id='word_1_515' title='bbox 89 3785 91 3790; x_wconf 61' lang='grc'>’</span> <span class='ocrx_word' id='word_1_516' title='bbox 139 3801 165 3853; x_wconf 81' lang='lat'><strong>2.</strong></span> <span class='ocrx_word' id='word_1_517' title='bbox 182 3795 213 3851; x_wconf 91' lang='lat' dir='ltr'><strong>lu</strong></span> <span class='ocrx_word' id='word_1_518' title='bbox 227 3797 277 3852; x_wconf 89' lang='lat' dir='ltr'><strong>bac</strong></span> <span class='ocrx_word' id='word_1_519' title='bbox 292 3797 525 3871; x_wconf 84' lang='lat' dir='ltr'><strong>igiturpassioue,</strong></span> <span class='ocrx_word' id='word_1_520' title='bbox 547 3797 656 3869; x_wconf 87' lang='lat' dir='ltr'><strong>fratres,</strong></span> <span class='ocrx_word' id='word_1_521' title='bbox 682 3800 731 3856; x_wconf 92' lang='lat' dir='ltr'><strong>tria</strong></span> <span class='ocrx_word' id='word_1_522' title='bbox 754 3798 908 3870; x_wconf 85' lang='lat' dir='ltr'><strong>specialiter</strong></span> <span class='ocrx_word' id='word_1_523' title='bbox 961 3800 1089 3855; x_wconf 85' lang='lat' dir='ltr'><strong>mandat:</strong></span> <span class='ocrx_word' id='word_1_524' title='bbox 1133 3799 1260 3855; x_wconf 89' lang='lat' dir='ltr'><strong>nimirum</strong></span> <span class='ocrx_word' id='word_1_525' title='bbox 1290 3799 1407 3855; x_wconf 86' lang='lat' dir='ltr'><strong>charitas</strong></span> <span class='ocrx_word' id='word_1_526' title='bbox 1434 3806 1486 3856; x_wconf 91' lang='lat' dir='ltr'><strong>est.</strong></span> <span class='ocrx_word' id='word_1_527' title='bbox 1515 3801 1629 3872; x_wconf 90' lang='lat' dir='ltr'><strong>Propter</strong></span> <span class='ocrx_word' id='word_1_528' title='bbox 1651 3799 1760 3855; x_wconf 88' lang='lat' dir='ltr'><strong>nimiam</strong></span> 
     </span>
     <span class='ocr_line' id='line_1_55' title="bbox 102 3882 1760 3960; baseline 0.002 -20"><span class='ocrx_word' id='word_1_529' title='bbox 102 3882 231 3951; x_wconf 88' lang='lat' dir='ltr'><strong>convenit</strong></span> <span class='ocrx_word' id='word_1_530' title='bbox 243 3883 357 3953; x_wconf 87' lang='lat' dir='ltr'><strong>intueri;</strong></span> <span class='ocrx_word' id='word_1_531' title='bbox 374 3901 452 3958; x_wconf 86' lang='lat' dir='ltr'><strong>opus,</strong></span> <span class='ocrx_word' id='word_1_532' title='bbox 480 3887 599 3956; x_wconf 91' lang='lat' dir='ltr'><strong>modum,</strong></span> <span class='ocrx_word' id='word_1_533' title='bbox 623 3903 743 3944; x_wconf 87' lang='lat' dir='ltr'><strong>causam.</strong></span> <span class='ocrx_word' id='word_1_534' title='bbox 771 3887 841 3944; x_wconf 88' lang='lat' dir='ltr'><strong>Nam</strong></span> <span class='ocrx_word' id='word_1_535' title='bbox 878 3885 907 3940; x_wconf 91' lang='lat' dir='ltr'><strong>in</strong></span> <span class='ocrx_word' id='word_1_536' title='bbox 962 3889 1034 3945; x_wconf 88' lang='lat' dir='ltr'><strong>enim</strong></span> <span class='ocrx_word' id='word_1_537' title='bbox 1058 3887 1220 3944; x_wconf 82' lang='lat' dir='ltr'><strong>charitatem</strong></span> <span class='ocrx_word' id='word_1_538' title='bbox 1244 3903 1432 3960; x_wconf 77' lang='lat' dir='ltr'><strong>enumquam</strong></span> <span class='ocrx_word' id='word_1_539' title='bbox 1454 3888 1611 3946; x_wconf 88' lang='lat' dir='ltr'><strong>dilexituos</strong></span> <span class='ocrx_word' id='word_1_540' title='bbox 1633 3889 1760 3955; x_wconf 86' lang='lat' dir='ltr'><strong>Deus‚ut</strong></span> 
     </span>
     <span class='ocr_line' id='line_1_56' title="bbox 102 3971 1762 4047; baseline 0.001 -18"><span class='ocrx_word' id='word_1_541' title='bbox 102 3971 310 4043; x_wconf 89' lang='lat' dir='ltr'><strong>operequidem</strong></span> <span class='ocrx_word' id='word_1_542' title='bbox 324 3973 466 4045; x_wconf 89' lang='lat' dir='ltr'><strong>patientia,</strong></span> <span class='ocrx_word' id='word_1_543' title='bbox 481 3975 511 4030; x_wconf 93' lang='lat' dir='ltr'><strong>in</strong></span> <span class='ocrx_word' id='word_1_544' title='bbox 524 3975 605 4032; x_wconf 89' lang='lat' dir='ltr'><strong>modo</strong></span> <span class='ocrx_word' id='word_1_545' title='bbox 625 3975 773 4046; x_wconf 88' lang='lat' dir='ltr'><strong>humilitas,</strong></span> <span class='ocrx_word' id='word_1_546' title='bbox 789 3973 908 4030; x_wconf 86' lang='lat' dir='ltr'><strong>incausa</strong></span> <span class='ocrx_word' id='word_1_547' title='bbox 962 3992 1070 4034; x_wconf 89' lang='lat' dir='ltr'><strong>servum</strong></span> <span class='ocrx_word' id='word_1_548' title='bbox 1087 3975 1244 4044; x_wconf 89' lang='lat' dir='ltr'><strong>redimeret,</strong></span> <span class='ocrx_word' id='word_1_549' title='bbox 1265 3992 1318 4034; x_wconf 85' lang='lat' dir='ltr'><strong>nco</strong></span> <span class='ocrx_word' id='word_1_550' title='bbox 1332 3977 1412 4033; x_wconf 89' lang='lat' dir='ltr'><strong>Pater</strong></span> <span class='ocrx_word' id='word_1_551' title='bbox 1426 3978 1502 4047; x_wconf 81' lang='lat' dir='ltr'><strong>litio,</strong></span> <span class='ocrx_word' id='word_1_552' title='bbox 1531 3995 1582 4034; x_wconf 89' lang='lat' dir='ltr'><strong>nec</strong></span> <span class='ocrx_word' id='word_1_553' title='bbox 1603 3979 1654 4034; x_wconf 87' lang='lat' dir='ltr'><strong>sibi</strong></span> <span class='ocrx_word' id='word_1_554' title='bbox 1679 3976 1762 4032; x_wconf 86' lang='lat' dir='ltr'><strong>Filius</strong></span> 
     </span>
     <span class='ocr_line' id='line_1_57' title="bbox 101 4057 1760 4139; baseline 0.005 -25"><span class='ocrx_word' id='word_1_555' title='bbox 101 4057 221 4115; x_wconf 88' lang='lat' dir='ltr'><strong>charitas</strong></span> <span class='ocrx_word' id='word_1_556' title='bbox 238 4060 453 4137; x_wconf 84' lang='lat' dir='ltr'><strong>commendatur.</strong></span> <span class='ocrx_word' id='word_1_557' title='bbox 472 4063 604 4119; x_wconf 82' lang='lat' dir='ltr'><strong>Patientia</strong></span> <span class='ocrx_word' id='word_1_558' title='bbox 631 4073 722 4128; x_wconf 84' lang='lat' dir='ltr'><strong>autem</strong></span> <span class='ocrx_word' id='word_1_559' title='bbox 750 4061 905 4138; x_wconf 71' lang='lat' dir='ltr'><strong>singularis,</strong></span> <span class='ocrx_word' id='word_1_560' title='bbox 961 4067 1020 4139; x_wconf 88' lang='lat' dir='ltr'><strong>ipse</strong></span> <span class='ocrx_word' id='word_1_561' title='bbox 1035 4065 1167 4138; x_wconf 89' lang='lat' dir='ltr'><strong>pepercit.</strong></span> <span class='ocrx_word' id='word_1_562' title='bbox 1184 4065 1255 4122; x_wconf 85' lang='lat' dir='ltr'><strong>Vero</strong></span> <span class='ocrx_word' id='word_1_563' title='bbox 1268 4065 1389 4135; x_wconf 90' lang='lat' dir='ltr'><strong>nimiam,</strong></span> <span class='ocrx_word' id='word_1_564' title='bbox 1404 4068 1468 4139; x_wconf 88' lang='lat' dir='ltr'><strong>quia</strong></span> <span class='ocrx_word' id='word_1_565' title='bbox 1486 4074 1515 4124; x_wconf 90' lang='lat' dir='ltr'><strong>et</strong></span> <span class='ocrx_word' id='word_1_566' title='bbox 1534 4068 1592 4123; x_wconf 81' lang='lat' dir='ltr'><strong>haec</strong></span> <span class='ocrx_word' id='word_1_567' title='bbox 1604 4082 1760 4124; x_wconf 87' lang='lat' dir='ltr'><strong>mensuram</strong></span> 
     </span>
     <span class='ocr_line' id='line_1_58' title="bbox 102 4144 1761 4228; baseline 0.002 -22"><span class='ocrx_word' id='word_1_568' title='bbox 102 4144 189 4206; x_wconf 74' lang='lat'><strong>885</strong></span> <span class='ocrx_word' id='word_1_569' title='bbox 204 4147 278 4221; x_wconf 90' lang='lat' dir='ltr'><strong>quod</strong></span> <span class='ocrx_word' id='word_1_570' title='bbox 292 4148 420 4208; x_wconf 86' lang='lat' dir='ltr'><strong>videlicet</strong></span> <span class='ocrx_word' id='word_1_571' title='bbox 434 4166 496 4208; x_wconf 90' lang='lat' dir='ltr'><strong>cum</strong></span> <span class='ocrx_word' id='word_1_572' title='bbox 510 4166 592 4225; x_wconf 92' lang='lat' dir='ltr'><strong>supra</strong></span> <span class='ocrx_word' id='word_1_573' title='bbox 607 4151 716 4209; x_wconf 87' lang='lat' dir='ltr'><strong>dorsum</strong></span> <span class='ocrx_word' id='word_1_574' title='bbox 739 4153 798 4222; x_wconf 70' lang='lat' dir='ltr'><strong>cius</strong></span> <span class='ocrx_word' id='word_1_575' title='bbox 822 4150 905 4205; x_wconf 89' lang='lat' dir='ltr'><strong>labri·</strong></span> <span class='ocrx_word' id='word_1_576' title='bbox 963 4155 1079 4223; x_wconf 75' lang='lat' dir='ltr'><strong>excedit,</strong></span> <span class='ocrx_word' id='word_1_577' title='bbox 1094 4154 1205 4210; x_wconf 91' lang='lat' dir='ltr'><strong>modum</strong></span> <span class='ocrx_word' id='word_1_578' title='bbox 1221 4164 1340 4227; x_wconf 88' lang='lat' dir='ltr'><strong>superat,</strong></span> <span class='ocrx_word' id='word_1_579' title='bbox 1361 4156 1442 4228; x_wconf 87' lang='lat' dir='ltr'><strong>plana</strong></span> <span class='ocrx_word' id='word_1_580' title='bbox 1464 4156 1672 4227; x_wconf 88' lang='lat' dir='ltr'><strong>supereminens</strong></span> <span class='ocrx_word' id='word_1_581' title='bbox 1695 4159 1761 4212; x_wconf 86' lang='lat' dir='ltr'><strong>uui-</strong></span> 
     </span>
     <span class='ocr_line' id='line_1_59' title="bbox 102 4237 1758 4316; baseline 0.007 -23"><span class='ocrx_word' id='word_1_582' title='bbox 102 4242 197 4293; x_wconf 85' lang='lat' dir='ltr'><strong>carent</strong></span> <span class='ocrx_word' id='word_1_583' title='bbox 219 4246 398 4309; x_wconf 67' lang='lat' dir='ltr'><strong>peccatorem</strong></span> <span class='ocrx_word' id='word_1_584' title='bbox 423 4255 485 4296; x_wconf 89' lang='lat' dir='ltr'><strong>curu</strong></span> <span class='ocrx_word' id='word_1_585' title='bbox 499 4239 539 4296; x_wconf 90' lang='lat' dir='ltr'><strong>sic</strong></span> <span class='ocrx_word' id='word_1_586' title='bbox 561 4240 755 4297; x_wconf 81' lang='lat' dir='ltr'><strong>extenderetur</strong></span> <span class='ocrx_word' id='word_1_587' title='bbox 768 4239 797 4295; x_wconf 90' lang='lat' dir='ltr'><strong>iu</strong></span> <span class='ocrx_word' id='word_1_588' title='bbox 819 4237 905 4313; x_wconf 87' lang='lat' dir='ltr'><strong>ligno,</strong></span> <span class='ocrx_word' id='word_1_589' title='bbox 962 4244 1057 4300; x_wconf 88' lang='lat' dir='ltr'><strong>vorsis.</strong></span> <span class='ocrx_word' id='word_1_590' title='bbox 1089 4245 1229 4316; x_wconf 82' lang='lat' dir='ltr'><strong>llojorem,</strong></span> <span class='ocrx_word' id='word_1_591' title='bbox 1259 4243 1354 4315; x_wconf 84' lang='lat' dir='ltr'><strong>inquit,</strong></span> <span class='ocrx_word' id='word_1_592' title='bbox 1378 4245 1548 4302; x_wconf 83' lang='lat' dir='ltr'><strong>charitatem</strong></span> <span class='ocrx_word' id='word_1_593' title='bbox 1562 4259 1643 4301; x_wconf 82' lang='lat' dir='ltr'><strong>neoto</strong></span> <span class='ocrx_word' id='word_1_594' title='bbox 1668 4244 1758 4309; x_wconf 82' lang='lat' dir='ltr'><strong>tutet,</strong></span> 
     </span>
     <span class='ocr_line' id='line_1_60' title="bbox 102 4325 1760 4407; baseline 0.005 -26"><span class='ocrx_word' id='word_1_595' title='bbox 102 4331 131 4381; x_wconf 90' lang='lat' dir='ltr'><strong>ut</strong></span> <span class='ocrx_word' id='word_1_596' title='bbox 155 4325 394 4384; x_wconf 89' lang='lat' dir='ltr'><strong>dinumerarentur</strong></span> <span class='ocrx_word' id='word_1_597' title='bbox 423 4329 516 4385; x_wconf 86' lang='lat' dir='ltr'><strong>omnia</strong></span> <span class='ocrx_word' id='word_1_598' title='bbox 529 4343 592 4385; x_wconf 88' lang='lat' dir='ltr'><strong>ossa</strong></span> <span class='ocrx_word' id='word_1_599' title='bbox 617 4331 690 4400; x_wconf 78' lang='lat' dir='ltr'><strong>ejus3</strong></span> <span class='ocrx_word' id='word_1_600' title='bbox 707 4345 768 4386; x_wconf 90' lang='lat' dir='ltr'><strong>cum</strong></span> <span class='ocrx_word' id='word_1_601' title='bbox 793 4328 906 4384; x_wconf 91' lang='lat' dir='ltr'><strong>fortissi-</strong></span> <span class='ocrx_word' id='word_1_602' title='bbox 962 4350 1048 4407; x_wconf 77' lang='lat' dir='ltr'><strong>qaam</strong></span> <span class='ocrx_word' id='word_1_603' title='bbox 1062 4336 1097 4389; x_wconf 83' lang='lat' dir='ltr'><strong>ut</strong></span> <span class='ocrx_word' id='word_1_604' title='bbox 1112 4333 1240 4388; x_wconf 80' lang='lat' dir='ltr'><strong>animam</strong></span> <span class='ocrx_word' id='word_1_605' title='bbox 1253 4349 1336 4388; x_wconf 80' lang='lat' dir='ltr'><strong>soom</strong></span> <span class='ocrx_word' id='word_1_606' title='bbox 1343 4336 1432 4404; x_wconf 87' lang='lat' dir='ltr'><strong>poaot</strong></span> <span class='ocrx_word' id='word_1_607' title='bbox 1445 4335 1509 4404; x_wconf 81' lang='lat' dir='ltr'><strong>qais</strong></span> <span class='ocrx_word' id='word_1_608' title='bbox 1521 4349 1573 4405; x_wconf 82' lang='lat' dir='ltr'><strong>pro</strong></span> <span class='ocrx_word' id='word_1_609' title='bbox 1583 4334 1686 4390; x_wconf 82' lang='lat' dir='ltr'><strong>amicis</strong></span> <span class='ocrx_word' id='word_1_610' title='bbox 1698 4335 1760 4390; x_wconf 82' lang='lat' dir='ltr'><strong>suis</strong></span> 
     </span>
     <span class='ocr_line' id='line_1_61' title="bbox 102 4411 1758 4495; baseline 0.007 -28"><span class='ocrx_word' id='word_1_611' title='bbox 102 4429 177 4468; x_wconf 91' lang='lat' dir='ltr'><strong>mum</strong></span> <span class='ocrx_word' id='word_1_612' title='bbox 203 4411 269 4470; x_wconf 92' lang='lat' dir='ltr'><strong>illud</strong></span> <span class='ocrx_word' id='word_1_613' title='bbox 297 4418 548 4490; x_wconf 77' lang='lat' dir='ltr'><strong>propugnaculum,</strong></span> <span class='ocrx_word' id='word_1_614' title='bbox 572 4417 646 4491; x_wconf 88' lang='lat' dir='ltr'><strong>quod</strong></span> <span class='ocrx_word' id='word_1_615' title='bbox 668 4417 786 4475; x_wconf 89' lang='lat' dir='ltr'><strong>custodit</strong></span> <span class='ocrx_word' id='word_1_616' title='bbox 813 4417 906 4484; x_wconf 89' lang='lat' dir='ltr'><strong>lsrael,</strong></span> <span class='ocrx_word' id='word_1_617' title='bbox 962 4423 1045 4495; x_wconf 79' lang='lat' dir='ltr'><strong>(loon</strong></span> <span class='ocrx_word' id='word_1_618' title='bbox 1059 4421 1383 4493; x_wconf 77' lang='lat' dir='ltr'><strong>xv,13).&#39;l&#39;umajorem</strong></span> <span class='ocrx_word' id='word_1_619' title='bbox 1404 4419 1531 4489; x_wconf 87' lang='lat' dir='ltr'><strong>habuisti,</strong></span> <span class='ocrx_word' id='word_1_620' title='bbox 1561 4422 1686 4489; x_wconf 88' lang='lat' dir='ltr'><strong>Domine,</strong></span> <span class='ocrx_word' id='word_1_621' title='bbox 1707 4439 1758 4494; x_wconf 93' lang='lat' dir='ltr'><strong>po-</strong></span> 
     </span>
     <span class='ocr_line' id='line_1_62' title="bbox 101 4501 1759 4582; baseline 0.005 -25"><span class='ocrx_word' id='word_1_622' title='bbox 101 4501 223 4574; x_wconf 85' lang='lat' dir='ltr'><strong>uudiquc</strong></span> <span class='ocrx_word' id='word_1_623' title='bbox 250 4501 399 4576; x_wconf 85' lang='lat' dir='ltr'><strong>foraretur;</strong></span> <span class='ocrx_word' id='word_1_624' title='bbox 415 4521 477 4564; x_wconf 88' lang='lat' dir='ltr'><strong>oum</strong></span> <span class='ocrx_word' id='word_1_625' title='bbox 499 4504 659 4564; x_wconf 87' lang='lat' dir='ltr'><strong>foderentur</strong></span> <span class='ocrx_word' id='word_1_626' title='bbox 672 4523 770 4564; x_wconf 88' lang='lat' dir='ltr'><strong>manus</strong></span> <span class='ocrx_word' id='word_1_627' title='bbox 797 4508 857 4578; x_wconf 88' lang='lat' dir='ltr'><strong>ejus</strong></span> <span class='ocrx_word' id='word_1_628' title='bbox 879 4516 907 4564; x_wconf 90' lang='lat' dir='ltr'><strong>et</strong></span> <span class='ocrx_word' id='word_1_629' title='bbox 961 4528 1030 4567; x_wconf 87' lang='lat' dir='ltr'><strong>nens</strong></span> <span class='ocrx_word' id='word_1_630' title='bbox 1045 4527 1105 4567; x_wconf 89' lang='lat' dir='ltr'><strong>cam</strong></span> <span class='ocrx_word' id='word_1_631' title='bbox 1119 4509 1200 4566; x_wconf 89' lang='lat' dir='ltr'><strong>etiam</strong></span> <span class='ocrx_word' id='word_1_632' title='bbox 1214 4524 1265 4582; x_wconf 90' lang='lat' dir='ltr'><strong>pro</strong></span> <span class='ocrx_word' id='word_1_633' title='bbox 1278 4509 1480 4567; x_wconf 86' lang='lat' dir='ltr'><strong>inimicis.Cum</strong></span> <span class='ocrx_word' id='word_1_634' title='bbox 1495 4511 1569 4568; x_wconf 88' lang='lat' dir='ltr'><strong>enim</strong></span> <span class='ocrx_word' id='word_1_635' title='bbox 1592 4512 1681 4568; x_wconf 89' lang='lat' dir='ltr'><strong>adhuc</strong></span> <span class='ocrx_word' id='word_1_636' title='bbox 1703 4512 1759 4567; x_wconf 89' lang='lat' dir='ltr'><strong>iui-</strong></span> 
     </span>
     <span class='ocr_line' id='line_1_63' title="bbox 102 4590 1759 4670; baseline 0.005 -25"><span class='ocrx_word' id='word_1_637' title='bbox 102 4590 205 4662; x_wconf 86' lang='lat' dir='ltr'><strong>pcdes:</strong></span> <span class='ocrx_word' id='word_1_638' title='bbox 222 4590 291 4648; x_wconf 80' lang='lat' dir='ltr'><strong>siem</strong></span> <span class='ocrx_word' id='word_1_639' title='bbox 304 4609 393 4669; x_wconf 86' lang='lat' dir='ltr'><strong>agnus</strong></span> <span class='ocrx_word' id='word_1_640' title='bbox 409 4594 444 4652; x_wconf 86' lang='lat' dir='ltr'><strong>ad</strong></span> <span class='ocrx_word' id='word_1_641' title='bbox 457 4594 620 4652; x_wconf 88' lang='lat' dir='ltr'><strong>occisionem</strong></span> <span class='ocrx_word' id='word_1_642' title='bbox 637 4597 734 4654; x_wconf 86' lang='lat' dir='ltr'><strong>duatus</strong></span> <span class='ocrx_word' id='word_1_643' title='bbox 747 4598 792 4669; x_wconf 94' lang='lat' dir='ltr'><strong>sit,</strong></span> <span class='ocrx_word' id='word_1_644' title='bbox 807 4605 836 4654; x_wconf 88' lang='lat' dir='ltr'><strong>ct</strong></span> <span class='ocrx_word' id='word_1_645' title='bbox 849 4606 907 4653; x_wconf 89' lang='lat' dir='ltr'><strong>tan·</strong></span> <span class='ocrx_word' id='word_1_646' title='bbox 963 4599 1024 4654; x_wconf 90' lang='lat' dir='ltr'><strong>mici</strong></span> <span class='ocrx_word' id='word_1_647' title='bbox 1039 4614 1171 4664; x_wconf 84' lang='lat' dir='ltr'><strong>essemus,</strong></span> <span class='ocrx_word' id='word_1_648' title='bbox 1187 4613 1236 4670; x_wconf 92' lang='lat' dir='ltr'><strong>per</strong></span> <span class='ocrx_word' id='word_1_649' title='bbox 1251 4604 1366 4653; x_wconf 89' lang='lat' dir='ltr'><strong>mortem</strong></span> <span class='ocrx_word' id='word_1_650' title='bbox 1380 4607 1452 4656; x_wconf 90' lang='lat' dir='ltr'><strong>tuam</strong></span> <span class='ocrx_word' id='word_1_651' title='bbox 1473 4608 1500 4657; x_wconf 89' lang='lat' dir='ltr'><strong>et</strong></span> <span class='ocrx_word' id='word_1_652' title='bbox 1524 4600 1572 4661; x_wconf 89' lang='lat' dir='ltr'><strong>tibi</strong></span> <span class='ocrx_word' id='word_1_653' title='bbox 1595 4597 1759 4658; x_wconf 88' lang='lat' dir='ltr'><strong>reconciliati</strong></span> 
     </span>
    </p>
   </div>
   <div class='ocr_carea' id='block_1_7' title="bbox 101 4680 1760 4940">
    <p class='ocr_par' dir='ltr' id='par_1_9' title="bbox 101 4680 1760 4940">
     <span class='ocr_line' id='line_1_64' title="bbox 101 4680 1757 4762; baseline 0.004 -25"><span class='ocrx_word' id='word_1_654' title='bbox 101 4695 182 4754; x_wconf 84' lang='lat' dir='ltr'><strong>quam</strong></span> <span class='ocrx_word' id='word_1_655' title='bbox 195 4680 254 4738; x_wconf 85' lang='lat' dir='ltr'><strong>oris</strong></span> <span class='ocrx_word' id='word_1_656' title='bbox 267 4697 360 4739; x_wconf 83' lang='lat' dir='ltr'><strong>ceram</strong></span> <span class='ocrx_word' id='word_1_657' title='bbox 378 4683 526 4754; x_wconf 88' lang='lat' dir='ltr'><strong>tondente,</strong></span> <span class='ocrx_word' id='word_1_658' title='bbox 538 4701 592 4742; x_wconf 90' lang='lat' dir='ltr'><strong>nou</strong></span> <span class='ocrx_word' id='word_1_659' title='bbox 606 4687 744 4758; x_wconf 87' lang='lat' dir='ltr'><strong>aperuerit</strong></span> <span class='ocrx_word' id='word_1_660' title='bbox 758 4703 789 4744; x_wconf 91' lang='lat' dir='ltr'><strong>os</strong></span> <span class='ocrx_word' id='word_1_661' title='bbox 811 4703 905 4755; x_wconf 74' lang='lat' dir='ltr'><strong>suum,</strong></span> <span class='ocrx_word' id='word_1_662' title='bbox 965 4705 1066 4753; x_wconf 91' lang='lat' dir='ltr'><strong>sumus,</strong></span> <span class='ocrx_word' id='word_1_663' title='bbox 1083 4695 1111 4744; x_wconf 91' lang='lat' dir='ltr'><strong>et</strong></span> <span class='ocrx_word' id='word_1_664' title='bbox 1125 4687 1205 4744; x_wconf 89' lang='lat' dir='ltr'><strong>Patri.</strong></span> <span class='ocrx_word' id='word_1_665' title='bbox 1220 4685 1349 4756; x_wconf 78' lang='lat' dir='ltr'><strong>Quanam</strong></span> <span class='ocrx_word' id='word_1_666' title='bbox 1364 4704 1431 4762; x_wconf 90' lang='lat' dir='ltr'><strong>crgo</strong></span> <span class='ocrx_word' id='word_1_667' title='bbox 1454 4689 1507 4746; x_wconf 88' lang='lat' dir='ltr'><strong>aha</strong></span> <span class='ocrx_word' id='word_1_668' title='bbox 1530 4689 1664 4748; x_wconf 84' lang='lat' dir='ltr'><strong>videbitur</strong></span> <span class='ocrx_word' id='word_1_669' title='bbox 1685 4704 1757 4756; x_wconf 91' lang='lat' dir='ltr'><strong>esse,</strong></span> 
     </span>
     <span class='ocr_line' id='line_1_65' title="bbox 101 4769 1760 4850; baseline 0.005 -27"><span class='ocrx_word' id='word_1_670' title='bbox 101 4782 156 4824; x_wconf 86' lang='lat' dir='ltr'><strong>non</strong></span> <span class='ocrx_word' id='word_1_671' title='bbox 182 4769 313 4828; x_wconf 83' lang='lat' dir='ltr'><strong>adversus</strong></span> <span class='ocrx_word' id='word_1_672' title='bbox 338 4771 445 4831; x_wconf 85' lang='lat' dir='ltr'><strong>Patrem</strong></span> <span class='ocrx_word' id='word_1_673' title='bbox 477 4790 658 4843; x_wconf 89' lang='lat' dir='ltr'><strong>murmurans,</strong></span> <span class='ocrx_word' id='word_1_674' title='bbox 688 4792 704 4832; x_wconf 89' lang='lat' dir='ltr'><strong>a</strong></span> <span class='ocrx_word' id='word_1_675' title='bbox 732 4793 786 4849; x_wconf 92' lang='lat' dir='ltr'><strong>quo</strong></span> <span class='ocrx_word' id='word_1_676' title='bbox 809 4776 906 4832; x_wconf 88' lang='lat' dir='ltr'><strong>missus</strong></span> <span class='ocrx_word' id='word_1_677' title='bbox 960 4777 1003 4835; x_wconf 84' lang='lat' dir='ltr'><strong>uel</strong></span> <span class='ocrx_word' id='word_1_678' title='bbox 1037 4777 1129 4844; x_wconf 90' lang='lat' dir='ltr'><strong>fuisse,</strong></span> <span class='ocrx_word' id='word_1_679' title='bbox 1155 4776 1197 4832; x_wconf 88' lang='lat' dir='ltr'><strong>vel</strong></span> <span class='ocrx_word' id='word_1_680' title='bbox 1213 4775 1270 4833; x_wconf 88' lang='lat' dir='ltr'><strong>fora</strong></span> <span class='ocrx_word' id='word_1_681' title='bbox 1285 4777 1348 4834; x_wconf 92' lang='lat' dir='ltr'><strong>huic</strong></span> <span class='ocrx_word' id='word_1_682' title='bbox 1362 4778 1458 4834; x_wconf 90' lang='lat' dir='ltr'><strong>similis</strong></span> <span class='ocrx_word' id='word_1_683' title='bbox 1484 4779 1632 4835; x_wconf 80' lang='lat' dir='ltr'><strong>charitati?</strong></span> <span class='ocrx_word' id='word_1_684' title='bbox 1646 4777 1694 4833; x_wconf 83' lang='lat' dir='ltr'><strong>Vix</strong></span> <span class='ocrx_word' id='word_1_685' title='bbox 1708 4793 1760 4850; x_wconf 85' lang='lat' dir='ltr'><strong>pro</strong></span> 
     </span>
     <span class='ocr_line' id='line_1_66' title="bbox 102 4852 1760 4940; baseline 0.009 -32"><span class='ocrx_word' id='word_1_686' title='bbox 102 4853 204 4924; x_wconf 86' lang='lat' dir='ltr'><strong>fucrat;</strong></span> <span class='ocrx_word' id='word_1_687' title='bbox 218 4852 273 4913; x_wconf 86' lang='lat' dir='ltr'><strong>uou</strong></span> <span class='ocrx_word' id='word_1_688' title='bbox 288 4859 420 4916; x_wconf 83' lang='lat' dir='ltr'><strong>adversus</strong></span> <span class='ocrx_word' id='word_1_689' title='bbox 437 4861 585 4917; x_wconf 86' lang='lat' dir='ltr'><strong>humanum</strong></span> <span class='ocrx_word' id='word_1_690' title='bbox 598 4870 696 4934; x_wconf 78' lang='lat' dir='ltr'><strong>genus,</strong></span> <span class='ocrx_word' id='word_1_691' title='bbox 713 4878 763 4935; x_wconf 88' lang='lat' dir='ltr'><strong>pro</strong></span> <span class='ocrx_word' id='word_1_692' title='bbox 776 4880 830 4936; x_wconf 90' lang='lat' dir='ltr'><strong>quo</strong></span> <span class='ocrx_word' id='word_1_693' title='bbox 845 4880 905 4938; x_wconf 85' lang='lat' dir='ltr'><strong>quaa</strong></span> <span class='ocrx_word' id='word_1_694' title='bbox 959 4867 1032 4935; x_wconf 84' lang='lat' dir='ltr'><strong>justo</strong></span> <span class='ocrx_word' id='word_1_695' title='bbox 1056 4865 1116 4936; x_wconf 84' lang='lat' dir='ltr'><strong>qais</strong></span> <span class='ocrx_word' id='word_1_696' title='bbox 1131 4865 1262 4922; x_wconf 71' lang='lat' dir='ltr'><strong>uruntur:</strong></span> <span class='ocrx_word' id='word_1_697' title='bbox 1287 4875 1315 4924; x_wconf 91' lang='lat' dir='ltr'><strong>tu</strong></span> <span class='ocrx_word' id='word_1_698' title='bbox 1337 4884 1386 4939; x_wconf 90' lang='lat' dir='ltr'><strong>pro</strong></span> <span class='ocrx_word' id='word_1_699' title='bbox 1409 4868 1516 4938; x_wconf 86' lang='lat' dir='ltr'><strong>injustis</strong></span> <span class='ocrx_word' id='word_1_700' title='bbox 1528 4883 1624 4940; x_wconf 88' lang='lat' dir='ltr'><strong>passus</strong></span> <span class='ocrx_word' id='word_1_701' title='bbox 1638 4883 1679 4937; x_wconf 89' lang='lat' dir='ltr'><strong>es,</strong></span> <span class='ocrx_word' id='word_1_702' title='bbox 1701 4882 1760 4923; x_wconf 90' lang='lat' dir='ltr'><strong>mn-</strong></span> 
     </span>
    </p>
   </div>
   <div class='ocr_carea' id='block_1_8' title="bbox 101 4947 1762 5474">
    <p class='ocr_par' dir='ltr' id='par_1_10' title="bbox 101 4947 1762 5474">
     <span class='ocr_line' id='line_1_67' title="bbox 103 4947 1759 5029; baseline 0.007 -31"><span class='ocrx_word' id='word_1_703' title='bbox 103 4957 157 4999; x_wconf 91' lang='lat' dir='ltr'><strong>uou</strong></span> <span class='ocrx_word' id='word_1_704' title='bbox 171 4947 261 5017; x_wconf 90' lang='lat' dir='ltr'><strong>rapuit</strong></span> <span class='ocrx_word' id='word_1_705' title='bbox 275 4949 448 5017; x_wconf 65' lang='lat' dir='ltr'><strong>exsolvebam</strong></span> <span class='ocrx_word' id='word_1_706' title='bbox 463 4965 519 5005; x_wconf 90' lang='lat' dir='ltr'><strong>nou</strong></span> <span class='ocrx_word' id='word_1_707' title='bbox 536 4950 655 5023; x_wconf 90' lang='lat' dir='ltr'><strong>denique</strong></span> <span class='ocrx_word' id='word_1_708' title='bbox 668 4953 711 5008; x_wconf 87' lang='lat' dir='ltr'><strong>vel</strong></span> <span class='ocrx_word' id='word_1_709' title='bbox 734 4960 829 5010; x_wconf 90' lang='lat' dir='ltr'><strong>contra</strong></span> <span class='ocrx_word' id='word_1_710' title='bbox 852 4968 904 5026; x_wconf 93' lang='lat' dir='ltr'><strong>po·</strong></span> <span class='ocrx_word' id='word_1_711' title='bbox 962 4955 1034 5010; x_wconf 91' lang='lat' dir='ltr'><strong>riens</strong></span> <span class='ocrx_word' id='word_1_712' title='bbox 1053 4960 1166 5026; x_wconf 91' lang='lat' dir='ltr'><strong>propter</strong></span> <span class='ocrx_word' id='word_1_713' title='bbox 1180 4953 1278 5011; x_wconf 88' lang='lat' dir='ltr'><strong>delicta</strong></span> <span class='ocrx_word' id='word_1_714' title='bbox 1300 4965 1402 5024; x_wconf 90' lang='lat' dir='ltr'><strong>nostra,</strong></span> <span class='ocrx_word' id='word_1_715' title='bbox 1428 4958 1473 5029; x_wconf 91' lang='lat' dir='ltr'><strong>qai</strong></span> <span class='ocrx_word' id='word_1_716' title='bbox 1491 4957 1589 5014; x_wconf 83' lang='lat' dir='ltr'><strong>venisti</strong></span> <span class='ocrx_word' id='word_1_717' title='bbox 1611 4955 1759 5026; x_wconf 79' lang='lat' dir='ltr'><strong>justificare</strong></span> 
     </span>
     <span class='ocr_line' id='line_1_68' title="bbox 102 5031 1760 5117; baseline 0.007 -30"><span class='ocrx_word' id='word_1_718' title='bbox 102 5031 195 5104; x_wconf 91' lang='lat' dir='ltr'><strong>pulum</strong></span> <span class='ocrx_word' id='word_1_719' title='bbox 214 5033 302 5105; x_wconf 91' lang='lat' dir='ltr'><strong>ipsum</strong></span> <span class='ocrx_word' id='word_1_720' title='bbox 325 5036 491 5108; x_wconf 90' lang='lat' dir='ltr'><strong>peculiarem</strong></span> <span class='ocrx_word' id='word_1_721' title='bbox 505 5037 565 5106; x_wconf 89' lang='lat' dir='ltr'><strong>sibi,</strong></span> <span class='ocrx_word' id='word_1_722' title='bbox 582 5055 662 5112; x_wconf 89' lang='lat' dir='ltr'><strong>aquo</strong></span> <span class='ocrx_word' id='word_1_723' title='bbox 676 5056 725 5112; x_wconf 88' lang='lat' dir='ltr'><strong>pro</strong></span> <span class='ocrx_word' id='word_1_724' title='bbox 751 5042 832 5097; x_wconf 90' lang='lat' dir='ltr'><strong>tantis</strong></span> <span class='ocrx_word' id='word_1_725' title='bbox 854 5042 903 5097; x_wconf 92' lang='lat' dir='ltr'><strong>be·</strong></span> <span class='ocrx_word' id='word_1_726' title='bbox 961 5044 1046 5116; x_wconf 88' lang='lat' dir='ltr'><strong>gratis</strong></span> <span class='ocrx_word' id='word_1_727' title='bbox 1071 5051 1241 5116; x_wconf 87' lang='lat' dir='ltr'><strong>peccatores,</strong></span> <span class='ocrx_word' id='word_1_728' title='bbox 1268 5059 1362 5102; x_wconf 81' lang='lat' dir='ltr'><strong>servos</strong></span> <span class='ocrx_word' id='word_1_729' title='bbox 1385 5044 1474 5101; x_wconf 88' lang='lat' dir='ltr'><strong>facere</strong></span> <span class='ocrx_word' id='word_1_730' title='bbox 1501 5043 1608 5114; x_wconf 89' lang='lat' dir='ltr'><strong>fratres,</strong></span> <span class='ocrx_word' id='word_1_731' title='bbox 1638 5044 1760 5117; x_wconf 86' lang='lat' dir='ltr'><strong>captivos</strong></span> 
     </span>
     <span class='ocr_line' id='line_1_69' title="bbox 101 5120 1759 5205; baseline 0.007 -28"><span class='ocrx_word' id='word_1_732' title='bbox 101 5120 206 5177; x_wconf 86' lang='lat' dir='ltr'><strong>ueficiis</strong></span> <span class='ocrx_word' id='word_1_733' title='bbox 221 5128 295 5178; x_wconf 89' lang='lat' dir='ltr'><strong>tauta</strong></span> <span class='ocrx_word' id='word_1_734' title='bbox 310 5124 385 5182; x_wconf 91' lang='lat' dir='ltr'><strong>mala</strong></span> <span class='ocrx_word' id='word_1_735' title='bbox 399 5124 558 5199; x_wconf 89' lang='lat' dir='ltr'><strong>recipiebat.</strong></span> <span class='ocrx_word' id='word_1_736' title='bbox 575 5128 730 5187; x_wconf 87' lang='lat' dir='ltr'><strong>Plectuutur</strong></span> <span class='ocrx_word' id='word_1_737' title='bbox 749 5130 831 5203; x_wconf 84' lang='lat' dir='ltr'><strong>aliqui</strong></span> <span class='ocrx_word' id='word_1_738' title='bbox 855 5146 905 5202; x_wconf 91' lang='lat' dir='ltr'><strong>pro</strong></span> <span class='ocrx_word' id='word_1_739' title='bbox 966 5133 1133 5199; x_wconf 85' lang='lat' dir='ltr'><strong>cohaeredes,</strong></span> <span class='ocrx_word' id='word_1_740' title='bbox 1150 5132 1257 5188; x_wconf 88' lang='lat' dir='ltr'><strong>exsules</strong></span> <span class='ocrx_word' id='word_1_741' title='bbox 1280 5148 1370 5205; x_wconf 86' lang='lat' dir='ltr'><strong>reges.</strong></span> <span class='ocrx_word' id='word_1_742' title='bbox 1403 5132 1540 5190; x_wconf 82' lang='lat' dir='ltr'><strong>Nessana</strong></span> <span class='ocrx_word' id='word_1_743' title='bbox 1564 5134 1636 5191; x_wconf 91' lang='lat' dir='ltr'><strong>aliud</strong></span> <span class='ocrx_word' id='word_1_744' title='bbox 1658 5132 1759 5205; x_wconf 85' lang='lat' dir='ltr'><strong>aliquid</strong></span> 
     </span>
     <span class='ocr_line' id='line_1_70' title="bbox 101 5210 1758 5295; baseline 0.007 -30"><span class='ocrx_word' id='word_1_745' title='bbox 101 5210 222 5282; x_wconf 87' lang='lat' dir='ltr'><strong>peccatis</strong></span> <span class='ocrx_word' id='word_1_746' title='bbox 250 5211 317 5280; x_wconf 71' lang='lat' dir='ltr'><strong>suia,</strong></span> <span class='ocrx_word' id='word_1_747' title='bbox 338 5220 366 5268; x_wconf 92' lang='lat' dir='ltr'><strong>et</strong></span> <span class='ocrx_word' id='word_1_748' title='bbox 405 5215 543 5272; x_wconf 89' lang='lat' dir='ltr'><strong>humiliter</strong></span> <span class='ocrx_word' id='word_1_749' title='bbox 570 5218 723 5275; x_wconf 87' lang='lat' dir='ltr'><strong>sustinent:</strong></span> <span class='ocrx_word' id='word_1_750' title='bbox 743 5221 795 5275; x_wconf 88' lang='lat' dir='ltr'><strong>hoc</strong></span> <span class='ocrx_word' id='word_1_751' title='bbox 817 5220 904 5291; x_wconf 89' lang='lat' dir='ltr'><strong>ipsum</strong></span> <span class='ocrx_word' id='word_1_752' title='bbox 967 5221 1123 5292; x_wconf 87' lang='lat' dir='ltr'><strong>patientiam</strong></span> <span class='ocrx_word' id='word_1_753' title='bbox 1154 5222 1224 5276; x_wconf 90' lang='lat' dir='ltr'><strong>hanc</strong></span> <span class='ocrx_word' id='word_1_754' title='bbox 1245 5228 1273 5275; x_wconf 91' lang='lat' dir='ltr'><strong>et</strong></span> <span class='ocrx_word' id='word_1_755' title='bbox 1313 5219 1489 5277; x_wconf 90' lang='lat' dir='ltr'><strong>humilitatem</strong></span> <span class='ocrx_word' id='word_1_756' title='bbox 1522 5240 1600 5295; x_wconf 88' lang='lat' dir='ltr'><strong>aeque</strong></span> <span class='ocrx_word' id='word_1_757' title='bbox 1632 5222 1758 5289; x_wconf 88' lang='lat' dir='ltr'><strong>illustrat,</strong></span> 
     </span>
     <span class='ocr_line' id='line_1_71' title="bbox 102 5298 1760 5382; baseline 0.007 -29"><span class='ocrx_word' id='word_1_758' title='bbox 102 5305 194 5356; x_wconf 87' lang='lat' dir='ltr'><strong>tamon</strong></span> <span class='ocrx_word' id='word_1_759' title='bbox 210 5299 251 5357; x_wconf 89' lang='lat' dir='ltr'><strong>eis</strong></span> <span class='ocrx_word' id='word_1_760' title='bbox 264 5298 298 5354; x_wconf 90' lang='lat' dir='ltr'><strong>ad</strong></span> <span class='ocrx_word' id='word_1_761' title='bbox 314 5301 471 5373; x_wconf 87' lang='lat' dir='ltr'><strong>patientiam</strong></span> <span class='ocrx_word' id='word_1_762' title='bbox 486 5312 636 5379; x_wconf 88' lang='lat' dir='ltr'><strong>reputatur.</strong></span> <span class='ocrx_word' id='word_1_763' title='bbox 652 5307 834 5382; x_wconf 76' lang='lat' dir='ltr'><strong>Flagellantur</strong></span> <span class='ocrx_word' id='word_1_764' title='bbox 849 5307 903 5376; x_wconf 90' lang='lat' dir='ltr'><strong>alii,</strong></span> <span class='ocrx_word' id='word_1_765' title='bbox 962 5327 1043 5382; x_wconf 90' lang='lat' dir='ltr'><strong>quam</strong></span> <span class='ocrx_word' id='word_1_766' title='bbox 1058 5310 1131 5381; x_wconf 85' lang='lat' dir='ltr'><strong>quod</strong></span> <span class='ocrx_word' id='word_1_767' title='bbox 1146 5308 1254 5365; x_wconf 92' lang='lat' dir='ltr'><strong>tradidit</strong></span> <span class='ocrx_word' id='word_1_768' title='bbox 1274 5308 1301 5363; x_wconf 91' lang='lat' dir='ltr'><strong>iu</strong></span> <span class='ocrx_word' id='word_1_769' title='bbox 1328 5317 1443 5366; x_wconf 90' lang='lat' dir='ltr'><strong>mortem</strong></span> <span class='ocrx_word' id='word_1_770' title='bbox 1469 5313 1585 5367; x_wconf 89' lang='lat' dir='ltr'><strong>animam</strong></span> <span class='ocrx_word' id='word_1_771' title='bbox 1612 5327 1698 5378; x_wconf 88' lang='lat' dir='ltr'><strong>suam,</strong></span> <span class='ocrx_word' id='word_1_772' title='bbox 1731 5320 1760 5365; x_wconf 87' lang='lat' dir='ltr'><strong>et</strong></span> 
     </span>
     <span class='ocr_line' id='line_1_72' title="bbox 102 5389 1762 5474; baseline 0.005 -30"><span class='ocrx_word' id='word_1_773' title='bbox 102 5400 160 5446; x_wconf 82' lang='lat' dir='ltr'><strong>uuo</strong></span> <span class='ocrx_word' id='word_1_774' title='bbox 176 5396 229 5444; x_wconf 83' lang='grc' dir='ltr'>ιιιιι</span> <span class='ocrx_word' id='word_1_775' title='bbox 254 5389 398 5463; x_wconf 87' lang='lat' dir='ltr'><strong>purgandi,</strong></span> <span class='ocrx_word' id='word_1_776' title='bbox 414 5407 496 5465; x_wconf 89' lang='lat' dir='ltr'><strong>quam</strong></span> <span class='ocrx_word' id='word_1_777' title='bbox 518 5394 661 5465; x_wconf 88' lang='lat' dir='ltr'><strong>probandi,</strong></span> <span class='ocrx_word' id='word_1_778' title='bbox 686 5397 902 5469; x_wconf 65' lang='lat' dir='ltr'><strong>coronandique13</strong></span> <span class='ocrx_word' id='word_1_779' title='bbox 957 5406 1070 5471; x_wconf 86' lang='lat' dir='ltr'><strong>peccata</strong></span> <span class='ocrx_word' id='word_1_780' title='bbox 1084 5396 1228 5455; x_wconf 85' lang='lat' dir='ltr'><strong>multorum</strong></span> <span class='ocrx_word' id='word_1_781' title='bbox 1252 5396 1322 5466; x_wconf 88' lang='lat' dir='ltr'><strong>tulit,</strong></span> <span class='ocrx_word' id='word_1_782' title='bbox 1336 5398 1417 5455; x_wconf 85' lang='lat' dir='ltr'><strong>etiam</strong></span> <span class='ocrx_word' id='word_1_783' title='bbox 1440 5417 1489 5473; x_wconf 91' lang='lat' dir='ltr'><strong>pro</strong></span> <span class='ocrx_word' id='word_1_784' title='bbox 1512 5400 1762 5474; x_wconf 79' lang='lat' dir='ltr'><strong>transgressoribus</strong></span> 
     </span>
    </p>
   </div>
   <div class='ocr_carea' id='block_1_9' title="bbox 0 0 1872 5948">
    <p class='ocr_par' dir='ltr' id='par_1_11' title="bbox 0 0 1872 5948">
     <span class='ocr_line' id='line_1_73' title="bbox 0 0 1872 5948; baseline 0 0"><span class='ocrx_word' id='word_1_785' title='bbox 0 0 1872 5948; x_wconf 95' lang='lat' dir='ltr'><strong> </strong></span> 
     </span>
    </p>
   </div>
  </div>
 </body>
</html>
