3734 5948
108 215 161 277 475
195 221 197 227 '
573 210 601 272 S.
616 208 937 272 maisaullamis
955 212 1272 277 clementibus
1705 216 1758 280 lte

106 341 236 402 uitatem
255 337 489 408 ramesejam
504 336 698 394 timeatdcnuo
722 352 751 393 sc
767 337 795 393 in
809 336 904 410 pulve·
919 354 944 435 Α
960 350 987 397 et
1000 338 1172 398 celebritatis.
1202 343 1297 414 Neque
1310 341 1383 399 enim
1410 351 1537 418 tanquam
1561 343 1760 417 triurnphantes

107 446 164 488 rem
182 430 365 503 redigendam.
384 428 541 498 Resurgcns
567 426 638 482 enim
659 441 758 498 corpus
781 435 905 484 nostrum
963 429 1092 487 honorari
1121 445 1201 501 posse
1227 429 1362 501 videntur,
1382 431 1429 504 qui
1456 448 1594 505 nunquam
1623 449 1760 506 pugnasse

104 521 230 594 jamnon
249 518 378 586 moritur,
394 533 469 574 mors
482 515 522 572 illi
535 516 604 572 ultra
629 532 686 572 non
713 515 907 573 dominabitur.
964 529 1122 577 noscuntur.
1138 519 1226 576 Aliter
1238 527 1326 576 tamen
1345 521 1496 577 honorandi
1507 530 1570 577 sunt
1583 520 1665 578 nimis
1678 522 1759 579 etiam

108 609 162 666 Sed
177 607 242 680 quid
258 607 389 678 proderit,
405 607 428 662 si
442 606 510 662 forte
524 606 662 677 contingat
678 604 707 660 in
721 612 853 662 aeternum
866 606 906 664 vi·
964 608 1027 680 ipsi,
1040 619 1167 683 tauquam
1177 609 1258 666 amici
1270 609 1318 676 tui,
1332 610 1415 679 Deus,
1434 610 1515 680 cuias
1523 610 1651 668 nimirum
1662 614 1760 669 volan·

108 715 174 756 vere
188 697 216 753 in
239 696 358 753 miseriis
372 704 398 754 et
408 695 536 753 aerumnis
551 694 737 767 passibilitatis
750 695 842 766 buJ‘us,
855 712 907 769 qua
964 700 1009 755 tati
1029 716 1138 772 semper
1165 702 1357 766 adheserunt,
1390 707 1464 756 tanta
1496 700 1588 771 utique
1615 700 1758 773 felicitate,

111 788 240 844 nimirum
251 789 420 845 incessanter
437 784 613 856 corruptibile
633 785 685 841 hoc
699 800 799 856 corpus
813 784 910 857 aflligi-
962 797 1060 859 quanta
1073 788 1210 844 facilitate.
1225 788 1285 843 Nisi
1305 788 1374 845 forle
1388 790 1415 845 in
1430 803 1463 845 eo
1478 805 1617 864 pugnasse
1636 791 1759 849 credun-

112 886 175 948 tus;
188 878 252 949 et,si
266 893 321 934 non
330 877 426 944 semel,
435 875 531 948 utique
541 889 649 947 semper
661 874 776 931 moritur
785 876 799 929 l
808 875 910 931 Habeat
963 882 1016 944 tur,
1031 875 1105 949 quod
1119 876 1293 949 peccantibus
1312 877 1371 933 aliis
1380 876 1495 935 viriliter
1504 879 1688 950 perstiterunt,
1705 893 1760 938 non

111 976 185 1026 certe
199 967 279 1025 etiam
294 966 439 1039 aliquando
454 965 638 1022 omnimodam
653 963 908 1035 impassibilitatem.
962 965 1091 1021 abeuntes
1112 965 1139 1021 in
1162 966 1280 1021 concilio
1300 965 1456 1037 impiorum,
1472 967 1520 1023 sed
1535 966 1637 1042 singuli
1659 969 1759 1041 quique

110 1057 153 1115 Ab
164 1056 323 1115 humoribus
340 1055 412 1111 ennn
435 1053 596 1111 inordinatis
609 1069 704 1110 causas
726 1053 909 1126 aiuntproce-
962 1053 1100 1112 dieentes:
1120 1055 1188 1112 llilti
1210 1059 1309 1113 antem
1335 1056 1478 1115 adherere
1505 1059 1558 1115 lieo
1585 1057 1691 1117 bacam
1717 1064 1760 1118 est

19 1180 21 1185 -
109 1147 173 1202 dere
196 1144 362 1219 passionum.
378 1143 432 1200 Sed
449 1145 507 1214 jam
521 1142 772 1212 desiderataorpus
787 1151 909 1200 nostrum
964 1145 1051 1215 (Psoi.
1076 1148 1234 1212 nx111,28).
1258 1145 1427 1202 celebranda
1451 1161 1518 1220 ergo
1547 1147 1575 1202 in
1602 1147 1642 1202 eis
1670 1149 1760 1221 gratia

109 1237 190 1292 etiam
205 1234 352 1304 levitatem,
381 1233 531 1289 secundum
555 1248 614 1288 eam
628 1230 756 1286 nimirum
769 1248 849 1305 qnam
864 1231 910 1287 ba·
962 1232 1132 1304 praeveniens
1156 1233 1182 1287 in
1206 1233 1390 1289 bencdictione
1410 1233 1579 1303 dulcedinis;
1600 1235 1760 1292 honoranda

108 1326 153 1381 bet
167 1340 200 1380 cr
214 1339 278 1380 aere
299 1323 466 1394 portionem,
484 1337 518 1377 ne
544 1321 586 1378 vel
602 1321 662 1391 ipso
675 1334 758 1377 onere
775 1320 809 1375 sit
823 1320 909 1376 mole·
962 1322 1115 1397 benignitas
1138 1321 1199 1389 Dei,
1215 1336 1270 1378 non
1292 1322 1327 1376 sd
1341 1323 1526 1395 paenitentiam
1546 1323 1693 1394 adducens,
1709 1325 1759 1382 scd

108 1422 190 1471 stum.
206 1412 290 1467 Tanta
317 1413 408 1485 itaque
430 1412 520 1467 futura
540 1410 677 1467 credenda
703 1417 744 1464 est
763 1424 909 1483 corporum
963 1410 1108 1478 abducens,
1123 1410 1306 1478 abomnibus,
1318 1412 1585 1485 quibuspoenitentia
1597 1414 1757 1481 deberetur;

103 1489 203 1560 levitas
229 1508 256 1558 ct
270 1500 374 1576 agilitas
388 1502 540 1571 beatorum,
571 1507 600 1556 ιιι
627 1498 742 1572 possint,
767 1498 790 1555 si
811 1499 906 1568 velint,
962 1499 1172 1569 noneripicnsa
1188 1499 1392 1568 tentationa,sed
1405 1500 1758 1560 etentalioueconservans.

107 1592 210 1663 absque
225 1590 297 1648 omni
312 1606 388 1647 mora
402 1606 451 1646 seu
467 1589 624 1646 difficultate
638 1588 724 1660 ipsam
734 1603 845 1660 quoque
857 1603 906 1645 aa·
997 1590 1024 1642 2.
1040 1587 1120 1644 Aliud
1135 1603 1202 1643 sanc
1221 1587 1248 1641 ia
1263 1587 1304 1642 his
1318 1588 1468 1644 sanctitatis
1485 1604 1583 1661 genus,
1598 1598 1626 1647 ct
1648 1590 1761 1662 proprio

107 1681 267 1753 gitationum
280 1687 435 1737 nostrarum
463 1678 539 1752 sequi
555 1677 589 1733 ad
616 1678 708 1734 omnia
726 1676 906 1734 velocitatem.
925 1652 1042 1734 Bmodo
1056 1676 1190 1734 videbitur
1210 1677 1408 1749 honorandum,
1429 1676 1476 1750 qui
1500 1688 1634 1736 venerunt
1647 1696 1680 1738 ex
1695 1697 1758 1736 rna·

106 1769 178 1840 Quid
190 1769 338 1825 ultrsdeest
348 1767 383 1824 ad
403 1767 550 1841 perfactam
562 1767 684 1838 eorporis
693 1765 907 1824 beatitudinem?
961 1781 1016 1839 gna
1026 1764 1209 1832 tribulatione,
1224 1773 1250 1821 el
1263 1766 1454 1824 dealbaverunt
1474 1769 1559 1825 stolas
1571 1784 1634 1826 suas
1647 1767 1675 1824 in
1693 1785 1760 1825 san·

108 1859 171 1916 Sola
185 1859 277 1932 ntique
296 1857 481 1931 pulchritudo.
496 1857 571 1913 Hauc
593 1856 819 1930 perfectissimam
832 1857 908 1912 habi·
961 1855 1044 1928 gulae
1058 1852 1174 1913 toea
1184 1853 1257 1928 ligni
1267 1857 1360 1928 (Apoc.
1371 1872 1421 1924 vu,
1440 1858 1503 1929 ll):
1520 1857 1566 1930 qui
1581 1867 1644 1929 post
1656 1859 1760 1917 multos

35 1946 46 1955 “
109 1950 173 2016 turi,
189 1964 244 2003 non
267 1946 401 2004 immerito
418 1962 571 2020 possumus
597 1946 744 2002 attribuere
769 1945 795 2002 ei
822 1945 906 2017 parti,
961 1960 1064 2016 agones
1074 1944 1132 2014 jam
1146 1959 1218 2000 nunc
1232 1943 1399 2018 triumphant
1414 1947 1441 2001 in
1454 1947 1532 2004 coelis
1545 1949 1677 2019 coronati,
1692 1964 1761 2021 quo·

107 2053 188 2111 quam
198 2039 328 2095 habemus
342 2039 376 2093 ab
390 2036 460 2107 igne.
473 2037 649 2095 saluatorem
669 2036 747 2094 caim
760 2040 907 2109 exspecta·

107 2144 181 2195 sans,
191 2136 221 2185 ut
229 2127 429 2199 aitllpnstolus,
441 2127 490 2199 qai
499 2124 666 2197 reformabit
673 2141 775 2197 corpas
790 2125 907 2183 bamili-

109 2219 179 2274 lotis
192 2222 310 2289 nostrae,
326 2218 538 2289 configuratam
560 2217 672 2287 corpori
686 2215 829 2271 claritatis
849 2231 908 2271 sare

107 2307 251 2380 (Philipp.
267 2322 307 2373 ιιι,
323 2309 369 2376 20,
392 2305 448 2376 ιι),
464 2303 596 2362 exhibens
611 2303 684 2376 quod
700 2303 837 2374 pollicitus
856 2311 906 2372 est,

108 2396 556 2469 quoniamfulqebootjasiiaicae
566 2394 608 2450 sol
622 2395 654 2449 ira
664 2410 749 2465 reqao
763 2394 909 2450 Patrisea·

108 2502 174 2542 ram
188 2485 298 2555 (llottlt.
320 2500 385 2541 ιιιιι.
401 2485 456 2554 43).
472 2484 516 2540 Sic
531 2498 596 2556 ergo
607 2482 720 2553 replebit
735 2482 840 2537 animas
860 2496 909 2537 no·

107 2582 180 2630 atras
205 2575 287 2643 Deus,
323 2589 386 2630 aum
422 2571 543 2644 perlecta
569 2571 598 2625 in
625 2570 664 2625 eis
684 2570 796 2626 scientia
815 2570 906 2638 iueril,

108 2663 227 2738 perfecta
244 2662 355 2733 iustitia,
366 2660 485 2732 perfecta
496 2659 598 2715 laelitia.
614 2659 661 2716 Sic
688 2659 835 2731 replebitur
846 2675 908 2715 ma-

106 2754 203 2824 jestate
218 2752 278 2822 ejus
285 2750 372 2807 oannis
386 2758 466 2819 terra,
482 2765 545 2806 curn
559 2748 641 2805 fuerit
661 2764 763 2821 corpus
786 2749 910 2805 incorru-

961 2034 1035 2090 nlam
1049 2033 1171 2105 legitime
1183 2042 1364 2091 certaverunt.
1388 2035 1469 2092 Estne
1488 2036 1577 2094 adbuc
1603 2046 1758 2095 sanatorum

961 2122 1072 2193 aliquod
1097 2122 1205 2178 tertium
1229 2122 1343 2193 genus?
1361 2125 1419 2191 Est,
1439 2125 1487 2181 scd
1509 2124 1674 2184 occcultum.
1690 2127 1761 2184 Sunt

962 2211 1035 2268 enirn
1054 2213 1140 2269 sancti
1168 2213 1216 2286 qui
1247 2213 1333 2268 adhuc
1356 2213 1478 2283 militant,
1504 2216 1592 2272 adbuc
1614 2226 1757 2290 pugnant‚;

962 2308 1075 2357 currunt
1088 2302 1186 2372 adbuc,
1206 2302 1321 2358 necdum
1335 2302 1610 2375 comprehenderunt.
1625 2305 1759 2362 Temera-

961 2390 1003 2446 rie
1021 2390 1133 2447 forsitan
1145 2391 1302 2461 hujusmodi
1321 2390 1414 2448 videar
1435 2392 1527 2449 dicere
1555 2403 1689 2464 sanctas3
1709 2395 1759 2452 sed

963 2488 1049 2536 umen
1065 2479 1129 2535 novi
1144 2494 1226 2535 unum
1248 2497 1281 2535 ex
1296 2481 1337 2535 bis
1351 2496 1405 2536 noa
1427 2481 1541 2537 veritum
1555 2484 1645 2541 dicere
1674 2485 1733 2540 Deo
1750 2502 1757 2541 :

965 2569 1215 2627 decorissimam
1225 2572 1756 2646 meamqomiamranatassamll’sat.

962 2673 1064 2724 ausu,
1078 2659 1117 2730 2).
1134 2657 1179 2714 Sic
1190 2667 1218 2716 et
1231 2659 1390 2730 Apostolus,
1405 2659 1559 2717 divinorum
1572 2662 1698 2719 conscius
1712 2678 1758 2720 se·

961 2753 1106 2814 cretarum,
1119 2746 1311 2804 evidentiusait
1323 2765 1329 2803 :
1342 2749 1454 2805 Scimus
1463 2751 1598 2821 quoniam
1609 2751 1758 2824 diligenti-

109 2842 214 2916 ptibile‚
254 2840 430 2912 impassibile,
454 2838 535 2913 agile,
564 2838 764 2911 configuratum
789 2838 907 2910 denique
960 2835 1010 2892 bas
1019 2837 1213 2894 Deamomnio
1227 2841 1417 2909 cooperantur
1435 2840 1584 2897 imbertum
1600 2839 1641 2896 luis
1655 2843 1760 2912 quise-

108 2932 219 3004 corpori
233 2929 363 2987 claritatis
378 2945 444 2985 suae.
469 2929 503 2985 lit
526 2927 588 2983 vide
603 2944 636 2983 ae
648 2929 718 2984 forte
732 2926 777 2983 isti
792 2926 845 2982 sint
865 2942 908 2983 se·
924 2939 946 3019 ῃ
961 2926 1087 2983 arcadum
1096 2928 1271 2999 propositum
1286 2929 1378 2984 vocati
1391 2933 1459 2985 sant
1474 2930 1567 2985 sancti
1587 2930 1677 3000 (llam⁸
1696 2945 1758 2995 vna,

107 3029 181 3095 ptem
194 3036 288 3094 panes,
307 3006 528 3092 quibusquatnbr
538 3017 679 3073 bominum
693 3016 776 3072 millis
785 3016 907 3073 Salvator
963 3015 1021 3083 ιιι).
1036 3015 1098 3070 Haec
1107 3015 1234 3072 nimirum
1249 3015 1388 3072 diversitas
1402 3016 1590 3090 appellationis
1602 3015 1630 3072 in
1646 3017 1760 3075 nomine

108 3110 209 3183 legitur
231 3110 355 3177 satiasse,
377 3107 507 3180 equibus
534 3108 658 3178 ejusdcm
681 3105 786 3162 numeri
800 3113 907 3177 sportas
963 3104 1122 3171 sanctitatis,
1142 3111 1170 3160 ut
1188 3104 1233 3159 alii
1247 3105 1357 3177 quidem
1377 3107 1433 3177 jam
1457 3107 1607 3165 secundum
1628 3120 1760 3164 eonsum-

109 3198 326 3272 plcnasapostoli
345 3194 702 3254 reservandassustulerunt
727 3195 838 3268 (namt.
858 3211 907 3260 xv,
962 3192 1107 3249 mationem
1129 3194 1216 3249 sancti
1240 3205 1379 3261 secentur,
1402 3193 1447 3252 alii
1463 3195 1542 3264 J'uxta
1560 3195 1644 3251 solam
1667 3195 1759 3252 adbuc

107 3292 153 3355 32,
169 3288 226 3358 38).
241 3285 546 3344 Nuncenimrelicimur
562 3286 679 3356 panibus
698 3285 769 3356 istis,
787 3300 849 3341 cum
866 3286 909 3355 ju·
960 3282 1236 3355 predestinatioaam.
1260 3283 1338 3340 balet
1360 3298 1426 3354 ergo
1449 3283 1605 3354 hujusmodi
1630 3284 1758 3341 sanctitas

107 3377 194 3435 cunda
209 3375 382 3432 meditatione
397 3375 504 3430 beatam
519 3389 595 3447 spem
610 3372 778 3430 ruminamus
794 3391 800 3431 :
818 3373 905 3429 donec
961 3388 1044 3446 penes
1068 3372 1167 3441 Deum;
1194 3374 1285 3429 clausa
1313 3382 1371 3441 est,
1396 3381 1423 3428 et
1442 3373 1533 3430 clause
1554 3374 1757 3446 quodammodo

107 3466 206 3531 veniat,
221 3481 285 3522 enm
296 3465 417 3535 jamnon
432 3465 532 3536 despe‚
548 3462 596 3519 sed
610 3463 644 3518 de
663 3463 763 3535 reipsa
782 3469 810 3518 ct
826 3461 903 3518 euhi-
959 3461 1119 3519 celebratur.
1145 3461 1284 3533 Siquidem
1308 3461 1395 3518 nescit
1415 3463 1516 3529 bomo,
1540 3474 1632 3519 utrum
1652 3478 1755 3530 amore,

108 3555 209 3611 bitionc
223 3555 384 3629 gaudentes,
396 3553 477 3626 qnasi
491 3552 590 3626 planas
603 3558 710 3624 sportas
723 3550 844 3621 recipere
854 3567 904 3624 pro
956 3565 992 3606 an
1007 3551 1070 3606 odio
1082 3550 1183 3622 dignas
1196 3552 1248 3621 sit3
1262 3552 1311 3606 scd
1329 3551 1357 3607 in
1376 3550 1495 3608 futurum
1510 3551 1600 3608 omnia
1614 3567 1757 3609 reservan-

108 3643 223 3718 pauibus
237 3642 355 3717 singulis
371 3657 534 3699 mercamur.
956 3649 1001 3698 tur
1014 3640 1115 3696 incerta
1128 3642 1230 3710 (licclc.
1247 3657 1288 3710 rx,
1305 3644 1331 3708 l,
1347 3640 1385 3712 i).
1402 3641 1442 3698 Slt
1463 3657 1532 3714 ergo
1551 3642 1668 3698 istorum
1682 3642 1756 3698 cele-

424 3729 545 3788 stillato
559 3730 593 3787 V.
955 3730 1044 3788 britas
1056 3736 1210 3788 sanctorum
1221 3731 1249 3787 ia
1261 3730 1343 3788 corde
1353 3732 1401 3789 Dei
1414 3751 1421 3798 ;
1437 3731 1568 3806 quoniam
1578 3730 1757 3788 nuvitDomi·

144 3827 171 3878 i.
185 3822 292 3879 Festive
305 3820 384 3878 nobis
404 3827 446 3878 cst
469 3820 540 3887 dics,
559 3827 587 3876 et
598 3818 670 3875 inter
684 3818 836 3890 praecipuas
855 3834 904 3876 so·
958 3835 1010 3877 nus
1026 3819 1073 3894 qni
1088 3828 1152 3877 sunt
1166 3823 1237 3891 ejus,
1251 3827 1278 3877 at
1296 3821 1353 3893 lpse
1367 3821 1418 3877 scit
1431 3837 1500 3896 quos
1521 3821 1635 3894 elegerit
1648 3836 1665 3877 a
1677 3820 1755 3894 prin·

107 3910 259 3967 lemnitates
289 3909 420 3967 hodierna
454 3909 610 3966 solemnitas
637 3915 806 3966 numeratur.
835 3908 906 3980 Quid
957 3908 1040 3983 cipio.
1057 3909 1098 3966 Sit
1113 3909 1195 3966 etlam
1211 3910 1281 3980 apud
1300 3909 1543 3967 administratorios
1556 3910 1619 3968 illos
1634 3910 1755 3983 spiritus,

107 4016 174 4074 crgo
185 3997 321 4056 dicimus?
338 3999 417 4069 cujus
430 3995 555 4070 apostoli,
570 3999 648 4068 cnjus
664 3997 801 4070 martyris,
824 3998 905 4068 cuius
959 4000 1007 4073 qul
1021 4000 1164 4056 mittuntur
1178 3999 1205 4054 in
1225 3999 1401 4057 ministerium
1415 4009 1524 4073 propter
1537 4015 1584 4056 eos
1598 4000 1646 4072 qui
1663 4001 1755 4058 baere-

106 4087 211 4146 ssnctil
225 4090 287 4146 Nan
314 4088 397 4145 unius
412 4087 527 4157 alieuius
547 4087 723 4158 singulariter
736 4087 786 4145 scd
802 4087 902 4160 pariter
960 4089 1073 4145 ditatam
1096 4089 1203 4162 capient
1223 4089 1316 4145 salutis
1338 4108 1345 4145 :
1367 4105 1417 4145 nos
1440 4091 1469 4146 in
1491 4091 1546 4148 vita
1565 4107 1613 4146 sua
1642 4091 1756 4149 laudare

107 4179 306 4237 universorum.
324 4178 426 4236 Omnes
446 4177 579 4249 siquidem
593 4176 718 4233 novimus
737 4176 905 4234 festivitatem
959 4176 1097 4234 hominem
1131 4177 1315 4251 prohibemur.
1343 4176 1487 4246 Quomodo
1512 4193 1630 4251 namque
1656 4194 1757 4236 secura

107 4269 234 4326 Omnium
249 4268 405 4326 Sanctorem
418 4267 482 4337 dici,
498 4277 525 4322 et
543 4282 615 4334 esec,
637 4282 718 4339 quam
733 4267 813 4323 bodie
827 4266 904 4323 celc-
921 4246 945 4328 Β
958 4266 1085 4334 laudatio,
1102 4266 1146 4320 ubi
1158 4283 1208 4323 nec
1221 4268 1282 4339 ipsa
1297 4268 1351 4324 uita
1370 4270 1488 4326 scauraf
1501 4268 1561 4327 Noas
1570 4269 1756 4326 coronabitur

106 4359 228 4417 beamus.
246 4357 386 4424 Omnium,
418 4355 538 4429 inquam,
566 4355 624 4412 sive
656 4354 818 4423 coelestium,
851 4356 906 4413 sive
958 4357 1078 4429 aisiqai
1097 4355 1222 4429 legitime
1243 4359 1406 4424 certaverit,
1427 4357 1548 4414 aitinha
1571 4357 1616 4415 illa
1636 4359 1757 4416 caelestis

105 4448 286 4505 terrestrium.
310 4447 381 4504 Sunt
405 4445 477 4501 enim
496 4444 582 4501 sanati
613 4445 647 4500 de
675 4442 756 4512 coelo,
787 4451 815 4500 et
839 4454 904 4502 sunt
957 4445 997 4518 (fl
1009 4446 1075 4502 Tim.
1091 4460 1121 4517 11,
1146 4445 1186 4516 5).
1204 4445 1239 4501 lit
1265 4446 1355 4519 legem
1373 4447 1528 4503 certaminis
1550 4446 1584 4503 ab
1607 4447 1757 4519 oreipsius

106 4537 191 4595 sancti
204 4536 239 4592 de
267 4544 336 4592 terra
351 4553 358 4591 ε
375 4535 493 4607 itemque
507 4549 601 4591 corum
616 4533 663 4606 qui
677 4532 718 4605 {de
743 4542 817 4590 terra
831 4544 903 4602 sunt,
958 4532 1118 4607 legislatoris
1132 4530 1271 4592 ausculta}
1284 4538 1336 4606 Qui
1345 4538 1567 4609 perseveraverit
1580 4553 1668 4612 rtsqae
1680 4539 1757 4608 infi-

106 4627 214 4699 quidam
243 4626 331 4682 adbuc
345 4625 371 4680 in
393 4630 474 4691 terra,
491 4622 574 4695 aliqui
592 4623 649 4694 jam
664 4624 692 4679 in
712 4622 794 4689 caelo,
825 4622 904 4681 Cele-
958 4642 1033 4694 acm,
1050 4625 1094 4681 laic
1103 4625 1198 4682 soloas
1212 4627 1267 4682 erit
1279 4626 1391 4699 (flotilr.
1409 4644 1438 4695 x,
1458 4627 1513 4693 iil.
1528 4626 1625 4684 Nescis
1638 4627 1701 4697 quis
1720 4629 1757 4686 sit

105 4715 199 4771 bratur
213 4730 279 4788 ergo
293 4713 427 4772 festivitas
449 4713 571 4769 omnium
589 4713 688 4769 borum
710 4713 899 4769 communiter.
958 4722 1188 4789 perseveraturus,
1207 4715 1294 4773 nescis
1314 4715 1376 4787 quis
1398 4717 1432 4772 sit
1446 4716 1568 4792 legitime
1590 4725 1753 4789 certaturus,

105 4806 155 4863 scd
176 4803 289 4862 forsitan
308 4820 364 4861 non
383 4801 565 4859 uniformiter.
596 4803 690 4874 Neque
721 4802 774 4858 boc
792 4802 903 4868 mirum.
957 4804 1045 4863 nescis
1063 4803 1124 4878 quis
1138 4819 1265 4860 coronam
1279 4806 1314 4862 sit
1328 4814 1497 4880 accepturus.

105 4909 236 4952 cumnon
250 4895 285 4952 sit
299 4911 332 4951 ne
350 4893 407 4966 ipsa
429 4891 537 4965 quidem
552 4891 680 4948 sanctitas
699 4891 821 4949 omnium
841 4894 904 4950 uni·
994 4898 1021 4949 3.
1048 4893 1160 4949 lllorum
1187 4892 1267 4949 leuda
1290 4894 1434 4963 virtutem,
1462 4910 1578 4968 quorum
1597 4896 1654 4966 jam
1681 4903 1757 4954 certe

105 4983 212 5050 formis,
234 4984 283 5041 sed
307 4985 379 5040 inter
392 4993 500 5039 sanctos
514 4989 541 5038 et
568 4990 678 5038 sanctos
701 4980 798 5052 distet,
824 4980 906 5054 idque
957 4981 1069 5040 victoria
1081 4991 1138 5049 est;
1155 4982 1216 5039 illos
1229 4983 1334 5040 devotis
1347 4985 1445 5042 extolle
1458 4983 1622 5057 praeconiis,
1637 5000 1755 5057 quornm

105 5087 160 5129 non
174 5087 280 5144 parum.
295 5072 350 5130 Nec
370 5072 449 5129 modo
473 5071 534 5128 dico
556 5069 702 5143 quisalius
721 5069 773 5128 alio
788 5071 906 5129 sanctior
957 5087 1051 5129 secure
1065 5079 1141 5142 potes
1155 5071 1311 5147 adgaudere
1333 5073 1449 5130 coronis.
1466 5073 1638 5131 cantavimus
1651 5073 1755 5132 sanctis

104 5161 176 5234 (bea
194 5160 267 5217 enim
293 5161 448 5235 quantitatis
469 5160 560 5234 polius
583 5176 663 5233 ᾳιιιιιι
691 5160 831 5233 qualitatis
862 5161 904 5217 di·
957 5160 1249 5228 bacnoctedlaentes:
1266 5163 1756 5230 Timetellomiaom‚omncssaneti

104 5250 289 5323 sentiscat),
305 5249 354 5306 sed
373 5250 446 5323 quod
468 5265 523 5306 non
538 5249 621 5307 modo
640 5252 731 5324 magis
746 5257 774 5307 et
798 5251 904 5317 minus,
957 5254 1021 5324 eins
1038 5251 1113 5322 (Pal.
1128 5265 1228 5320 xxxin,
1245 5253 1309 5322 ill),
1330 5252 1378 5310 sed
1393 5267 1447 5309 non
1461 5253 1532 5310 istis.
1546 5255 1617 5325 Non,
1632 5253 1753 5327 inquam,

36 5339 39 5343 '
102 5341 289 5398 verumetiam
303 5339 381 5396 aliter
399 5347 479 5414 atque
502 5339 579 5398 aliter
593 5351 702 5399 mactas
717 5340 780 5414 dici,
799 5350 826 5398 ct
841 5357 904 5399 vere
957 5356 1005 5398 cos
1031 5339 1078 5415 qui
1097 5348 1338 5411 perseveraverunt
1366 5357 1450 5417 usque
1480 5343 1508 5398 in
1535 5341 1626 5409 linem,
1655 5342 1755 5401 timere

101 5429 155 5488 dici
164 5429 344 5490 inveniamus.
359 5428 393 5487 Bt
414 5428 484 5487 forte
502 5431 572 5487 inter
586 5431 700 5505 angelos
723 5434 803 5504 atquc
815 5431 901 5488 homi·
954 5430 1138 5498 borubamur,
1152 5427 1354 5503 quaeeriptum
1365 5439 1408 5489 est
1422 5449 1431 5489 s
1445 5434 1511 5492 lom
1526 5448 1584 5491 stas
1595 5433 1654 5491 erit
1665 5435 1754 5492 timor

102 5534 151 5582 roco
163 5519 297 5596 astlgnsri
311 5519 397 5595 possit
411 5521 464 5579 ista
475 5518 616 5581 diversitas
636 5518 785 5580 madetis
798 5517 900 5595 pariter
952 5520 985 5579 ia
1004 5519 1109 5592 ficibus
1127 5520 1240 5580 metris.
1267 5519 1323 5578 lllis
1342 5520 1437 5595 potius
1454 5521 1613 5582 dicebamus
1636 5523 1750 5599 mactis,
