3734 5948
50 189 100 243 wi
581 183 617 240 lN
632 183 728 241 PSAL.
751 185 808 254 Qlll
825 185 975 245 utatur
986 185 1106 244 satiro
1117 186 1178 246 tn.
1231 233 1234 236 >
1648 201 1702 257 202

48 310 146 369 rcnms
159 309 264 386 glorie,
279 311 390 367 Patrem
397 307 519 382 potentis
532 308 627 390 matie
640 312 732 378 (Brea.
746 308 849 380 leniat,
867 325 892 404 Α
908 310 1109 369 similitudinem
1125 310 1242 385 ahquam
1255 315 1438 385 jumentamm
1453 315 1556 374 homini
1565 334 1704 379 commem

49 402 87 459 od
100 400 247 472 Medeam
262 400 305 455 cui
320 408 349 455 et
362 400 389 453 in
405 397 508 470 psalmo
521 399 642 455 canimus
655 416 661 455 :
680 399 751 468 Quin
763 400 850 455 miae·
907 399 965 454 dari
976 417 983 471 3
999 399 1049 454 sed
1068 399 1147 470 plane
1163 415 1217 456 non
1231 416 1291 456 eam
1311 420 1372 476 quae
1393 404 1420 458 in
1440 420 1495 462 non
1514 405 1702 483 intelligendo,

50 489 208 548 rteordtom
222 493 250 545 el
258 484 346 546 839
356 490 505 544 ueritatem
514 488 608 559 diligit
625 489 709 554 Deos,
728 491 852 561 gretiam
907 493 934 542 et
957 487 1130 558 insipientiae,
1153 489 1201 545 sed
1225 490 1362 561 patientiae
1389 492 1539 552 imitatione
1561 498 1702 555 consistat.

49 585 79 636 et
88 580 214 651 gloriam
223 578 300 634 dabit
315 578 451 634 Dominam
464 579 548 645 (Prot.
565 592 685 642 cxxxxu,
696 578 750 649 10).
763 577 850 633 Virili·

49 675 93 723 ter
104 682 173 740 ergo
182 667 316 723 sustineat
325 665 353 720 in
362 665 413 721 hoc
423 664 521 720 saecule
532 665 617 736 pietas
625 663 851 731 colluctationem,

50 765 81 813 et
103 756 325 828 persecutionem
345 753 494 827 quamlibet
520 753 705 827 aequanimiter
724 754 850 826 patiatur.

52 843 156 915 Quidni
185 843 293 900 tolleret
313 841 414 910 omnia,
436 858 496 914 quae
515 843 550 897 ad
570 843 660 898 omnia
682 841 764 912 valet,
784 858 851 914 pro·

52 931 212 988 missionem
227 929 330 986 habens
345 931 405 1001 ejus
418 929 491 999 xitae,
506 945 567 1001 qnae
582 946 654 986 nnnc
668 939 719 1002 est,
736 937 764 987 et
778 930 852 987 lutu-

54 1020 115 1077 rael
143 1021 289 1093 llepugnet
312 1018 419 1074 lortiter
436 1018 617 1090 impugnanti:
639 1020 703 1091 quia
723 1028 751 1075 et
770 1036 852 1091 repu-

906 576 1001 647 Neque
1016 576 1088 632 enim
1102 578 1290 635 succensentis
1299 580 1433 648 similiter,
1442 583 1491 639 sed
1501 599 1536 639 ne
1547 584 1703 662 plangentia

906 664 1015 735 quidem
1030 664 1168 722 videretur
1186 682 1249 731 vox,
1269 668 1291 723 si
1313 669 1442 729 dixisset:
1465 673 1551 729 Homo
1572 691 1633 732 cum
1653 678 1703 733 sub

906 767 991 808 onere
1019 753 1068 810 Dei
1095 761 1178 819 esset,
1208 770 1263 810 nen
1288 759 1484 831 recalcitravit3
1500 765 1530 817 ut
1551 765 1702 834 jumentum

907 840 993 898 lactus
1013 849 1055 898 est
1073 844 1144 915 apud
1169 861 1242 901 eum.
1267 846 1333 916 Quis
1358 849 1430 904 enim
1453 866 1508 907 non
1522 852 1560 908 illi
1580 855 1704 924 jumento

906 930 1052 1002 plurimum
1067 931 1209 999 invideret,
1227 935 1304 1004 cujus
1322 935 1350 990 in
1371 937 1466 993 humili
1485 948 1563 1013 tergo
1578 943 1611 998 ad
1627 958 1703 999 cnm·

907 1019 1110 1075 mandationem
1124 1021 1269 1078 ineflabffis
1283 1039 1339 1079 suae
1352 1027 1567 1084 mansuetudinis
1576 1029 1705 1103 dignatus

52 1109 151 1186 guanti
165 1118 353 1182 propugnator
366 1108 454 1164 aderit
465 1107 626 1176 indefessus,
636 1117 664 1164 et
681 1107 854 1182 triumphanti

52 1214 111 1256 non
124 1197 215 1256 deerit
228 1197 396 1272 largissimus
413 1204 613 1255 remunerator.
637 1198 730 1269 Senta
755 1197 852 1270 inquit,
907 1199 1000 1255 oneris
1013 1201 1164 1272 gestatione
1178 1200 1385 1278 intelligentiam
1398 1220 1507 1278 quoque
1520 1214 1574 1263 tam
1589 1207 1706 1284 singula·

53 1287 245 1346 circumdabit
260 1290 405 1345 teneritas
419 1290 492 1359 ejus.
908 1287 945 1342 ris
969 1289 1107 1346 habuisset
1132 1291 1262 1348 honoris?
1291 1291 1325 1348 Ut
1349 1295 1499 1364 jumentum
1524 1297 1606 1370 igitur
1632 1308 1703 1367 esto,

89 1381 120 1435 2.
135 1373 297 1432 Necessaria
317 1373 398 1446 plane
426 1372 617 1444 insuperabilis
632 1373 854 1445 protectioheri·
910 1376 1019 1433 minime
1047 1386 1138 1434 tamen
1160 1378 1326 1449 jumentum:
1350 1382 1486 1454 patienter
1499 1385 1608 1457 qnidam
1621 1388 1704 1444 susti·

55 1465 121 1524 tatis
147 1480 204 1521 non
227 1462 309 1521 mode
330 1463 438 1519 iuterim
453 1464 481 1518 in
505 1477 586 1518 came
609 1463 730 1536 degenti,
755 1463 805 1520 sed
829 1473 856 1520 et
910 1482 978 1523 nens
992 1456 1072 1535 enus,
1087 1467 1136 1524 sed
1148 1468 1278 1526 honorem
1290 1470 1606 1547 intelligens;sapienter
1614 1485 1643 1534 et
1652 1478 1704 1534 de-

54 1557 232 1630 postmodum
246 1553 372 1611 exeunti:
388 1562 415 1609 et
429 1569 502 1609 nunc
516 1552 626 1625 quidem
640 1554 675 1609 ob
690 1552 856 1626 periculosos
908 1554 1068 1611 laetabiliter
1092 1557 1213 1630 cogitans
1238 1567 1292 1613 tam
1316 1558 1402 1632 ipsius
1425 1562 1518 1620 oneris
1537 1564 1707 1637 qualitatem,

55 1644 209 1710 condictas,
234 1650 299 1698 tnnc
312 1657 378 1699 vero
393 1643 429 1699 ob
448 1650 635 1698 monstruosos
649 1657 778 1699 emersas
796 1644 854 1715 spi·
871 1635 894 1713 Β
910 1661 991 1716 quam
1005 1647 1142 1718 propriam
1161 1647 1314 1704 utilitatem.

55 1735 158 1792 rituum
181 1731 373 1803 malignomm.
394 1732 498 1803 Nempe
514 1736 542 1786 et
565 1732 763 1789 sanctissimam
784 1733 855 1789 illam
947 1737 972 1792 1.
995 1733 1108 1808 llagnus
1126 1735 1169 1790 ille
1186 1736 1315 1811 [gnatius
1340 1739 1467 1812 discipuli
1480 1756 1561 1816 quem
1576 1744 1707 1821 diligebat

54 1821 168 1896 gloriosi
183 1819 290 1876 Mardoi
304 1820 421 1875 animam
436 1819 519 1875 voluit
538 1836 601 1891 pars
615 1820 725 1878 inimica
744 1837 855 1887 nocere,
910 1824 988 1880 lesus
1014 1824 1130 1892 auditor,
1158 1835 1260 1898 martyr
1279 1834 1381 1895 nostor,
1402 1832 1478 1900 cuius
1495 1833 1623 1903 pretiosis
1641 1836 1707 1892 reli·

55 1920 84 1970 et
97 1917 211 1969 eruenta
225 1909 312 1967 bestia
332 1909 423 1965 sciens
442 1908 515 1980 quod
530 1909 666 1966 modicum
678 1912 735 1982 jam
752 1918 858 1983 tempus
910 1911 982 1984 quiis
996 1919 1089 1968 nostra
1101 1912 1182 1969 dilata
1197 1922 1239 1971 est
1256 1925 1414 1988 paupertas,
1433 1919 1546 1977 llariam
1562 1925 1707 1994 quamdam

55 2002 183 2067 baberet,
213 2007 270 2056 tota
291 1999 414 2071 prolecto
434 1998 540 2054 insania
557 1999 665 2055 malitiae
685 2000 858 2073 infatigabilis
911 2000 968 2073 (30)
983 2000 1009 2055 iu
1024 2000 1147 2073 pluribus
1161 2019 1229 2075 quas
1243 2004 1278 2058 ad
1292 2020 1353 2061 eam
1367 2005 1475 2077 scripsit
1489 2008 1709 2079 epistolis,Chri·

56 2105 112 2148 non
128 2098 172 2146 est
191 2087 280 2145 verita
297 2102 384 2159 prope
398 2088 528 2144 assistere
538 2088 562 2142 ei
577 2089 782 2161 quequeinquo
793 2089 858 2144 nihil
912 2088 1032 2145 stileram
1047 2090 1207 2147 consalutat.
1224 2093 1357 2166 Egregius
1375 2093 1456 2165 plane
1475 2095 1568 2153 titulus
1586 2098 1706 2172 dignita-

56 2179 191 2236 habebat.
215 2178 273 2234 lmo
293 2192 360 2233 vero
384 2177 417 2231 ad
438 2177 524 2248 ipsum
544 2176 624 2231 etiam
646 2178 749 2249 liegem
766 2177 859 2251 gloriae
913 2177 957 2245 tis,
981 2188 1009 2235 et
1022 2180 1221 2236 commendatio
1244 2182 1355 2238 honeris
1377 2182 1511 2240 immensi.
1534 2188 1639 2260 Nempe
1665 2190 1709 2246 cui

55 2267 191 2326 medere
207 2265 442 2338 impudentissima
463 2264 601 2321 temeritas
615 2265 659 2320 illa
678 2266 857 2337 presumpsit,
912 2267 1025 2337 servire,
1041 2283 1157 2342 regnare
1172 2267 1260 2326 840
1274 2279 1329 2336 est;
1345 2280 1453 2346 gestare
1472 2274 1553 2344 hunc,
1568 2292 1624 2333 non
1638 2294 1709 2336 nne-

56 2359 127 2414 e'cnt
136 2355 198 2427 ipse
206 2362 335 2412 testatur:
351 2355 509 2412 Venilenim
518 2355 756 2427 princepsmnndi
765 2353 859 2425 bajus,
913 2355 967 2411 rari
984 2363 1036 2421 est,
1052 2358 1100 2412 sed
1115 2357 1243 2414 honorari
1258 2358 1353 2432 [oliam
1368 2362 1482 2436 emori]
1498 2364 1632 2423 Caeteram
1643 2384 1708 2425 num

58 2451 86 2504 et
97 2448 186 2502 inme
197 2443 637 2517 mninuenitquidquom(loen.
649 2458 709 2504 ιιιιι.
721 2445 776 2513 30).
787 2442 859 2499 Felix
914 2441 1006 2515 [olion
1028 2444 1111 2517 unde]
1126 2444 1162 2513 ei,
1190 2446 1224 2502 de
1244 2463 1298 2518 quo
1316 2463 1389 2504 nunc
1406 2449 1595 2523 loquebamur,
1613 2454 1709 2513 Salva-

57 2534 162 2600 anima,
187 2549 249 2607 quae
275 2533 315 2589 sic
338 2531 447 2588 interim
471 2531 650 2588 tentationum
673 2532 761 2602 jacula
783 2541 860 2588 scuto
914 2533 980 2588 toris
993 2531 1078 2589 asello
1092 2535 1242 2591 uerendum
1253 2535 1387 2594 ullatenus
1397 2540 1549 2613 videbatur,
1559 2559 1594 2601 ne
1604 2546 1655 2601 snb
1664 2545 1711 2602 illa

57 2621 183 2681 venatis
197 2619 341 2692 repulerit,
360 2626 391 2675 nt
409 2619 447 2675 nil
465 2635 578 2691 prorsus
598 2627 760 2676 venemtum
784 2619 811 2674 in
830 2636 859 2676 se
915 2622 960 2677 tali
976 2621 1083 2683 sacchia
1104 2620 1223 2680 delicere
1237 2634 1332 2696 posset
1342 2627 1370 2682 in
1380 2627 1492 2685 sisinn
1502 2646 1568 2688 vero
1577 2634 1713 2693 timenda,

58 2711 219 2768 coalescere
247 2723 339 2781 passa,
368 2708 480 2764 omnino
509 2724 564 2764 aon
593 2707 774 2763 contundatur
799 2723 860 2763 cum
914 2709 941 2764 ei
967 2719 1013 2766 aut
1034 2709 1160 2781 lupomm
1183 2713 1318 2780 incursus,
1341 2723 1389 2772 aut
1412 2727 1550 2789 raptorum
1568 2737 1742 2808 occursum·

59 2799 190 2872 loquetur
208 2797 324 2854 inimicis
337 2797 393 2853 suis
407 2798 436 2854 in
448 2804 536 2869 porta.
553 2795 623 2852 Nihil
637 2796 665 2852 iu
685 2811 738 2867 me,
754 2795 861 2853 funeste
914 2797 956 2853 vel
976 2799 1161 2870 precipitium,
1186 2818 1234 2858 seu
1258 2804 1407 2874 periculum
1429 2807 1537 2881 aliquod
1561 2812 1612 2868 sub
1636 2819 1712 2872 tanto

60 2886 156 2962 101103,
171 2886 331 2959 funestum],
347 2887 478 2957 reperies.
496 2885 568 2941 Felix
588 2900 669 2958 quem
684 2884 722 2941 sic
741 2883 859 2941 circum·
914 2886 1031 2956 praeside
1044 2888 1241 2944 metuendum?
1255 2889 1328 2946 Felix
1342 2893 1387 2963 qui
1402 2893 1440 2951 sic
1456 2895 1547 2953 tulerit
1563 2899 1710 2975 Christum,

908 1118 950 1165 est
972 1110 1070 1167 sedere
1099 1110 1230 1177 Salvator,
1264 1113 1287 1168 si
1319 1130 1380 1170 cum
1411 1115 1482 1173 illius
1515 1125 1569 1174 tam
1591 1121 1705 1192 pretiosi

58 2978 104 3033 dat
119 2976 233 3049 clypeus
245 2975 376 3041 ueritatis,
392 2984 423 3031 ιιι
437 2974 576 3031 introitum
597 2991 705 3047 quoque
716 2983 744 3030 et
760 2975 862 3031 exitum
876 2949 899 3029 ὓ
914 2981 945 3028 ut
964 2988 980 3027 a
1004 2976 1102 3031 Sancto
1122 2984 1277 3034 sanctorum
1301 2978 1328 3034 in
1349 2989 1470 3038 sanctam
1494 2984 1630 3043 civitatem
1654 3005 1713 3046 me·

59 3067 120 3137 ejus
134 3064 283 3122 custodiat:
300 3064 401 3120 exitum
416 3062 508 3135 utique
522 3063 556 3117 ab
572 3062 622 3118 hae
642 3062 706 3131 vita,
722 3071 750 3117 et
763 3060 862 3117 introi·
916 3067 1007 3117 reatnr
1026 3061 1125 3118 induci.
1142 3063 1203 3120 Non
1227 3073 1268 3121 est
1281 3067 1392 3124 omnino
1405 3070 1479 3142 quod
1499 3074 1602 3141 ament,
1618 3091 1653 3132 ne
1671 3078 1713 3135 vel

60 3159 118 3209 tum
134 3152 163 3208 in
178 3151 307 3218 laturam,
318 3167 373 3223 quo
397 3150 523 3208 videlicet
537 3166 589 3207 nec
603 3149 757 3206 moliatura
775 3156 861 3223 tergo,
916 3150 943 3204 in
966 3150 1009 3205 via
1023 3151 1131 3223 aliquod
1146 3152 1351 3226 oliendiculum,
1372 3159 1415 3213 sel
1437 3160 1573 3232 repulsam
1588 3162 1615 3219 in
1629 3165 1714 3235 janua

60 3257 112 3299 nec
126 3257 144 3296 a
158 3240 228 3297 lacie
245 3240 307 3296 mali
323 3239 461 3313 quidpiam
478 3239 603 3295 inimicus
625 3245 752 3296 attentet.
769 3237 862 3309 Siqui-
915 3240 1040 3309 patiatur.
1058 3239 1098 3296 llli
1117 3254 1218 3311 nempe
1238 3245 1362 3313 iumento
1378 3246 1449 3303 amm
1468 3251 1600 3320 parabant
1619 3252 1716 3314 fideles

61 3332 123 3388 dem
146 3329 260 3388 omnino
274 3345 344 3401 opus
362 3329 414 3386 erit
427 3329 481 3385 illic
496 3329 620 3397 custode,
637 3344 706 3401 opus
722 3326 774 3385 erit
792 3327 864 3384 dirce
916 3328 1010 3401 populi
1024 3330 1134 3402 (rantib.
1151 3346 1213 3399 xxx,
1228 3335 1299 3406 7-9),
1317 3335 1378 3392 licie
1397 3339 1487 3408 angeli
1506 3343 1614 3402 sancti:
1640 3347 1716 3416 Qen-

61 3419 146 3486 lideli,
168 3434 238 3491 opus
258 3418 312 3475 erit
328 3417 499 3475 consolatore
522 3433 621 3492 magno
643 3425 757 3489 propter
775 3417 863 3472 horri-
916 3419 1180 3491 niomonquisanis
1192 3424 1716 3500 mondnoitdete,'otcortodiontteir

60 3506 133 3565 biles
151 3507 212 3564 illas
229 3506 367 3576 visiones3
385 3523 440 3565 non
460 3507 550 3563 minus
574 3521 654 3579 quam
673 3507 717 3563 hic
740 3505 864 3576 adjutore
918 3508 1106 3567 omniboseit'r
1118 3513 1298 3583 luia,nesorte
1314 3517 1716 3597 ossendosndlopidempedem

62 3604 89 3654 et
104 3603 309 3670 propugnatore
324 3604 419 3654 eontra
433 3596 582 3653 invisibiles
597 3602 755 3653 tentatores.
918 3603 1009 3654 tunm.
1021 3596 1075 3653 Sed
1087 3614 1140 3655 non
1151 3609 1214 3655 sunt
1224 3601 1281 3658 haec
1292 3607 1509 3676 praeoccupanda
1519 3610 1617 3678 modo;
1630 3614 1716 3669 series

97 3689 125 3742 3.
148 3684 305 3743 Glorihcate
324 3686 427 3759 itaque,
447 3684 625 3756 dilectissimi,
647 3691 675 3740 et
694 3691 800 3756 portate
819 3683 864 3738 in·
917 3685 1003 3757 magis
1012 3685 1070 3757 ipsa
1078 3687 1224 3759 Scriptura
1233 3691 1714 3771 expositionisordinesequendaest.

61 3775 142 3832 terim
156 3774 295 3832 Christum
309 3775 337 3830 in
352 3790 466 3848 corpore
480 3780 584 3841 vestro,
604 3789 673 3829 onus
693 3771 864 3840 delectabile,
953 3777 980 3830 5.
998 3774 1102 3832 Cadent
1114 3793 1133 3831 o
1148 3777 1247 3842 latere,
1265 3778 1362 3851 inquit,
1384 3787 1434 3838 too
1453 3786 1544 3853 mille,
1568 3794 1596 3846 et
1622 3791 1716 3848 decem

61 3879 146 3921 suane
160 3863 280 3936 pendam
295 3863 429 3920 sarcinam
443 3862 608 3934 salutarem3
626 3861 731 3917 etiamsi
742 3872 865 3933 premere
916 3862 1146 3921 millioodextris
1152 3867 1267 3932 tois,·od
1272 3872 1398 3926 tenattem
1406 3876 1715 3950 noooppropinqaobit.

60 3952 210 4026 aliquando
233 3950 304 4009 forte
331 3953 453 4022 sidetem
484 3952 591 4008 etiamsi
623 3950 759 4008 interdum
780 3949 866 4007 latera
917 3950 966 4008 llic
980 3951 1052 4008 enim
1074 3968 1170 4008 versus
1191 3953 1271 4010 hodie
1294 3955 1373 4013 nohis
1396 3961 1553 4019 tractandus
1572 3973 1632 4037 est,
1659 3982 1714 4024 non

61 4040 161 4107 tundit,
178 4047 208 4097 et
218 4038 340 4112 flagellat
361 4042 579 4097 recalcitrantem
592 4058 599 4109 ;
616 4039 724 4096 etiamsi
739 4039 864 4114 quando-
918 4039 1058 4114 ignoratis.
1075 4039 1104 4095 ln
1118 4041 1283 4113 precedenti
1299 4061 1365 4102 sane
1378 4049 1495 4121 capitula
1511 4053 1584 4126 quod
1597 4055 1716 4112 novissi·

62 4146 119 4204 que
132 4131 161 4185 in
175 4144 253 4186 mmo
268 4138 296 4185 et
310 4129 863 4202 irenemaxillaaconstringitetcoercet;
918 4144 962 4184 me
980 4128 1154 4196 tractabatur,
1170 4129 1271 4187 dictum
1286 4140 1338 4200 est,
1350 4134 1373 4190 si
1388 4137 1516 4208 recolitis,
1532 4141 1712 4214 quemadmo.

62 4219 177 4277 omnino
192 4218 319 4276 leliciter.
336 4220 400 4275 Esto
413 4227 444 4275 ut
456 4220 620 4290 jumentum,
636 4217 683 4290 qui
697 4217 864 4274 Salvatorem
879 4250 903 4328 n
919 4217 983 4272 dum
1007 4233 1023 4272 a
1045 4225 1143 4291 quater
1166 4219 1327 4292 quibusdam
1348 4225 1471 4284 maximis
1490 4229 1628 4300 equidem,
1650 4248 1716 4307 gra-

62 4317 176 4380 pertas;
191 4307 240 4363 sed
255 4311 429 4381 nonpenitus
442 4313 641 4380 atramentum.
660 4308 862 4378 llomo,inquit,
919 4305 1090 4378 vissimisque
1128 4308 1321 4366 tentationibus
1357 4313 1439 4384 hujus
1473 4317 1545 4387 vitae,
1583 4321 1716 4392 protectio

64 4399 173 4453 mmin
183 4396 286 4455 bonore
300 4404 380 4466 esset,
391 4414 449 4455 non
459 4398 620 4466 intellexit·
630 4403 810 4468 comparator
824 4402 865 4453 eat
919 4394 1016 4450 liberet
1029 4393 1165 4463 veritatis,
1181 4396 1307 4455 uidelicet
1325 4417 1341 4456 a
1361 4401 1457 4460 umore
1476 4415 1619 4481 nocturno,
1639 4425 1660 4466 a
1672 4427 1716 4466 sa-

60 4485 864 4560 jemcntisimips'entibos,etaimilissoclosestillir(Psoi.
918 4483 988 4554 gitta
1015 4483 1122 4541 volante
1145 4485 1175 4542 in
1198 4485 1254 4551 die,
1284 4493 1433 4564 anegotin
1453 4498 1661 4564 perambulante
1685 4501 1713 4556 in

61 4588 163 4642 annm,
181 4574 237 4645 ta).
257 4574 327 4646 Quid
351 4576 424 4632 enim
446 4582 588 4648 tantopere
611 4576 655 4633 uel
675 4574 779 4647 plangit
797 4573 863 4629 Pro·
918 4571 1049 4644 tenebris,
1068 4573 1102 4626 ab
1121 4572 1231 4633 incursu
1250 4583 1279 4631 et
1301 4575 1436 4636 daemonic
1455 4582 1614 4641 meridiano.
1634 4585 1713 4656 Quod

60 4665 158 4738 pheta,
174 4664 320 4740 relarguit
334 4665 363 4720 in
379 4665 489 4722 homine
503 4664 707 4722 similitudinem
724 4665 864 4735 jumento·

61 4769 133 4821 rum,
152 4753 304 4826 presertim
319 4755 364 4826 qui
377 4754 431 4810 alio
446 4755 563 4828 quodam
584 4752 644 4811 loco
658 4752 693 4810 de
707 4768 737 4810 se
752 4751 825 4825 loqui
837 4757 865 4807 et

61 4844 158 4901 dicere
166 4845 223 4900 Deo
234 4859 289 4901 non
299 4844 356 4901 sine
367 4845 483 4916 quadam
498 4843 730 4916 congratulatione
741 4842 862 4898 ridetur:

66 4935 271 5006 lltjumcntum
282 4936 377 5005 sactus
387 4951 449 4992 snm
459 4933 534 5007 epod
544 4940 580 5001 te,
591 4937 618 4989 ci
635 4947 682 5006 ege
698 4947 807 5005 aernpcr
821 4938 864 4990 te·

60 5021 149 5080 enm?
157 5022 246 5095 (Pani.
258 5038 350 5090 ιιιιι,
361 5024 418 5094 03.)
430 5024 507 5090 Puto,
521 5021 575 5078 imo
585 5036 640 5078 non
650 5025 727 5093 puto,
737 5018 788 5076 sed
796 5018 863 5085 scio,

99 5129 161 5203 (30)
171 5130 288 5187 llariom
298 5132 420 5188 absolute
431 5131 531 5188 hahent
542 5128 617 5195 editi,
630 5128 711 5184 etiam
725 5127 863 5209 antiquio·

53 5211 127 5257 res:
150 5204 295 5275 quondm
316 5203 420 5259 addunt
446 5201 555 5273 scripti;
584 5209 611 5256 et
637 5208 712 5255 recte
743 5199 863 5271 quidem,

61 5287 125 5329 carm
141 5273 267 5331 hocloco
284 5289 340 5331 non
354 5283 451 5347 agatur
470 5274 506 5330 de
519 5272 603 5329 liaris
621 5271 737 5343 Deipara
750 5271 864 5351 sanctis·

61 5343 143 5414 ιίιιιιι,
163 5344 214 5400 sed
231 5345 267 5402 de
285 5345 339 5405 elin
361 5345 489 5418 quadam,
509 5358 609 5415 nempe
632 5341 797 5399 Cassahnhta
815 5357 864 5397 seu

63 5413 243 5482 Castabolite,
256 5416 292 5472 ad
311 5431 393 5490 qaam
416 5415 476 5472 duae
499 5422 607 5472 exstant
627 5412 748 5486 epistole
769 5419 864 5469 saneto

62 5485 172 5563 Ιςιιιιίο
186 5487 300 5560 martyri
317 5489 449 5560 ascriptae,
466 5487 495 5542 in
514 5487 613 5560 quihus
635 5505 648 5538 ι
668 5483 828 5542 christifera
849 5503 862 5535 ι

165 5584 294 5651 Parnon.
316 5583 505 5652 clxxxttt.

916 4659 1142 4733 igitursequitur:
1156 4663 1288 4721 dedente
1299 4665 1445 4725 loteretoo
1455 4671 1545 4738 mille,
1553 4679 1606 4731 etc.
1618 4672 1715 4732 laturae

918 4750 1005 4823 magis
1017 4751 1077 4807 vitae
1092 4751 1209 4808 arbitror
1224 4753 1426 4827 assignandum.
1445 4757 1522 4815 Unde
1541 4768 1568 4816 et
1587 4761 1616 4817 iu
1634 4763 1715 4836 prin-

917 4838 988 4910 cipio
1010 4841 1144 4897 sermonis
1168 4842 1248 4912 hujus
1268 4843 1430 4902 meministis
1452 4847 1550 4922 adhuc,
1573 4850 1602 4904 ni
1625 4849 1713 4920 fallor,

917 4928 1059 4985 sententia
1074 4930 1240 5001 apostolice,
1262 4948 1316 5004 qua
1327 4933 1454 4992 videlicet
1467 4935 1558 4994 valere
1573 4938 1607 4994 ad
1623 4942 1715 4997 emnia

917 5017 1057 5088 pietatem,
1072 5017 1134 5076 vitae
1149 5033 1259 5092 qnoque
1273 5023 1333 5091 ejus
1347 5038 1408 5096 quae
1421 5040 1495 5081 nunc
1508 5034 1558 5096 est,
1576 5034 1604 5084 et
1619 5029 1715 5087 loturae

917 5123 1058 5181 salutatur.
1090 5124 1251 5199 Quanquam
1277 5131 1401 5187 eamdem
1421 5132 1502 5190 etiam
1524 5135 1715 5195 salutationem

918 5195 1031 5279 praeiert
1043 5196 1095 5251 alia
1108 5198 1219 5279 salgata
1233 5201 1356 5271 ejusdem
1370 5205 1466 5286 ignatii
1481 5207 1589 5264 nomine
1600 5209 1716 5279 epistola

918 5266 952 5321 ad
967 5267 1076 5322 llanam
1090 5268 1246 5339 Derparam.
1263 5271 1362 5328 Veram
1377 5275 1420 5332 hrc
1430 5293 1522 5334 sermo
1540 5287 1582 5334 est
1600 5280 1636 5336 de
1655 5283 1714 5336 lla·

919 5337 1027 5409 maille,
1044 5338 1078 5393 ad
1097 5340 1272 5412 quamplures
1292 5350 1355 5401 tunc
1373 5349 1635 5407 circumferebantur
1651 5353 1713 5426 epi·

919 5407 995 5465 stnlae
1009 5424 1060 5481 pro
1074 5408 1222 5482 lgnatims
1239 5413 1350 5475 habitae.

1598 5592 1617 5656 'l
