3734 5948
101 195 152 221 „..

99 213 174 269 *323

715 215 763 271 DE
781 212 810 272 S
832 210 980 271 victore
998 209 1116 270 SERMO
1135 209 1172 269 ιι.

1717 217 1770 272 374

100 362 106 373 ··
116 335 267 394 couddero
289 350 350 408 qum
364 335 429 391 mibi
443 343 626 410 apponuntur.
654 339 767 396 Cautum
784 346 832 396 est
852 337 957 431 milri*
972 337 1061 404 nibus,
1085 337 1138 393 ιιι
1155 337 1294 393 bominum
1322 346 1434 409 peccata
1457 339 1543 395 donet
1564 337 1720 394 misericors
1743 345 1772 394 et

100 425 225 499 ‘eligere
248 439 318 490 mea,
336 424 465 481 etaiieua
478 442 534 482 uon
556 435 681 501 tangere.
697 429 757 485 Non
770 427 917 484 extendam

102 525 230 569 manum
248 513 283 568 ed
296 512 411 588 gloriam
431 514 631 580 miraculorum,
656 533 690 572 nc
705 516 728 572 si
746 520 917 572 ιιιιιιιιιιι

116 601 194 676 qnod
216 602 337 673 desuper
350 617 406 658 uon
425 603 527 674 accepi,
544 604 655 675 perdam
678 605 775 661 merito
790 611 819 660 et
843 603 916 676 quod

114 689 215 746 ridear
236 689 383 761 accepisse.
400 691 460 746 Non
483 691 544 748 levo
558 709 620 748 eum
643 693 689 749 ilio
712 693 807 749 oculos
829 693 865 747 ad
878 692 916 747 ri·

104 778 220 835 manue
231 786 339 835 secreta
352 779 484 846 coeleetia,
500 797 535 836 ne
558 792 706 852 oppressus
720 796 736 834 a
749 782 838 852 gioria
852 797 918 838 con·

103 867 197 924 ⁴iuraras
213 867 346 935 resiliam,
369 883 432 924 seru
456 869 619 940 confugiens
637 871 671 925 ad
695 871 836 927 consilium
863 872 915 927 Sn-

103 955 231 1028 ·pientis,
246 955 294 1029 qui
308 955 360 1011 sit:
377 959 486 1013 ditiora
495 961 528 1013 'te
537 975 574 1015 nc
587 959 742 1030 peremeris,
757 962 786 1015 et
794 961 917 1030 fortiora

101 1043 199 1100 ‘'tone
213 1049 361 1101 ιιιιιιιιιιι
374 1047 465 1114 [ucria
475 1048 572 1115 (Decii.
586 1063 627 1114 ιιι,
644 1051 700 1118 at).
716 1047 833 1104 iufertur
843 1064 916 1104 men·

101 1134 154 1189 ·-ιιι
173 1133 267 1189 vinum
287 1149 386 1189 norum
409 1151 540 1206 aquarum
555 1137 726 1203 rubentium;
752 1151 807 1193 non
824 1146 916 1209 tango,

115 1220 181 1292 qnia
195 1237 253 1277 non
267 1221 332 1277 milti
346 1224 498 1294 appositum
517 1225 573 1281 scio
588 1226 632 1297 qui
642 1226 765 1281 similiter
781 1227 917 1282 elementa

104 1310 233 1376 mutare,
249 1318 360 1367 naturas
375 1312 505 1369 innovare
524 1329 579 1369 nou
602 1313 689 1370 valeo.
706 1315 795 1370 Cerno
809 1315 873 1370 item
887 1316 915 1369 iu

104 1405 213 1454 “mensa
226 1398 342 1455 Victoris
354 1399 468 1471 angelos
477 1401 550 1456 ilium
562 1401 669 1456 audisse
683 1411 824 1458 canentes.
839 1404 916 1457 Nun·

115 1488 182 1558 quid
196 1487 296 1543 videbo
306 1496 335 1543 et
348 1503 401 1558 ego
412 1489 619 1559 mibisupernos
633 1489 755 1547 exbiberi
769 1498 913 1547 cantores:

116 1585 164 1631 aut
173 1583 249 1632 certe
260 1575 424 1632 citharaedos
434 1576 493 1632 iilos
507 1578 542 1633 de
551 1578 714 1649 Apocalypsi
726 1594 817 1634 coram
827 1594 870 1634 me
880 1581 916 1635 ci·

971 425 1115 481 miserator
1138 425 1287 484 Dominus
1303 426 1386 483 babet
1408 436 1517 499 tempus
1537 434 1565 485 et
1586 425 1693 483 iocum
1685 433 1771 483 mter

971 512 1087 570 cedendi
1097 513 1359 586 prusetmisencors
1368 516 1531 572 advocatus
1524 515 1669 587 equidem
1679 515 1768 572 locum

971 602 1092 672 quietum
1107 612 1135 658 et
1158 611 1264 672 tempus
1286 604 1422 659 feriatum.
1443 604 1473 658 ιι
1490 604 1569 659 terris
1582 604 1656 659 visas
1670 612 1723 669 est,
1737 611 1768 660 ut

970 698 1044 746 esset
1061 690 1200 761 exempi03
1217 690 1244 746 in
1258 690 1356 747 coeium
1370 691 1476 747 levatus
1490 683 1541 760 est,
1557 699 1587 748 ut
1600 690 1636 747 sit
1650 690 1769 762 patroci-

971 777 1025 833 nio.
1042 777 1091 834 Hic
1103 778 1230 833 informat
1243 780 1277 835 ιιι
1293 780 1385 844 vitam,
1409 780 1464 836 illic
1478 780 1573 836 invitat
1587 779 1622 834 cd
1641 778 1753 855 gloriam

969 867 1068 923 lactus
1090 868 1280 923 estmediator
1298 869 1333 922 ad
1360 883 1487 943 mgnum,
1509 868 1554 940 qni
1582 868 1611 923 iit
1642 868 1767 926 incitator

970 956 1004 1010 ad
1019 970 1097 1027 opus.
1114 958 1204 1012 Bonus
1218 957 1360 1022 mediator,
1375 958 1420 1028 qui
1434 957 1487 1012 sibi
1499 958 1554 1026 jam
1571 958 1711 1028 postulans
1726 958 1767 1012 ni·

969 1043 1017 1108 hii,
1032 1051 1116 1099 totum
1134 1044 1161 1098 in
1177 1058 1226 1099 nos
1241 1044 1388 1100 transferre
1402 1043 1540 1100 desiderat
1552 1045 1768 1116 etsupplicantis

971 1131 1099 1187 allectum
1114 1141 1141 1187 et
1154 1132 1357 1204 supplicationis
1376 1133 1502 1189 fructum.
1520 1133 1592 1204 Quid
1605 1135 1678 1189 enim
1689 1146 1765 1207 qute-

970 1228 1013 1274 rat
1022 1220 1084 1284 sibi,
1101 1221 1146 1292 qui
1162 1220 1262 1275 nuliius
1276 1220 1365 1294 eget?
1385 1221 1517 1276 Dominus
1530 1228 1676 1278 conservat
1690 1238 1764 1292 eum,

970 1316 997 1363 et
1010 1307 1129 1364 vivificat
1142 1325 1214 1374 cum,
1232 1317 1261 1365 ct
1274 1309 1384 1366 beatum
1399 1309 1463 1365 iacit
1481 1326 1543 1365 eum
1558 1312 1586 1365 in
1601 1311 1705 1384 gioria:
1723 1311 1766 1366 ui-

969 1397 1008 1452 hii
1027 1398 1063 1453 illi
1086 1399 1174 1454 deerit
1195 1399 1223 1454 in
1246 1400 1305 1456 ioco
1328 1416 1436 1470 pascuae
1457 1400 1599 1457 collocato.
1623 1401 1687 1457 ileo
1708 1402 1768 1458 dies

969 1487 1094 1557 gloriosae
1117 1488 1287 1563 migrationis
1301 1491 1371 1560 ejus,
1387 1489 1447 1545 dies
1469 1489 1569 1545 laetitiae
1582 1489 1672 1546 cordis
1687 1490 1765 1560 ejus,

970 1576 1134 1632 exsultemus
1147 1584 1176 1632 ct
1190 1575 1343 1633 laetemur
1335 1595 1365 1632 ιι
1384 1595 1427 1634 ea
1447 1578 1594 1635 introivit
1588 1596 1616 1634 ιι
1631 1579 1768 1650 potentias
1836 1651 1838 1654 y

116 1663 288 1719 tharizarein
302 1663 607 1739 citharissuistiipoe.
618 1671 711 1735 ιιιι.
715 1667 914 1738 )imperntiiie
931 1646 953 1724 Β
970 1664 1091 1731 [ιοιιιιι;
1107 1664 1285 1738 gaudeamus,
1297 1666 1442 1736 quianunc
1456 1667 1595 1786 potentior
1609 1667 1699 1722 estad
1713 1666 1769 1722 sal·

113 1750 289 1810 doemonibus
302 1752 413 1808 adhuc'
405 1769 433 1808 ιι
442 1769 557 1824 corpore
568 1753 673 1821 vivens,
687 1755 806 1812 vinctum
820 1757 847 1811 ιι
858 1771 915 1812 cor·
969 1752 1097 1807 vandum.

114 1856 184 1913 pore
202 1839 283 1896 solvit
298 1856 412 1912 corpore
426 1843 482 1911 jam
502 1842 615 1898 solutus.
631 1843 689 1899 Cibi
703 1852 776 1910 sunt,
795 1845 845 1899 sed
859 1859 914 1900 uon
1004 1840 1222 1897 2.llodieVictor
1238 1842 1463 1914 positocorporc,
1471 1843 1765 1915 quossoiopraepediri

114 1930 184 2001 mei3
201 1929 328 2000 equidem
340 1930 452 1998 jucundi
468 1940 495 1985 et
510 1930 607 2001 sapidi,
622 1931 669 1986 sed
686 1948 740 1987 nnn
754 1931 841 2004 tangit
854 1933 915 1989 ilios
968 1929 1002 1980 ab
1016 1927 1225 2002 introitugiorrae
1232 1928 1468 1995 ridebatur,tantc
1478 1930 1601 2000 alacrior,
1613 1941 1714 2001 quanm
1722 1948 1767 1988 er-

114 2018 207 2072 aninrn
221 2033 292 2082 mea,
312 2017 440 2088 quoniam
455 2033 509 2072 nnn
526 2027 567 2074 nst
589 2019 663 2091 inopi
677 2021 752 2092 mihi,
769 2021 841 2077 unde
856 2021 912 2077 suf.
969 2014 1094 2085 puditior,
1112 2016 1264 2086 penetravit
1274 2015 1301 2068 ιι
1311 2023 1416 2080 saneta,
1427 2015 1523 2071 similis
1532 2015 1620 2071 lactus
1636 2017 1664 2071 in
1679 2017 1766 2089 gioria

114 2104 204 2160 finem
226 2105 291 2160 tatia
317 2106 473 2161 rectinere.
489 2106 526 2161 nt
549 2107 571 2161 si
586 2107 731 2178 diligenter
756 2110 911 2177 considero,
969 2109 1133 2158 mnetnnnn.
1145 2103 1231 2158 Hodie
1242 2104 1276 2158 ue
1291 2101 1441 2159 novissime
1452 2112 1479 2158 et
1491 2102 1584 2158 nenti
1600 2104 1671 2174 tneo,
1683 2121 1765 2175 quem

114 2210 179 2251 ecee
204 2209 261 2266 prae
275 2194 360 2250 oculis
382 2195 410 2250 in
436 2211 532 2251 mensa
554 2197 651 2263 naneti,
676 2213 791 2254 censura
809 2199 912 2269 judicii,
969 2190 1020 2244 sibi
1030 2207 1063 2245 ex
1072 2191 1184 2246 consilio
1195 2190 1481 2262 Salvatoriseiegerat‚
1493 2191 1553 2263 ipso
1562 2207 1668 2248 summo
1681 2201 1762 2265 patre

113 2281 265 2354 disciptinae
282 2282 371 2354 vigor,
396 2285 547 2341 sanctitatis
571 2285 720 2356 specuium,
740 2287 802 2343 ιιι
816 2287 912 2359 torma,
969 2279 1084 2336 familias
1103 2289 1245 2349 evocante,
1266 2295 1349 2336 verus
1363 2280 1466 2335 amicus
1488 2280 1611 2337 ascendit
1629 2281 1766 2353 superius,

113 2370 221 2428 virtutis
234 2370 352 2442 insigne.
367 2370 430 2427 iiaec
444 2388 460 2427 a
475 2388 517 2429 me
532 2376 678 2445 stansque
702 2377 913 2446 praesumptione
969 2376 996 2423 et
1010 2376 1053 2423 est
1062 2362 1104 2422 viili
1118 2368 1205 2438 gioria
1219 2383 1310 2423 coram
1329 2368 1409 2422 simui
1423 2368 1666 2425 discumbentibus.
1681 2370 1768 2427 ilodie

113 2446 268 2527 sumuntur,
295 2468 323 2516 et
345 2460 491 2516 salubriter
520 2461 711 2520 insumuntur:
737 2471 765 2519 et
789 2462 812 2518 si
834 2464 914 2520 dissi·
968 2457 1098 2527 despecw
1123 2457 1234 2520 mundO.
1261 2463 1290 2511 θῑ
1322 2455 1418 2511 mundi
1440 2457 1564 2530 principe
1591 2459 1766 2530 triumphato,

112 2547 198 2614 mulo,
219 2548 545 2619 distnetereposcuntur.
967 2561 1049 2617 supra
1073 2545 1201 2600 mundum
1215 2559 1280 2599 vere
1304 2544 1399 2601 Victor
1422 2548 1556 2613 ascendit,
1579 2548 1716 2619 accipiens
1731 2549 1766 2606 de

149 2640 177 2692 ιι.
194 2635 267 2692 tuat
288 2636 378 2692 adbuc
396 2653 521 2708 quaenam
545 2637 610 2693 mibi
636 2640 696 2709 jure
721 2639 845 2711 apposita
866 2657 913 2713 pn.
967 2649 1047 2690 manu
1068 2633 1175 2689 Domini
1202 2648 1331 2689 coronam
1359 2635 1490 2690 victoriae.
1518 2638 1650 2692 Ascendit
1676 2645 1768 2694 autem

114 2731 180 2780 tem.
197 2723 226 2780 Si
249 2738 348 2794 panem
364 2723 465 2780 doloris
487 2734 515 2781 et
529 2725 621 2781 vinum
645 2727 859 2797 compunctionis
877 2729 912 2784 de
967 2737 1028 2777 cum
1042 2723 1175 2778 immensa
1198 2721 1360 2792 supellectili
1374 2723 1543 2791 meritorum,
1567 2724 1655 2781 clarus
1669 2726 1765 2782 tuum·

112 2811 207 2868 divitis
223 2825 317 2867 mensa
330 2812 471 2876 obtuleris,
489 2813 553 2870 tollo
576 2828 687 2870 securus
700 2815 748 2887 qui
763 2831 821 2870 sum
842 2832 911 2888 pau·
966 2811 1039 2881 phio,
1064 2810 1200 2866 miraculis
1227 2809 1371 2884 gloriosus
1398 2812 1495 2867 Pausst
1524 2812 1603 2868 miles
1626 2815 1768 2882 emeatus,

112 2900 309 2971 peretiuops.
330 2901 418 2954 Erunt
442 2901 508 2955 mibi
522 2901 647 2972 lacrymae
670 2918 739 2959 rneae
759 2919 845 2976 panes
866 2904 911 2960 die
966 2908 1068 2971 etpost
1094 2900 1202 2955 labores
1224 2899 1393 2970 sudoresque
1408 2916 1493 2956 sacrae
1517 2910 1635 2973 peractae
1664 2903 1766 2959 miiitiae

112 2987 235 3045 annecte
249 2990 334 3061 (Psoi.
351 3005 409 3059 ιιι,
426 2993 464 3060 ι),
480 3000 508 3048 et
522 2992 647 3063 poculum
662 3011 752 3050 meum
768 3011 829 3051 enm
846 2996 911 3051 iletu
928 2942 1104 3046 clocaturi
1091 2986 1216 3052 feliciter,
1232 2996 1377 3041 coronatur
1400 2987 1561 3046 sublimiter.
1588 2990 1685 3045 Anima
1704 2993 1766 3060 ejus

112 3075 234 3132 miscebo
249 3076 336 3147 (Paul.
352 3093 389 3143 ci,
407 3079 461 3148 to).
482 3080 547 3134 Pars
565 3095 626 3135 mee
650 3083 717 3151 haec,
732 3082 778 3154 qui
793 3082 910 3138 dolenda
963 3079 992 3134 in
1015 3075 1094 3132 bonis
1107 3074 1303 3130 demorabitur
1321 3073 1428 3143 Quaeris
1442 3075 1510 3130 ubi?
1533 3078 1600 3133 Cum
1614 3078 1762 3146 Abrabam,

112 3165 248 3221 commisi.
261 3165 319 3222 Nec
336 3181 381 3222 me
410 3176 500 3224 tamen
523 3167 636 3243 pigebit¹
662 3179 692 3225 ut
718 3170 832 3233 aestinm,
857 3170 910 3226 eibi
964 3165 1038 3219 isaac
1053 3169 1080 3218 et
1093 3160 1197 3217 Jacob
1190 3177 1218 3214 ιι
1235 3176 1319 3235 regno
1338 3160 1479 3216 coelorum.
1496 3162 1534 3217 ιιι
1548 3162 1610 3219 currit
1625 3163 1723 3220 talibus
1738 3174 1766 3222 ιι

113 3255 212 3325 hujus,
228 3254 356 3326 quoniam
381 3255 426 3325 qui
440 3259 566 3327 apposuit
587 3259 740 3330 scientiam,
766 3257 869 3313 addidit
883 3266 911 3315 et
965 3252 1009 3309 tali
1023 3251 1050 3307 in
1065 3251 1124 3306 ioco
1138 3248 1191 3303 sibi
1213 3249 1306 3314 sedet3
1323 3249 1401 3304 sedet
1425 3249 1531 3306 excelsa
1550 3257 1579 3307 θῑ
1592 3251 1705 3325 fulgida,
1721 3269 1766 3310 Se·

113 3342 249 3398 doiorem.
264 3340 318 3398 Sed
334 3349 362 3398 et
376 3343 399 3399 si
414 3345 610 3415 temperantiae,
636 3347 657 3401 si
672 3346 792 3415 justitie,
809 3347 833 3402 si
846 3363 910 3418 pru-
964 3342 1010 3398 det
1023 3339 1178 3397 iaetabunda
1201 3345 1228 3393 et
1242 3337 1370 3405 laudans;
1396 3338 1478 3394 sedet
1496 3340 1612 3396 delicata
1626 3352 1654 3397 ιι
1667 3350 1764 3398 ornata

113 3431 215 3488 dentiae
243 3430 286 3488 tei
309 3431 474 3488 fortitudinis
496 3435 620 3506 exempla
638 3445 796 3508 appareant,
813 3451 845 3491 ιι
865 3436 910 3490 ιι-
963 3430 1108 3487 monilibus
1123 3428 1189 3492 suis,
1205 3427 1304 3497 stipata
1318 3427 1404 3497 maiis,
1420 3426 1512 3483 fulcita
1532 3429 1658 3498 lioribus3
1674 3430 1762 3501 sedet,

113 3529 276 3579 cunctanter
287 3535 376 3588 sumo,
391 3520 482 3576 sciens
505 3522 569 3594 quia
584 3523 646 3578 talia
660 3533 769 3596 opertet
782 3541 827 3580 me
841 3542 912 3597 ιιι-
965 3521 1075 3591 inquam
1089 3517 1155 3581 sibi,
1167 3528 1252 3572 uacua
1266 3515 1348 3579 curis,
1359 3516 1464 3572 deliciis
1478 3517 1604 3583 attinens,
1621 3519 1764 3574 abundans

112 3624 222 3682 parare.
238 3608 303 3666 ilaec
325 3609 390 3664 mibi
409 3609 520 3682 apponi,
542 3611 600 3667 hec
623 3628 695 3667 ame
719 3613 863 3685 repetitum
878 3615 910 3669 ini
965 3608 1013 3663 otii
1028 3616 1056 3663 et
1069 3604 1169 3677 quietis
1184 3602 1218 3658 ad
1233 3602 1384 3659 vacandum
1403 3604 1554 3674 sapientie.
1570 3604 1637 3672 Ωιι
1650 3607 1721 3662 sedit
1736 3614 1766 3662 et

111 3715 170 3756 non
183 3698 288 3754 dubito.
313 3697 441 3769 uunquid
464 3698 543 3770 signa
556 3705 584 3754 et
607 3700 730 3775 prodigia
752 3703 912 3774 exigendae
965 3695 1040 3753 licvit
1053 3691 1509 3765 superiiuminaBabplonis,sedet
1521 3692 1645 3748 modoad
1659 3694 1762 3750 iontem

112 3785 195 3843 uobis
206 3784 293 3844 m
304 3792 377 3855 sunt,
394 3793 423 3841 ut
436 3802 469 3842 ea
483 3787 558 3844 diviti
572 3788 690 3844 vicissim
709 3790 913 3860 preparemus?
966 3785 1037 3850 vitae,
1052 3794 1080 3838 et
1094 3781 1263 3838 conversatio
1284 3780 1320 3834 iili
1336 3796 1416 3835 secus
1444 3788 1591 3836 torrentem
1606 3780 1763 3855 voluptatis,

112 3874 234 3945 Fratres,
249 3889 313 3931 rasa
326 3881 389 3930 sunt
402 3872 430 3929 in
445 3876 576 3932 honorem
596 3876 632 3931 illi
651 3878 698 3949 qui
714 3894 763 3934 nos
776 3879 909 3948 invitavit,
966 3874 1043 3943 cujus
1066 3871 1183 3944 impetus
1205 3867 1323 3924 laetificat
1345 3869 1482 3924 civitatem
1509 3869 1570 3926 Dei.
1594 3870 1701 3926 Invenit
1713 3871 1767 3927 sibi

112 3979 169 4020 non
183 3963 238 4018 cibi
258 3978 418 4035 pauperum.
434 3964 473 4019 Tu
497 3980 564 4040 ergo
578 3968 624 4038 qui
644 3967 772 4022 invitatus
786 3983 827 4033 es,
852 3968 913 4022 diii.
966 3961 1068 4017 lentem
1092 3961 1242 4027 hortorum,
1266 3967 1378 4029 puteum
1402 3972 1533 4031 aquarum
1551 3958 1708 4031 virentium,
1736 3968 1766 4016 et

112 4057 214 4124 genter
226 4050 370 4107 considera
394 4051 458 4123 quid
478 4051 525 4105 tibi
544 4052 599 4121 iile,
615 4054 680 4125 quid
695 4053 805 4111 sibimet
826 4071 912 4130 appo·
965 4067 1026 4107 oum
1050 4048 1218 4103 Samaritana
1241 4054 1351 4118 potatur
1375 4063 1444 4118 aqua
1459 4047 1600 4120 sapientie
1626 4049 1763 4120 salutaris,

112 4139 211 4196 suerit.
227 4139 287 4194 Non
301 4137 374 4194 euim
388 4139 518 4212 quidquid
532 4139 560 4193 in
575 4156 669 4196 mensa
691 4144 848 4214 apponitur,
864 4145 912 4200 tibi
965 4147 1064 4194 utnon
1088 4136 1161 4193 sitiat
1174 4136 1202 4191 in
1225 4143 1369 4192 aeternum.
1385 4137 1470 4191 Datur
1491 4137 1528 4192 illi
1548 4137 1582 4194 de
1597 4138 1687 4193 lructn
1701 4154 1762 4194 ma-

112 4228 270 4301 apponitur,
286 4227 357 4296 Quid
371 4229 395 4284 si
416 4227 444 4282 in
459 4228 555 4298 poculo
578 4243 662 4285 aureo
681 4230 761 4287 suerit
780 4232 911 4304 propina·
967 4244 1049 4284 nuum
1073 4241 1192 4293 suarum,
1210 4235 1238 4280 et
1250 4224 1362 4280 laudant
1376 4240 1436 4280 earn
1450 4225 1477 4280 in
1494 4227 1579 4297 portis
1592 4242 1676 4296 opera
1691 4228 1763 4297 ejus,

115 4315 197 4374 tum?
210 4330 265 4371 nou
277 4315 402 4387 poculum
418 4316 476 4381 tibi,
492 4315 542 4372 sed
555 4324 636 4386 potus
650 4319 812 4389 apponitur:
834 4323 911 4377 sume'
967 4325 995 4372 et
1021 4314 1156 4389 gloriatur
1182 4313 1337 4369 testimonio
1365 4314 1557 4387 conscientiae3
1588 4315 1762 4371 conscientiae

113 4411 210 4478 potum
233 4411 261 4459 et
288 4417 359 4474 poue
387 4419 494 4459 aurum.
521 4403 594 4478 Ergo
627 4406 750 4477 exempla
777 4408 911 4464 bonorum
966 4405 1027 4460 dico
1051 4419 1116 4474 suae,
1142 4417 1197 4458 nou
1219 4401 1341 4456 alterius.
1371 4403 1456 4458 Sedet
1474 4403 1564 4458 media
1591 4403 1762 4478 angelorum,

113 4508 230 4565 operum
253 4500 282 4547 et
305 4493 494 4549 rectitudinem
508 4508 614 4547 morum
630 4493 822 4564 paterfamilias
836 4512 913 4554 com·
966 4495 1048 4562 digna
1068 4490 1146 4563 piane
1161 4505 1255 4546 eorum
1270 4491 1409 4546 consortio
1433 4506 1548 4562 quorum
1564 4492 1698 4549 desiderio
1718 4494 1765 4548 iia·

113 4581 235 4638 manicat
248 4582 285 4636 ita
308 4582 472 4648 domesticis,
489 4591 518 4637 ut
541 4583 748 4657 praerogativam
772 4583 823 4639 sibi
844 4585 912 4642 reti·
966 4589 1037 4656 grat,
1052 4578 1168 4651 puritate
1177 4576 1254 4642 nitet,
1266 4578 1424 4631 castimonia
1434 4579 1587 4634 decoratur.
1598 4579 1684 4635 Sedet
1693 4580 1766 4635 inter

114 4671 222 4727 neatin
237 4670 383 4726 miraculis.
405 4671 435 4725 ln
451 4670 493 4725 his
515 4678 606 4726 tamen
629 4681 711 4744 atque
729 4672 779 4727 illis
793 4673 837 4729 iiie
851 4676 911 4746 glo·
966 4669 1103 4738 apostolos
1131 4667 1172 4721 vir
1194 4665 1348 4736 apostolice
1367 4667 1473 4737 gratiam
1500 4683 1551 4722 nec
1576 4675 1619 4722 est
1646 4668 1720 4739 quod
1734 4685 1765 4725 se

114 4757 262 4814 rificandus
276 4767 328 4825 est,
353 4761 430 4831 cujus
446 4766 487 4814 est
501 4775 599 4814 munus
612 4766 706 4815 sancte
729 4761 820 4817 rivere
835 4763 914 4832 cujus
966 4756 1116 4815 abscondet
1131 4772 1146 4810 a
1160 4769 1248 4810 cuneo
1264 4755 1469 4826 prophetarum,
1485 4756 1529 4828 qui
1540 4772 1621 4828 quem
1635 4756 1671 4812 ilii
1689 4774 1763 4829 prte-

114 4848 202 4904 virtus
216 4847 296 4920 signa
319 4845 420 4913 lacere,
436 4846 523 4918 quiin
548 4847 681 4904 Trinitale
702 4849 824 4920 perlecta
849 4852 913 4907 vivit
966 4847 1102 4910 dixerunt,
1117 4842 1275 4917 glorificavit
1291 4855 1320 4899 et
1331 4845 1448 4915 portavit
1462 4844 1488 4898 in
1504 4860 1617 4914 corpore
1632 4862 1692 4903 suo.
1708 4846 1763 4902 Ne-

114 4942 145 4992 et
159 4941 257 5008 regnat
270 4935 344 4990 Deus
358 4933 386 4987 in
399 4933 497 4989 saecnia
511 4935 681 4990 saeculorum.
698 4941 795 4992 Amen.
968 4952 1020 5008 que
1035 4951 1066 4992 se
1093 4940 1170 5004 putat
1192 4949 1207 4987 a
1221 4931 1374 4989 victoriosis
1386 4941 1535 5004 martyrum
1560 4932 1651 4990 eboris
1672 4934 1765 4992 Victor

428 5021 544 5078 seatio
571 5022 603 5076 ιι.
968 5022 1273 5094 nosterarcendumqui
1284 5020 1624 5082 duroetdiuturnoffllss
1633 5024 1764 5096 martyrio

153 5115 176 5168 ι.
197 5111 321 5167 Gaudete
334 5110 361 5165 in
375 5111 500 5177 Domino,
516 5110 692 5177 dilectissimi,
704 5112 747 5183 qui
762 5112 835 5170 inter
848 5130 914 5170 con·
967 5114 1103 5171 viventem
1113 5113 1153 5169 sui
1167 5113 1289 5184 corporis
1303 5112 1416 5168 bostiam
1430 5113 1586 5171 immolavit.

115 5204 194 5257 tinea
207 5215 263 5256 ιιι
272 5199 381 5271 pietatis
393 5198 525 5256 beneficia
540 5198 650 5254 indulsit
660 5199 796 5258 bominem
811 5205 914 5263 mundo
1004 5207 1030 5259 3.
1052 5203 1135 5258 Sedet
1154 5209 1299 5257 veteranus
1317 5201 1403 5266 miles,
1414 5203 1505 5259 debita
1517 5204 1573 5272 jam
1588 5205 1721 5261 suavitate
1737 5213 1765 5260 et

115 5291 196 5359 cujus
210 5287 287 5344 multi
310 5288 480 5344 salvarentur
493 5288 627 5361 exemplo.
650 5288 751 5344 iterum
764 5290 834 5356 dico,
850 5310 913 5366 gau·
967 5290 1114 5349 securitate
1129 5292 1253 5362 quietus,
1270 5305 1381 5346 securus
1405 5291 1515 5364 quidem
1529 5293 1591 5363 sibi,
1615 5295 1663 5349 sed
1679 5294 1766 5350 nostri

115 5378 192 5445 dete,
207 5377 281 5449 quod
290 5375 377 5432 iactus
387 5378 422 5433 de
431 5376 521 5433 medio
530 5376 700 5451 appropiavit
709 5378 777 5444 Deo,
792 5387 823 5434 ιι
831 5379 914 5436 mullo
967 5383 1106 5440 sollicitus.
1121 5382 1182 5437 Non
1204 5381 1275 5439 enim
1300 5397 1363 5437 cum
1376 5383 1520 5453 putredine
1543 5385 1620 5441 carni
1641 5383 1723 5462 simul
1734 5401 1764 5441 se

116 5467 211 5540 plures
224 5467 285 5535 ejus
300 5465 497 5524 intercessione
511 5467 658 5525 salventur.
675 5466 809 5525 Hebetes
823 5469 913 5526 homi·
968 5472 1042 5529 exuit
1056 5469 1206 5528 uisceribus
1229 5468 1351 5542 pietatis
1376 5485 1428 5528 nec
1442 5471 1493 5528 sibi
1513 5472 1553 5530 sic
1567 5472 1653 5531 induit
1667 5471 1764 5531 stolam
