<?xml version="1.0" encoding="UTF-8"?>
<!DOCTYPE html PUBLIC "-//W3C//DTD XHTML 1.0 Transitional//EN"
    "http://www.w3.org/TR/xhtml1/DTD/xhtml1-transitional.dtd">
<html xmlns="http://www.w3.org/1999/xhtml" xml:lang="en" lang="en">
 <head>
  <title>
</title>
<meta http-equiv="Content-Type" content="text/html;charset=utf-8" />
  <meta name='ocr-system' content='tesseract 3.04.00' />
  <meta name='ocr-capabilities' content='ocr_page ocr_carea ocr_par ocr_line ocrx_word'/>
</head>
<body>
  <div class='ocr_page' id='page_1' title='image "./patrologiaecurs56unkngoog_0290.png"; bbox 0 0 3734 5948; ppageno 0'>
   <div class='ocr_carea' id='block_1_1' title="bbox 48 224 1727 310">
    <p class='ocr_par' dir='ltr' id='par_1_1' title="bbox 48 224 1727 310">
     <span class='ocr_line' id='line_1_1' title="bbox 48 224 1727 310; baseline -0.006 -14"><span class='ocrx_word' id='word_1_1' title='bbox 48 247 104 310; x_wconf 65' lang='lat' dir='ltr'>ru</span> <span class='ocrx_word' id='word_1_2' title='bbox 671 225 843 292; x_wconf 81' lang='grc' dir='ltr'>ιιιιιοιιι</span> <span class='ocrx_word' id='word_1_3' title='bbox 860 224 903 289; x_wconf 87' lang='lat' dir='ltr'>nn</span> <span class='ocrx_word' id='word_1_4' title='bbox 922 227 1085 290; x_wconf 84' lang='lat' dir='ltr'>nrrausu.</span> <span class='ocrx_word' id='word_1_5' title='bbox 1111 229 1128 284; x_wconf 70' lang='lat' dir='ltr'>i</span> <span class='ocrx_word' id='word_1_6' title='bbox 1146 226 1161 239; x_wconf 89' lang='lat'>··</span> <span class='ocrx_word' id='word_1_7' title='bbox 1648 224 1702 287; x_wconf 73' lang='lat' dir='ltr'>sna</span> <span class='ocrx_word' id='word_1_8' title='bbox 1724 251 1727 256; x_wconf 90' lang='lat'><em>-</em></span> 
     </span>
    </p>
   </div>
   <div class='ocr_carea' id='block_1_2' title="bbox 48 352 1752 3189">
    <p class='ocr_par' dir='ltr' id='par_1_2' title="bbox 48 352 1709 2658">
     <span class='ocr_line' id='line_1_2' title="bbox 48 352 1702 445; baseline -0.013 -13"><span class='ocrx_word' id='word_1_9' title='bbox 48 373 162 432; x_wconf 68' lang='lat' dir='ltr'>auduus</span> <span class='ocrx_word' id='word_1_10' title='bbox 182 385 247 428; x_wconf 83' lang='lat' dir='ltr'>sero</span> <span class='ocrx_word' id='word_1_11' title='bbox 270 367 381 439; x_wconf 82' lang='lat' dir='ltr'>reliquis</span> <span class='ocrx_word' id='word_1_12' title='bbox 394 366 480 422; x_wconf 87' lang='lat' dir='ltr'>tribus</span> <span class='ocrx_word' id='word_1_13' title='bbox 506 364 615 438; x_wconf 81' lang='lat' dir='ltr'>dignior</span> <span class='ocrx_word' id='word_1_14' title='bbox 630 370 696 432; x_wconf 70' lang='lat' dir='ltr'>est,</span> <span class='ocrx_word' id='word_1_15' title='bbox 716 357 847 416; x_wconf 85' lang='lat' dir='ltr'>odoratas</span> <span class='ocrx_word' id='word_1_16' title='bbox 863 367 888 445; x_wconf 60' lang='grc' dir='ltr'><strong>Α</strong></span> <span class='ocrx_word' id='word_1_17' title='bbox 905 370 958 412; x_wconf 89' lang='lat' dir='ltr'>oon</span> <span class='ocrx_word' id='word_1_18' title='bbox 973 363 1074 428; x_wconf 78' lang='lat' dir='ltr'>potest</span> <span class='ocrx_word' id='word_1_19' title='bbox 1098 356 1217 415; x_wconf 78' lang='lat' dir='ltr'>Securm</span> <span class='ocrx_word' id='word_1_20' title='bbox 1241 355 1348 413; x_wconf 88' lang='lat' dir='ltr'>interim</span> <span class='ocrx_word' id='word_1_21' title='bbox 1370 354 1445 428; x_wconf 74' lang='lat' dir='ltr'>degit</span> <span class='ocrx_word' id='word_1_22' title='bbox 1465 352 1517 413; x_wconf 88' lang='lat' dir='ltr'>sub</span> <span class='ocrx_word' id='word_1_23' title='bbox 1535 352 1702 426; x_wconf 87' lang='lat' dir='ltr'>protectione</span> 
     </span>
     <span class='ocr_line' id='line_1_3' title="bbox 49 442 1700 538; baseline -0.012 -21"><span class='ocrx_word' id='word_1_24' title='bbox 49 477 160 538; x_wconf 88' lang='lat' dir='ltr'>qaoque</span> <span class='ocrx_word' id='word_1_25' title='bbox 179 467 206 517; x_wconf 91' lang='lat' dir='ltr'>et</span> <span class='ocrx_word' id='word_1_26' title='bbox 230 466 342 532; x_wconf 75' lang='lat' dir='ltr'>qustum</span> <span class='ocrx_word' id='word_1_27' title='bbox 365 465 392 512; x_wconf 89' lang='lat' dir='ltr'>et</span> <span class='ocrx_word' id='word_1_28' title='bbox 418 462 532 521; x_wconf 69' lang='lat' dir='ltr'>actum,</span> <span class='ocrx_word' id='word_1_29' title='bbox 559 451 611 509; x_wconf 87' lang='lat' dir='ltr'>etsi</span> <span class='ocrx_word' id='word_1_30' title='bbox 634 465 689 507; x_wconf 90' lang='lat' dir='ltr'>nou</span> <span class='ocrx_word' id='word_1_31' title='bbox 720 445 847 509; x_wconf 86' lang='lat' dir='ltr'>utilitate,</span> <span class='ocrx_word' id='word_1_32' title='bbox 903 455 930 502; x_wconf 91' lang='lat' dir='ltr'>et</span> <span class='ocrx_word' id='word_1_33' title='bbox 947 445 1131 502; x_wconf 85' lang='lat' dir='ltr'>advocatione</span> <span class='ocrx_word' id='word_1_34' title='bbox 1145 444 1256 501; x_wconf 88' lang='lat' dir='ltr'><strong>Domini</strong></span> <span class='ocrx_word' id='word_1_35' title='bbox 1270 443 1321 500; x_wconf 86' lang='lat' dir='ltr'>Dei</span> <span class='ocrx_word' id='word_1_36' title='bbox 1344 443 1411 500; x_wconf 91' lang='lat' dir='ltr'>sui:</span> <span class='ocrx_word' id='word_1_37' title='bbox 1432 450 1545 501; x_wconf 91' lang='lat' dir='ltr'>nonest</span> <span class='ocrx_word' id='word_1_38' title='bbox 1563 442 1636 515; x_wconf 92' lang='lat' dir='ltr'>quod</span> <span class='ocrx_word' id='word_1_39' title='bbox 1650 456 1700 497; x_wconf 81' lang='lat' dir='ltr'>se-</span> 
     </span>
     <span class='ocr_line' id='line_1_4' title="bbox 49 528 1702 626; baseline -0.014 -18"><span class='ocrx_word' id='word_1_40' title='bbox 49 551 185 626; x_wconf 69' lang='lat' dir='ltr'>diquitatc</span> <span class='ocrx_word' id='word_1_41' title='bbox 200 557 292 605; x_wconf 90' lang='lat' dir='ltr'>tamen</span> <span class='ocrx_word' id='word_1_42' title='bbox 317 559 448 618; x_wconf 88' lang='lat' dir='ltr'>superare</span> <span class='ocrx_word' id='word_1_43' title='bbox 462 543 579 610; x_wconf 82' lang='lat' dir='ltr'>videtur,</span> <span class='ocrx_word' id='word_1_44' title='bbox 602 545 628 596; x_wconf 90' lang='lat' dir='ltr'>et</span> <span class='ocrx_word' id='word_1_45' title='bbox 656 544 754 612; x_wconf 74' lang='lat' dir='ltr'>gustus</span> <span class='ocrx_word' id='word_1_46' title='bbox 769 531 850 590; x_wconf 83' lang='lat' dir='ltr'>tunttd</span> <span class='ocrx_word' id='word_1_47' title='bbox 905 542 998 592; x_wconf 84' lang='lat' dir='ltr'>rentur</span> <span class='ocrx_word' id='word_1_48' title='bbox 1007 551 1039 592; x_wconf 85' lang='lat' dir='ltr'>ex</span> <span class='ocrx_word' id='word_1_49' title='bbox 1051 535 1187 592; x_wconf 90' lang='lat' dir='ltr'>omnibus.</span> <span class='ocrx_word' id='word_1_50' title='bbox 1202 535 1237 589; x_wconf 80' lang='lat' dir='ltr'>nt</span> <span class='ocrx_word' id='word_1_51' title='bbox 1248 533 1293 590; x_wconf 91' lang='lat' dir='ltr'>ubi</span> <span class='ocrx_word' id='word_1_52' title='bbox 1306 548 1372 590; x_wconf 88' lang='lat' dir='ltr'>sans</span> <span class='ocrx_word' id='word_1_53' title='bbox 1382 531 1554 589; x_wconf 78' lang='lat' dir='ltr'><strong>discretionis</strong></span> <span class='ocrx_word' id='word_1_54' title='bbox 1563 546 1650 587; x_wconf 91' lang='lat' dir='ltr'>annos</span> <span class='ocrx_word' id='word_1_55' title='bbox 1660 528 1702 585; x_wconf 92' lang='lat' dir='ltr'>in·</span> 
     </span>
     <span class='ocr_line' id='line_1_5' title="bbox 51 619 1700 712; baseline -0.012 -18"><span class='ocrx_word' id='word_1_56' title='bbox 51 636 290 712; x_wconf 74' lang='lat' dir='ltr'>superexcellere:</span> <span class='ocrx_word' id='word_1_57' title='bbox 323 633 397 706; x_wconf 93' lang='lat' dir='ltr'>quod</span> <span class='ocrx_word' id='word_1_58' title='bbox 420 631 575 687; x_wconf 72' lang='lat' dir='ltr'>manifestat</span> <span class='ocrx_word' id='word_1_59' title='bbox 597 627 680 684; x_wconf 82' lang='lat' dir='ltr'>etiam</span> <span class='ocrx_word' id='word_1_60' title='bbox 711 620 852 694; x_wconf 76' lang='lat' dir='ltr'><strong>dispositio</strong></span> <span class='ocrx_word' id='word_1_61' title='bbox 905 624 1032 698; x_wconf 73' lang='lat' dir='ltr'>grediens</span> <span class='ocrx_word' id='word_1_62' title='bbox 1050 624 1175 680; x_wconf 83' lang='lat' dir='ltr'>redditur</span> <span class='ocrx_word' id='word_1_63' title='bbox 1190 624 1242 679; x_wconf 93' lang='lat' dir='ltr'>sibi</span> <span class='ocrx_word' id='word_1_64' title='bbox 1256 623 1527 694; x_wconf 75' lang='lat' dir='ltr'>ceterorumutique</span> <span class='ocrx_word' id='word_1_65' title='bbox 1541 619 1700 678; x_wconf 85' lang='lat' dir='ltr'>violentiam</span> 
     </span>
     <span class='ocr_line' id='line_1_6' title="bbox 52 710 1702 804; baseline -0.012 -18"><span class='ocrx_word' id='word_1_66' title='bbox 52 730 115 804; x_wconf 89' lang='lat' dir='ltr'>ipsa</span> <span class='ocrx_word' id='word_1_67' title='bbox 143 725 337 783; x_wconf 86' lang='lat' dir='ltr'>membrorum.</span> <span class='ocrx_word' id='word_1_68' title='bbox 359 721 456 778; x_wconf 51' lang='lat' dir='ltr'>¹Oculis</span> <span class='ocrx_word' id='word_1_69' title='bbox 482 719 619 791; x_wconf 88' lang='lat' dir='ltr'>siquidem</span> <span class='ocrx_word' id='word_1_70' title='bbox 647 717 676 772; x_wconf 89' lang='lat' dir='ltr'>in</span> <span class='ocrx_word' id='word_1_71' title='bbox 696 712 853 770; x_wconf 89' lang='lat' dir='ltr'>summitate</span> <span class='ocrx_word' id='word_1_72' title='bbox 905 730 955 771; x_wconf 85' lang='lat' dir='ltr'>nec</span> <span class='ocrx_word' id='word_1_73' title='bbox 965 715 1037 770; x_wconf 93' lang='lat' dir='ltr'>hunc</span> <span class='ocrx_word' id='word_1_74' title='bbox 1045 715 1155 788; x_wconf 92' lang='lat' dir='ltr'>quidem</span> <span class='ocrx_word' id='word_1_75' title='bbox 1164 713 1430 771; x_wconf 80' lang='lat' dir='ltr'>formidareneoesse</span> <span class='ocrx_word' id='word_1_76' title='bbox 1438 720 1489 779; x_wconf 90' lang='lat' dir='ltr'>est,</span> <span class='ocrx_word' id='word_1_77' title='bbox 1499 711 1548 766; x_wconf 90' lang='lat' dir='ltr'>sed</span> <span class='ocrx_word' id='word_1_78' title='bbox 1557 710 1591 765; x_wconf 90' lang='lat' dir='ltr'>ab</span> <span class='ocrx_word' id='word_1_79' title='bbox 1599 725 1631 766; x_wconf 90' lang='lat' dir='ltr'>ea</span> <span class='ocrx_word' id='word_1_80' title='bbox 1641 726 1702 781; x_wconf 82' lang='lat' dir='ltr'>quae</span> 
     </span>
     <span class='ocr_line' id='line_1_7' title="bbox 51 800 1702 883; baseline -0.013 -7"><span class='ocrx_word' id='word_1_81' title='bbox 51 817 161 883; x_wconf 83' lang='lat' dir='ltr'>leontis,</span> <span class='ocrx_word' id='word_1_82' title='bbox 176 831 257 871; x_wconf 89' lang='lat' dir='ltr'>aures</span> <span class='ocrx_word' id='word_1_83' title='bbox 280 812 423 869; x_wconf 79' lang='lat' dir='ltr'>inferiores</span> <span class='ocrx_word' id='word_1_84' title='bbox 440 825 502 866; x_wconf 90' lang='lat' dir='ltr'>esse</span> <span class='ocrx_word' id='word_1_85' title='bbox 528 806 591 880; x_wconf 85' lang='lat' dir='ltr'>quis</span> <span class='ocrx_word' id='word_1_86' title='bbox 616 805 741 864; x_wconf 73' lang='lat' dir='ltr'>nesciat?</span> <span class='ocrx_word' id='word_1_87' title='bbox 770 800 814 857; x_wconf 87' lang='lat' dir='ltr'>Sic</span> <span class='ocrx_word' id='word_1_88' title='bbox 826 807 853 855; x_wconf 92' lang='lat' dir='ltr'>et</span> <span class='ocrx_word' id='word_1_89' title='bbox 906 803 1007 858; x_wconf 80' lang='lat' dir='ltr'>dormit</span> <span class='ocrx_word' id='word_1_90' title='bbox 1020 804 1049 859; x_wconf 90' lang='lat' dir='ltr'>in</span> <span class='ocrx_word' id='word_1_91' title='bbox 1063 806 1124 861; x_wconf 91' lang='lat' dir='ltr'>sinu</span> <span class='ocrx_word' id='word_1_92' title='bbox 1135 820 1184 859; x_wconf 87' lang='lat' dir='ltr'>suo</span> <span class='ocrx_word' id='word_1_93' title='bbox 1199 810 1299 870; x_wconf 86' lang='lat' dir='ltr'>caveat,</span> <span class='ocrx_word' id='word_1_94' title='bbox 1312 802 1425 874; x_wconf 89' lang='lat' dir='ltr'>propria</span> <span class='ocrx_word' id='word_1_95' title='bbox 1436 800 1540 858; x_wconf 89' lang='lat' dir='ltr'>scilicet</span> <span class='ocrx_word' id='word_1_96' title='bbox 1554 800 1702 857; x_wconf 83' lang='lat' dir='ltr'>voluntate.</span> 
     </span>
     <span class='ocr_line' id='line_1_8' title="bbox 52 890 1704 970; baseline -0.012 -7"><span class='ocrx_word' id='word_1_97' title='bbox 52 907 167 963; x_wconf 83' lang='lat' dir='ltr'>auribus</span> <span class='ocrx_word' id='word_1_98' title='bbox 184 918 277 970; x_wconf 87' lang='lat' dir='ltr'>nares,</span> <span class='ocrx_word' id='word_1_99' title='bbox 306 908 334 957; x_wconf 86' lang='lat' dir='ltr'>et</span> <span class='ocrx_word' id='word_1_100' title='bbox 355 900 447 957; x_wconf 80' lang='lat' dir='ltr'>fauces</span> <span class='ocrx_word' id='word_1_101' title='bbox 483 897 605 965; x_wconf 83' lang='lat' dir='ltr'>naribus,</span> <span class='ocrx_word' id='word_1_102' title='bbox 648 894 717 967; x_wconf 89' lang='lat' dir='ltr'>ipsis</span> <span class='ocrx_word' id='word_1_103' title='bbox 743 905 853 965; x_wconf 91' lang='lat' dir='ltr'>quoque</span> <span class='ocrx_word' id='word_1_104' title='bbox 905 894 964 950; x_wconf 85' lang='lat' dir='ltr'>Erit</span> <span class='ocrx_word' id='word_1_105' title='bbox 977 893 1047 950; x_wconf 81' lang='lat' dir='ltr'>torte</span> <span class='ocrx_word' id='word_1_106' title='bbox 1056 902 1197 964; x_wconf 89' lang='lat' dir='ltr'>peccatum</span> <span class='ocrx_word' id='word_1_107' title='bbox 1211 894 1239 948; x_wconf 93' lang='lat' dir='ltr'>in</span> <span class='ocrx_word' id='word_1_108' title='bbox 1250 893 1365 959; x_wconf 81' lang='lat' dir='ltr'>foribus,</span> <span class='ocrx_word' id='word_1_109' title='bbox 1382 893 1428 948; x_wconf 89' lang='lat' dir='ltr'>sad</span> <span class='ocrx_word' id='word_1_110' title='bbox 1437 890 1573 963; x_wconf 90' lang='lat' dir='ltr'>appetitus</span> <span class='ocrx_word' id='word_1_111' title='bbox 1584 890 1704 959; x_wconf 88' lang='lat' dir='ltr'>ejussub</span> 
     </span>
     <span class='ocr_line' id='line_1_9' title="bbox 53 980 1702 1061; baseline -0.01 -9"><span class='ocrx_word' id='word_1_112' title='bbox 53 995 178 1052; x_wconf 75' lang='lat' dir='ltr'>iauubus</span> <span class='ocrx_word' id='word_1_113' title='bbox 195 1007 293 1047; x_wconf 91' lang='lat' dir='ltr'>manus</span> <span class='ocrx_word' id='word_1_114' title='bbox 317 989 418 1061; x_wconf 85' lang='lat' dir='ltr'>pariter</span> <span class='ocrx_word' id='word_1_115' title='bbox 445 997 472 1043; x_wconf 91' lang='lat' dir='ltr'>et</span> <span class='ocrx_word' id='word_1_116' title='bbox 486 986 607 1057; x_wconf 89' lang='lat' dir='ltr'>reliquas</span> <span class='ocrx_word' id='word_1_117' title='bbox 621 981 743 1050; x_wconf 83' lang='lat' dir='ltr'>corporis</span> <span class='ocrx_word' id='word_1_118' title='bbox 752 989 852 1053; x_wconf 87' lang='lat' dir='ltr'>partes,</span> <span class='ocrx_word' id='word_1_119' title='bbox 907 980 1702 1055; x_wconf 86' lang='lat' dir='ltr'>eoest:tantumipseaperirerenuat,consentirerecuset.</span> 
     </span>
     <span class='ocr_line' id='line_1_10' title="bbox 54 1067 1702 1155; baseline -0.012 -14"><span class='ocrx_word' id='word_1_120' title='bbox 54 1084 174 1155; x_wconf 66' lang='lat' dir='ltr'>adqtm</span> <span class='ocrx_word' id='word_1_121' title='bbox 202 1080 317 1152; x_wconf 78' lang='lat' dir='ltr'>pertinet</span> <span class='ocrx_word' id='word_1_122' title='bbox 338 1085 438 1142; x_wconf 70' lang='lat' dir='ltr'>incius.</span> <span class='ocrx_word' id='word_1_123' title='bbox 470 1078 583 1132; x_wconf 78' lang='lat' dir='ltr'>subesse</span> <span class='ocrx_word' id='word_1_124' title='bbox 612 1070 787 1129; x_wconf 79' lang='lat' dir='ltr'>manifestum</span> <span class='ocrx_word' id='word_1_125' title='bbox 802 1078 852 1125; x_wconf 89' lang='lat' dir='ltr'>est.</span> <span class='ocrx_word' id='word_1_126' title='bbox 944 1077 969 1129; x_wconf 75' lang='lat'>2.</span> <span class='ocrx_word' id='word_1_127' title='bbox 987 1073 1109 1144; x_wconf 89' lang='lat' dir='ltr'>Denique</span> <span class='ocrx_word' id='word_1_128' title='bbox 1128 1072 1232 1144; x_wconf 88' lang='lat' dir='ltr'>primos</span> <span class='ocrx_word' id='word_1_129' title='bbox 1256 1080 1384 1142; x_wconf 84' lang='lat' dir='ltr'>parentes</span> <span class='ocrx_word' id='word_1_130' title='bbox 1408 1087 1464 1127; x_wconf 92' lang='lat' dir='ltr'>non</span> <span class='ocrx_word' id='word_1_131' title='bbox 1479 1085 1570 1136; x_wconf 87' lang='lat' dir='ltr'>ursus,</span> <span class='ocrx_word' id='word_1_132' title='bbox 1587 1075 1632 1123; x_wconf 91' lang='lat' dir='ltr'>aut</span> <span class='ocrx_word' id='word_1_133' title='bbox 1647 1067 1702 1135; x_wconf 88' lang='lat' dir='ltr'>leo,</span> 
     </span>
     <span class='ocr_line' id='line_1_11' title="bbox 53 1156 1704 1239; baseline -0.01 -10"><span class='ocrx_word' id='word_1_134' title='bbox 53 1170 213 1229; x_wconf 89' lang='lat' dir='ltr'>Secundum</span> <span class='ocrx_word' id='word_1_135' title='bbox 226 1183 292 1239; x_wconf 74' lang='lat' dir='ltr'>erqo</span> <span class='ocrx_word' id='word_1_136' title='bbox 310 1167 381 1222; x_wconf 89' lang='lat' dir='ltr'>hunc</span> <span class='ocrx_word' id='word_1_137' title='bbox 394 1165 514 1230; x_wconf 85' lang='lat' dir='ltr'>modurn,</span> <span class='ocrx_word' id='word_1_138' title='bbox 531 1174 559 1221; x_wconf 90' lang='lat' dir='ltr'>et</span> <span class='ocrx_word' id='word_1_139' title='bbox 575 1163 603 1218; x_wconf 95' lang='lat' dir='ltr'>in</span> <span class='ocrx_word' id='word_1_140' title='bbox 618 1162 744 1217; x_wconf 88' lang='lat' dir='ltr'>sensibus</span> <span class='ocrx_word' id='word_1_141' title='bbox 757 1158 855 1215; x_wconf 78' lang='lat' dir='ltr'>animae</span> <span class='ocrx_word' id='word_1_142' title='bbox 907 1162 956 1218; x_wconf 90' lang='lat' dir='ltr'>sed</span> <span class='ocrx_word' id='word_1_143' title='bbox 981 1162 1072 1234; x_wconf 90' lang='lat' dir='ltr'>potius</span> <span class='ocrx_word' id='word_1_144' title='bbox 1094 1177 1218 1232; x_wconf 90' lang='lat' dir='ltr'>serpens,</span> <span class='ocrx_word' id='word_1_145' title='bbox 1242 1161 1364 1218; x_wconf 77' lang='lat' dir='ltr'>callidior</span> <span class='ocrx_word' id='word_1_146' title='bbox 1392 1161 1496 1232; x_wconf 90' lang='lat' dir='ltr'>utique,</span> <span class='ocrx_word' id='word_1_147' title='bbox 1525 1174 1581 1214; x_wconf 91' lang='lat' dir='ltr'>non</span> <span class='ocrx_word' id='word_1_148' title='bbox 1607 1156 1704 1213; x_wconf 82' lang='lat' dir='ltr'>fertior</span> 
     </span>
     <span class='ocr_line' id='line_1_12' title="bbox 54 1245 1704 1323; baseline -0.008 -8"><span class='ocrx_word' id='word_1_149' title='bbox 54 1259 231 1319; x_wconf 81' lang='lat' dir='ltr'>considerare</span> <span class='ocrx_word' id='word_1_150' title='bbox 256 1257 319 1312; x_wconf 88' lang='lat' dir='ltr'>licet</span> <span class='ocrx_word' id='word_1_151' title='bbox 344 1255 460 1311; x_wconf 81' lang='lat' dir='ltr'>alterum</span> <span class='ocrx_word' id='word_1_152' title='bbox 485 1253 569 1309; x_wconf 82' lang='lat' dir='ltr'>altero</span> <span class='ocrx_word' id='word_1_153' title='bbox 591 1251 766 1323; x_wconf 74' lang='lat' dir='ltr'>digniorem:</span> <span class='ocrx_word' id='word_1_154' title='bbox 784 1245 855 1315; x_wconf 72' lang='lat' dir='ltr'>eund</span> <span class='ocrx_word' id='word_1_155' title='bbox 908 1251 1014 1308; x_wconf 82' lang='lat' dir='ltr'>ceteris</span> <span class='ocrx_word' id='word_1_156' title='bbox 1035 1250 1230 1317; x_wconf 90' lang='lat' dir='ltr'>animantibus,</span> <span class='ocrx_word' id='word_1_157' title='bbox 1260 1250 1462 1322; x_wconf 83' lang='lat' dir='ltr'>supplantavit;</span> <span class='ocrx_word' id='word_1_158' title='bbox 1492 1264 1543 1304; x_wconf 91' lang='lat' dir='ltr'>uec</span> <span class='ocrx_word' id='word_1_159' title='bbox 1561 1247 1704 1303; x_wconf 89' lang='lat' dir='ltr'>mulierem</span> 
     </span>
     <span class='ocr_line' id='line_1_13' title="bbox 54 1336 1702 1423; baseline -0.008 -18"><span class='ocrx_word' id='word_1_160' title='bbox 54 1349 119 1423; x_wconf 90' lang='lat' dir='ltr'>quia</span> <span class='ocrx_word' id='word_1_161' title='bbox 138 1346 287 1416; x_wconf 85' lang='lat' dir='ltr'>lacllejam</span> <span class='ocrx_word' id='word_1_162' title='bbox 299 1344 414 1414; x_wconf 89' lang='lat' dir='ltr'>potestis</span> <span class='ocrx_word' id='word_1_163' title='bbox 446 1342 596 1407; x_wconf 85' lang='lat' dir='ltr'>advertere,</span> <span class='ocrx_word' id='word_1_164' title='bbox 621 1337 760 1397; x_wconf 87' lang='lat' dir='ltr'>brevitatis</span> <span class='ocrx_word' id='word_1_165' title='bbox 775 1352 856 1392; x_wconf 82' lang='lat' dir='ltr'>causa</span> <span class='ocrx_word' id='word_1_166' title='bbox 908 1341 960 1405; x_wconf 81' lang='lat' dir='ltr'>uir,</span> <span class='ocrx_word' id='word_1_167' title='bbox 975 1340 1136 1396; x_wconf 89' lang='lat' dir='ltr'>sedmulier</span> <span class='ocrx_word' id='word_1_168' title='bbox 1151 1342 1248 1397; x_wconf 81' lang='lat' dir='ltr'>virum.</span> <span class='ocrx_word' id='word_1_169' title='bbox 1271 1340 1401 1410; x_wconf 84' lang='lat' dir='ltr'>Serpens,</span> <span class='ocrx_word' id='word_1_170' title='bbox 1417 1354 1433 1393; x_wconf 97' lang='lat' dir='ltr'>o</span> <span class='ocrx_word' id='word_1_171' title='bbox 1448 1340 1505 1394; x_wconf 88' lang='lat' dir='ltr'>Eva</span> <span class='ocrx_word' id='word_1_172' title='bbox 1521 1336 1632 1409; x_wconf 79' lang='lat' dir='ltr'>decepit</span> <span class='ocrx_word' id='word_1_173' title='bbox 1651 1343 1702 1392; x_wconf 88' lang='lat' dir='ltr'>te:</span> 
     </span>
     <span class='ocr_line' id='line_1_14' title="bbox 54 1425 1705 1510; baseline -0.005 -21"><span class='ocrx_word' id='word_1_174' title='bbox 54 1444 199 1510; x_wconf 83' lang='lat' dir='ltr'>praetereo.</span> <span class='ocrx_word' id='word_1_175' title='bbox 216 1434 286 1489; x_wconf 93' lang='lat' dir='ltr'>lllud</span> <span class='ocrx_word' id='word_1_176' title='bbox 300 1448 410 1505; x_wconf 91' lang='lat' dir='ltr'>quoque</span> <span class='ocrx_word' id='word_1_177' title='bbox 423 1439 522 1489; x_wconf 81' lang='lat' dir='ltr'>vestrae</span> <span class='ocrx_word' id='word_1_178' title='bbox 536 1429 711 1486; x_wconf 86' lang='lat' dir='ltr'>nibilominus</span> <span class='ocrx_word' id='word_1_179' title='bbox 734 1426 855 1497; x_wconf 76' lang='lat' dir='ltr'>diligen·</span> <span class='ocrx_word' id='word_1_180' title='bbox 909 1428 1016 1500; x_wconf 88' lang='lat' dir='ltr'>decepit</span> <span class='ocrx_word' id='word_1_181' title='bbox 1029 1428 1167 1501; x_wconf 84' lang='lat' dir='ltr'>proiecto,</span> <span class='ocrx_word' id='word_1_182' title='bbox 1181 1446 1235 1486; x_wconf 92' lang='lat' dir='ltr'>uon</span> <span class='ocrx_word' id='word_1_183' title='bbox 1241 1429 1351 1500; x_wconf 91' lang='lat' dir='ltr'>impulit</span> <span class='ocrx_word' id='word_1_184' title='bbox 1361 1436 1408 1485; x_wconf 88' lang='lat' dir='ltr'>aut</span> <span class='ocrx_word' id='word_1_185' title='bbox 1420 1427 1521 1495; x_wconf 68' lang='lat' dir='ltr'>coenis.</span> <span class='ocrx_word' id='word_1_186' title='bbox 1537 1426 1633 1483; x_wconf 91' lang='lat' dir='ltr'>lllulier</span> <span class='ocrx_word' id='word_1_187' title='bbox 1645 1425 1705 1495; x_wconf 90' lang='lat' dir='ltr'>tibi,</span> 
     </span>
     <span class='ocr_line' id='line_1_15' title="bbox 55 1513 1708 1593; baseline -0.007 -12"><span class='ocrx_word' id='word_1_188' title='bbox 55 1520 348 1581; x_wconf 74' lang='lat' dir='ltr'>tircanusiderandum</span> <span class='ocrx_word' id='word_1_189' title='bbox 369 1521 501 1593; x_wconf 89' lang='lat' dir='ltr'>relinquo,</span> <span class='ocrx_word' id='word_1_190' title='bbox 526 1518 600 1589; x_wconf 87' lang='lat' dir='ltr'>quod</span> <span class='ocrx_word' id='word_1_191' title='bbox 629 1513 857 1589; x_wconf 86' lang='lat' dir='ltr'>quomadmodum</span> <span class='ocrx_word' id='word_1_192' title='bbox 910 1519 1039 1587; x_wconf 71' lang='lat' dir='ltr'>oldam,</span> <span class='ocrx_word' id='word_1_193' title='bbox 1054 1520 1088 1575; x_wconf 89' lang='lat' dir='ltr'>de</span> <span class='ocrx_word' id='word_1_194' title='bbox 1102 1518 1176 1591; x_wconf 77' lang='lat' dir='ltr'>liquo</span> <span class='ocrx_word' id='word_1_195' title='bbox 1199 1519 1293 1583; x_wconf 87' lang='lat' dir='ltr'>dedit;</span> <span class='ocrx_word' id='word_1_196' title='bbox 1310 1519 1359 1574; x_wconf 90' lang='lat' dir='ltr'>sed</span> <span class='ocrx_word' id='word_1_197' title='bbox 1375 1515 1514 1573; x_wconf 84' lang='lat' dir='ltr'>ollerendo</span> <span class='ocrx_word' id='word_1_198' title='bbox 1528 1515 1633 1586; x_wconf 89' lang='lat' dir='ltr'>utique,</span> <span class='ocrx_word' id='word_1_199' title='bbox 1651 1529 1708 1570; x_wconf 88' lang='lat' dir='ltr'>noa</span> 
     </span>
     <span class='ocr_line' id='line_1_16' title="bbox 55 1602 1705 1726; baseline -0.007 -57"><span class='ocrx_word' id='word_1_200' title='bbox 55 1611 266 1684; x_wconf 89' lang='lat' dir='ltr'>artuscorporis</span> <span class='ocrx_word' id='word_1_201' title='bbox 291 1612 387 1667; x_wconf 89' lang='lat' dir='ltr'>cadere</span> <span class='ocrx_word' id='word_1_202' title='bbox 410 1624 523 1665; x_wconf 88' lang='lat' dir='ltr'>necesse</span> <span class='ocrx_word' id='word_1_203' title='bbox 541 1616 593 1674; x_wconf 86' lang='lat' dir='ltr'>est,</span> <span class='ocrx_word' id='word_1_204' title='bbox 624 1621 708 1679; x_wconf 89' lang='lat' dir='ltr'>quam</span> <span class='ocrx_word' id='word_1_205' title='bbox 731 1605 785 1660; x_wconf 89' lang='lat' dir='ltr'>cito</span> <span class='ocrx_word' id='word_1_206' title='bbox 804 1604 854 1658; x_wconf 88' lang='lat' dir='ltr'>do·</span> <span class='ocrx_word' id='word_1_207' title='bbox 873 1607 1065 1726; x_wconf 68' lang='lat' dir='ltr'>auiolentiam</span> <span class='ocrx_word' id='word_1_208' title='bbox 1093 1607 1246 1664; x_wconf 86' lang='lat' dir='ltr'>inferendo.</span> <span class='ocrx_word' id='word_1_209' title='bbox 1262 1609 1356 1678; x_wconf 88' lang='lat' dir='ltr'>Neque</span> <span class='ocrx_word' id='word_1_210' title='bbox 1372 1606 1446 1662; x_wconf 88' lang='lat' dir='ltr'>enim</span> <span class='ocrx_word' id='word_1_211' title='bbox 1467 1611 1601 1677; x_wconf 79' lang='lat' dir='ltr'>potestate</span> <span class='ocrx_word' id='word_1_212' title='bbox 1623 1602 1705 1669; x_wconf 91' lang='lat' dir='ltr'>illius,</span> 
     </span>
     <span class='ocr_line' id='line_1_17' title="bbox 53 1691 1709 1770; baseline -0.007 -11"><span class='ocrx_word' id='word_1_213' title='bbox 53 1701 131 1759; x_wconf 85' lang='lat' dir='ltr'>aierit</span> <span class='ocrx_word' id='word_1_214' title='bbox 141 1716 190 1759; x_wconf 87' lang='lat' dir='ltr'>eos</span> <span class='ocrx_word' id='word_1_215' title='bbox 200 1700 291 1756; x_wconf 90' lang='lat' dir='ltr'>anima</span> <span class='ocrx_word' id='word_1_216' title='bbox 312 1705 448 1770; x_wconf 72' lang='lat' dir='ltr'>vegetare,</span> <span class='ocrx_word' id='word_1_217' title='bbox 464 1695 505 1753; x_wconf 87' lang='lat' dir='ltr'>sic</span> <span class='ocrx_word' id='word_1_218' title='bbox 518 1704 545 1752; x_wconf 93' lang='lat' dir='ltr'>et</span> <span class='ocrx_word' id='word_1_219' title='bbox 559 1711 617 1761; x_wconf 84' lang='lat' dir='ltr'>aas,</span> <span class='ocrx_word' id='word_1_220' title='bbox 645 1710 713 1765; x_wconf 87' lang='lat' dir='ltr'>quas</span> <span class='ocrx_word' id='word_1_221' title='bbox 727 1692 854 1760; x_wconf 74' lang='lat' dir='ltr'>diximus,</span> <span class='ocrx_word' id='word_1_222' title='bbox 910 1697 959 1752; x_wconf 90' lang='lat' dir='ltr'>sed</span> <span class='ocrx_word' id='word_1_223' title='bbox 974 1704 1021 1752; x_wconf 87' lang='lat' dir='ltr'>tua</span> <span class='ocrx_word' id='word_1_224' title='bbox 1034 1696 1134 1754; x_wconf 88' lang='lat' dir='ltr'>iactum</span> <span class='ocrx_word' id='word_1_225' title='bbox 1148 1705 1190 1754; x_wconf 90' lang='lat' dir='ltr'>est</span> <span class='ocrx_word' id='word_1_226' title='bbox 1202 1697 1351 1767; x_wconf 84' lang='lat' dir='ltr'>voluntate,</span> <span class='ocrx_word' id='word_1_227' title='bbox 1371 1704 1401 1752; x_wconf 85' lang='lat' dir='ltr'>ut</span> <span class='ocrx_word' id='word_1_228' title='bbox 1415 1699 1476 1767; x_wconf 74' lang='lat' dir='ltr'>eius</span> <span class='ocrx_word' id='word_1_229' title='bbox 1490 1693 1550 1753; x_wconf 84' lang='lat' dir='ltr'>roci</span> <span class='ocrx_word' id='word_1_230' title='bbox 1569 1691 1629 1763; x_wconf 90' lang='lat' dir='ltr'>plus</span> <span class='ocrx_word' id='word_1_231' title='bbox 1643 1692 1709 1747; x_wconf 92' lang='lat' dir='ltr'>obe·</span> 
     </span>
     <span class='ocr_line' id='line_1_18' title="bbox 56 1781 1706 1863; baseline -0.007 -14"><span class='ocrx_word' id='word_1_232' title='bbox 56 1789 224 1858; x_wconf 57' lang='lat' dir='ltr'>admones,</span> <span class='ocrx_word' id='word_1_233' title='bbox 237 1804 299 1863; x_wconf 79' lang='lat' dir='ltr'>quae</span> <span class='ocrx_word' id='word_1_234' title='bbox 313 1799 375 1844; x_wconf 89' lang='lat' dir='ltr'>suut</span> <span class='ocrx_word' id='word_1_235' title='bbox 385 1786 594 1857; x_wconf 76' lang='lat' dir='ltr'>velutquaedam</span> <span class='ocrx_word' id='word_1_236' title='bbox 608 1783 706 1840; x_wconf 84' lang='lat' dir='ltr'>animae</span> <span class='ocrx_word' id='word_1_237' title='bbox 720 1781 855 1854; x_wconf 88' lang='lat' dir='ltr'>membra,</span> <span class='ocrx_word' id='word_1_238' title='bbox 887 1849 890 1853; x_wconf 20' lang='lat'><strong>¹</strong></span> <span class='ocrx_word' id='word_1_239' title='bbox 911 1785 993 1842; x_wconf 89' lang='lat' dir='ltr'>dieris</span> <span class='ocrx_word' id='word_1_240' title='bbox 1012 1801 1094 1859; x_wconf 87' lang='lat' dir='ltr'>quam</span> <span class='ocrx_word' id='word_1_241' title='bbox 1117 1786 1224 1843; x_wconf 81' lang='lat' dir='ltr'>divina.</span> <span class='ocrx_word' id='word_1_242' title='bbox 1241 1787 1377 1843; x_wconf 78' lang='lat' dir='ltr'>catorum</span> <span class='ocrx_word' id='word_1_243' title='bbox 1400 1785 1423 1841; x_wconf 90' lang='lat' dir='ltr'>si</span> <span class='ocrx_word' id='word_1_244' title='bbox 1437 1785 1485 1840; x_wconf 91' lang='lat' dir='ltr'>ille</span> <span class='ocrx_word' id='word_1_245' title='bbox 1499 1782 1622 1840; x_wconf 86' lang='lat' dir='ltr'>sibinen</span> <span class='ocrx_word' id='word_1_246' title='bbox 1637 1795 1706 1852; x_wconf 78' lang='lat' dir='ltr'>prae·</span> 
     </span>
     <span class='ocr_line' id='line_1_19' title="bbox 55 1871 1706 1948; baseline -0.007 -12"><span class='ocrx_word' id='word_1_247' title='bbox 55 1880 121 1937; x_wconf 89' lang='lat' dir='ltr'>siue</span> <span class='ocrx_word' id='word_1_248' title='bbox 148 1879 241 1935; x_wconf 77' lang='lat' dir='ltr'>mima</span> <span class='ocrx_word' id='word_1_249' title='bbox 257 1876 345 1948; x_wconf 88' lang='lat' dir='ltr'>ipsius</span> <span class='ocrx_word' id='word_1_250' title='bbox 372 1875 556 1947; x_wconf 71' lang='lat' dir='ltr'>animalque</span> <span class='ocrx_word' id='word_1_251' title='bbox 583 1874 659 1930; x_wconf 85' lang='lat' dir='ltr'>Dens</span> <span class='ocrx_word' id='word_1_252' title='bbox 687 1872 740 1943; x_wconf 84' lang='lat' dir='ltr'>est)</span> <span class='ocrx_word' id='word_1_253' title='bbox 759 1872 856 1928; x_wconf 74' lang='lat' dir='ltr'>endere</span> <span class='ocrx_word' id='word_1_254' title='bbox 910 1874 1114 1948; x_wconf 75' lang='lat' dir='ltr'>caritiqnarus,</span> <span class='ocrx_word' id='word_1_255' title='bbox 1130 1891 1181 1932; x_wconf 89' lang='lat' dir='ltr'>nos</span> <span class='ocrx_word' id='word_1_256' title='bbox 1204 1874 1302 1932; x_wconf 90' lang='lat' dir='ltr'>saltem</span> <span class='ocrx_word' id='word_1_257' title='bbox 1326 1875 1406 1931; x_wconf 91' lang='lat' dir='ltr'>nobis</span> <span class='ocrx_word' id='word_1_258' title='bbox 1428 1881 1468 1931; x_wconf 87' lang='lat' dir='ltr'>tot</span> <span class='ocrx_word' id='word_1_259' title='bbox 1483 1871 1614 1943; x_wconf 81' lang='lat' dir='ltr'>exemplis</span> <span class='ocrx_word' id='word_1_260' title='bbox 1633 1885 1706 1942; x_wconf 85' lang='lat' dir='ltr'>prae-</span> 
     </span>
     <span class='ocr_line' id='line_1_20' title="bbox 56 1958 1707 2036; baseline -0.007 -10"><span class='ocrx_word' id='word_1_261' title='bbox 56 1967 171 2026; x_wconf 72' lang='lat' dir='ltr'>ommno</span> <span class='ocrx_word' id='word_1_262' title='bbox 184 1981 297 2023; x_wconf 86' lang='lat' dir='ltr'>necesse</span> <span class='ocrx_word' id='word_1_263' title='bbox 314 1972 356 2023; x_wconf 85' lang='lat' dir='ltr'>est</span> <span class='ocrx_word' id='word_1_264' title='bbox 372 1983 380 2036; x_wconf 78' lang='lat'>3</span> <span class='ocrx_word' id='word_1_265' title='bbox 396 1971 529 2036; x_wconf 88' lang='lat' dir='ltr'>quatenus</span> <span class='ocrx_word' id='word_1_266' title='bbox 552 1961 677 2019; x_wconf 83' lang='lat' dir='ltr'>videlicet</span> <span class='ocrx_word' id='word_1_267' title='bbox 690 1968 737 2017; x_wconf 89' lang='lat' dir='ltr'>aut</span> <span class='ocrx_word' id='word_1_268' title='bbox 750 1976 783 2016; x_wconf 82' lang='lat' dir='ltr'>ss</span> <span class='ocrx_word' id='word_1_269' title='bbox 799 1967 857 2017; x_wconf 87' lang='lat' dir='ltr'>toto</span> <span class='ocrx_word' id='word_1_270' title='bbox 911 1961 1007 2018; x_wconf 91' lang='lat' dir='ltr'>moniti</span> <span class='ocrx_word' id='word_1_271' title='bbox 1029 1977 1182 2020; x_wconf 87' lang='lat' dir='ltr'>caveamus.</span> <span class='ocrx_word' id='word_1_272' title='bbox 1217 1965 1274 2019; x_wconf 93' lang='lat' dir='ltr'>lmo</span> <span class='ocrx_word' id='word_1_273' title='bbox 1301 1977 1371 2019; x_wconf 85' lang='lat' dir='ltr'>vero</span> <span class='ocrx_word' id='word_1_274' title='bbox 1402 1962 1532 2035; x_wconf 81' lang='lat' dir='ltr'>quoniam</span> <span class='ocrx_word' id='word_1_275' title='bbox 1564 1958 1707 2033; x_wconf 85' lang='lat' dir='ltr'>periclitati</span> 
     </span>
     <span class='ocr_line' id='line_1_21' title="bbox 57 2048 1707 2128; baseline -0.007 -15"><span class='ocrx_word' id='word_1_276' title='bbox 57 2072 116 2113; x_wconf 88' lang='lat' dir='ltr'>non</span> <span class='ocrx_word' id='word_1_277' title='bbox 131 2055 262 2128; x_wconf 69' lang='lat' dir='ltr'>diligatur</span> <span class='ocrx_word' id='word_1_278' title='bbox 277 2053 352 2127; x_wconf 90' lang='lat' dir='ltr'>quod</span> <span class='ocrx_word' id='word_1_279' title='bbox 373 2052 545 2124; x_wconf 76' lang='lat' dir='ltr'>diligendum</span> <span class='ocrx_word' id='word_1_280' title='bbox 564 2059 622 2115; x_wconf 86' lang='lat' dir='ltr'>est;</span> <span class='ocrx_word' id='word_1_281' title='bbox 638 2057 684 2106; x_wconf 87' lang='lat' dir='ltr'>snt</span> <span class='ocrx_word' id='word_1_282' title='bbox 710 2064 765 2105; x_wconf 91' lang='lat' dir='ltr'>nau</span> <span class='ocrx_word' id='word_1_283' title='bbox 792 2048 858 2103; x_wconf 94' lang='lat' dir='ltr'>dili·</span> <span class='ocrx_word' id='word_1_284' title='bbox 912 2067 1005 2107; x_wconf 88' lang='lat' dir='ltr'>sumus</span> <span class='ocrx_word' id='word_1_285' title='bbox 1018 2059 1045 2109; x_wconf 91' lang='lat' dir='ltr'>et</span> <span class='ocrx_word' id='word_1_286' title='bbox 1059 2067 1109 2107; x_wconf 93' lang='lat' dir='ltr'>uos</span> <span class='ocrx_word' id='word_1_287' title='bbox 1132 2052 1322 2109; x_wconf 89' lang='lat' dir='ltr'>miserabiliter</span> <span class='ocrx_word' id='word_1_288' title='bbox 1335 2052 1364 2108; x_wconf 93' lang='lat' dir='ltr'>in</span> <span class='ocrx_word' id='word_1_289' title='bbox 1378 2052 1430 2108; x_wconf 90' lang='lat' dir='ltr'>hac</span> <span class='ocrx_word' id='word_1_290' title='bbox 1446 2058 1533 2123; x_wconf 87' lang='lat' dir='ltr'>parto,</span> <span class='ocrx_word' id='word_1_291' title='bbox 1559 2049 1707 2105; x_wconf 82' lang='lat' dir='ltr'>decaetero</span> 
     </span>
     <span class='ocr_line' id='line_1_22' title="bbox 57 2136 1709 2222; baseline -0.007 -20"><span class='ocrx_word' id='word_1_292' title='bbox 57 2152 142 2222; x_wconf 66' lang='lat' dir='ltr'>gatar</span> <span class='ocrx_word' id='word_1_293' title='bbox 164 2144 200 2199; x_wconf 85' lang='lat' dir='ltr'>ad</span> <span class='ocrx_word' id='word_1_294' title='bbox 214 2143 287 2217; x_wconf 92' lang='lat' dir='ltr'>quod</span> <span class='ocrx_word' id='word_1_295' title='bbox 320 2141 413 2208; x_wconf 85' lang='lat' dir='ltr'>debet,</span> <span class='ocrx_word' id='word_1_296' title='bbox 442 2147 491 2198; x_wconf 90' lang='lat' dir='ltr'>aut</span> <span class='ocrx_word' id='word_1_297' title='bbox 518 2139 654 2212; x_wconf 89' lang='lat' dir='ltr'>quomodo</span> <span class='ocrx_word' id='word_1_298' title='bbox 685 2137 774 2193; x_wconf 91' lang='lat' dir='ltr'>debet.</span> <span class='ocrx_word' id='word_1_299' title='bbox 790 2136 859 2193; x_wconf 87' lang='lat' dir='ltr'>Sunt</span> <span class='ocrx_word' id='word_1_300' title='bbox 909 2139 968 2211; x_wconf 87' lang='lat' dir='ltr'>jam</span> <span class='ocrx_word' id='word_1_301' title='bbox 991 2139 1144 2197; x_wconf 89' lang='lat' dir='ltr'>remedium</span> <span class='ocrx_word' id='word_1_302' title='bbox 1171 2140 1280 2215; x_wconf 82' lang='lat' dir='ltr'>aliquod</span> <span class='ocrx_word' id='word_1_303' title='bbox 1293 2139 1376 2197; x_wconf 87' lang='lat' dir='ltr'>tantis</span> <span class='ocrx_word' id='word_1_304' title='bbox 1396 2139 1536 2211; x_wconf 86' lang='lat' dir='ltr'>previdere</span> <span class='ocrx_word' id='word_1_305' title='bbox 1555 2137 1635 2193; x_wconf 90' lang='lat' dir='ltr'>malis</span> <span class='ocrx_word' id='word_1_306' title='bbox 1650 2137 1709 2192; x_wconf 91' lang='lat' dir='ltr'>sol·</span> 
     </span>
     <span class='ocr_line' id='line_1_23' title="bbox 57 2226 1707 2306; baseline -0.007 -15"><span class='ocrx_word' id='word_1_307' title='bbox 57 2233 132 2291; x_wconf 82' lang='lat' dir='ltr'>enim</span> <span class='ocrx_word' id='word_1_308' title='bbox 151 2232 200 2306; x_wconf 84' lang='lat' dir='ltr'>qui</span> <span class='ocrx_word' id='word_1_309' title='bbox 222 2238 351 2302; x_wconf 87' lang='lat' dir='ltr'>parentes</span> <span class='ocrx_word' id='word_1_310' title='bbox 365 2229 509 2286; x_wconf 72' lang='lat' dir='ltr'>mrnabter</span> <span class='ocrx_word' id='word_1_311' title='bbox 535 2235 641 2284; x_wconf 91' lang='lat' dir='ltr'>tantum</span> <span class='ocrx_word' id='word_1_312' title='bbox 677 2226 794 2298; x_wconf 69' lang='lat' dir='ltr'>diligunt</span> <span class='ocrx_word' id='word_1_313' title='bbox 809 2243 816 2282; x_wconf 92' lang='lat'>:</span> <span class='ocrx_word' id='word_1_314' title='bbox 832 2234 860 2282; x_wconf 90' lang='lat' dir='ltr'>et</span> <span class='ocrx_word' id='word_1_315' title='bbox 912 2229 984 2286; x_wconf 89' lang='lat' dir='ltr'>licite</span> <span class='ocrx_word' id='word_1_316' title='bbox 1005 2230 1175 2286; x_wconf 85' lang='lat' dir='ltr'>studeamus.</span> <span class='ocrx_word' id='word_1_317' title='bbox 1199 2229 1315 2301; x_wconf 85' lang='lat' dir='ltr'>Quando</span> <span class='ocrx_word' id='word_1_318' title='bbox 1339 2229 1413 2286; x_wconf 92' lang='lat' dir='ltr'>enim</span> <span class='ocrx_word' id='word_1_319' title='bbox 1437 2228 1516 2286; x_wconf 79' lang='lat' dir='ltr'>tortis</span> <span class='ocrx_word' id='word_1_320' title='bbox 1541 2226 1586 2283; x_wconf 91' lang='lat' dir='ltr'>ille</span> <span class='ocrx_word' id='word_1_321' title='bbox 1613 2241 1707 2282; x_wconf 88' lang='lat' dir='ltr'>arma-</span> 
     </span>
     <span class='ocr_line' id='line_1_24' title="bbox 57 2314 1708 2394; baseline -0.006 -16"><span class='ocrx_word' id='word_1_322' title='bbox 57 2321 234 2394; x_wconf 83' lang='lat' dir='ltr'>ipaiquoque</span> <span class='ocrx_word' id='word_1_323' title='bbox 248 2317 622 2386; x_wconf 73' lang='lat' dir='ltr'>mutilantorbominqoum</span> <span class='ocrx_word' id='word_1_324' title='bbox 633 2315 856 2372; x_wconf 73' lang='lat' dir='ltr'>benetomriteis.</span> <span class='ocrx_word' id='word_1_325' title='bbox 912 2325 964 2383; x_wconf 84' lang='lat' dir='ltr'>tus,</span> <span class='ocrx_word' id='word_1_326' title='bbox 993 2334 1077 2391; x_wconf 90' lang='lat' dir='ltr'>quem</span> <span class='ocrx_word' id='word_1_327' title='bbox 1095 2319 1192 2375; x_wconf 87' lang='lat' dir='ltr'>lortior</span> <span class='ocrx_word' id='word_1_328' title='bbox 1219 2319 1414 2391; x_wconf 82' lang='lat' dir='ltr'>superveniens</span> <span class='ocrx_word' id='word_1_329' title='bbox 1441 2316 1574 2390; x_wconf 79' lang='lat' dir='ltr'>alligauit,</span> <span class='ocrx_word' id='word_1_330' title='bbox 1607 2314 1708 2371; x_wconf 90' lang='lat' dir='ltr'>atrium</span> 
     </span>
     <span class='ocr_line' id='line_1_25' title="bbox 61 2403 1709 2481; baseline -0.005 -15"><span class='ocrx_word' id='word_1_331' title='bbox 61 2410 117 2476; x_wconf 80' lang='lat' dir='ltr'>Sed</span> <span class='ocrx_word' id='word_1_332' title='bbox 132 2406 407 2481; x_wconf 82' lang='lat' dir='ltr'>hujusmodidilectio</span> <span class='ocrx_word' id='word_1_333' title='bbox 421 2414 469 2463; x_wconf 90' lang='lat' dir='ltr'>aut</span> <span class='ocrx_word' id='word_1_334' title='bbox 483 2405 596 2463; x_wconf 90' lang='lat' dir='ltr'>omnino</span> <span class='ocrx_word' id='word_1_335' title='bbox 615 2404 737 2461; x_wconf 79' lang='lat' dir='ltr'>vocanda</span> <span class='ocrx_word' id='word_1_336' title='bbox 751 2403 860 2461; x_wconf 89' lang='lat' dir='ltr'>dilectio</span> <span class='ocrx_word' id='word_1_337' title='bbox 912 2405 978 2462; x_wconf 91' lang='lat' dir='ltr'>illud</span> <span class='ocrx_word' id='word_1_338' title='bbox 992 2405 1058 2462; x_wconf 91' lang='lat' dir='ltr'>olim</span> <span class='ocrx_word' id='word_1_339' title='bbox 1085 2423 1166 2463; x_wconf 94' lang='lat' dir='ltr'>suum</span> <span class='ocrx_word' id='word_1_340' title='bbox 1189 2408 1272 2464; x_wconf 82' lang='lat' dir='ltr'>vilait</span> <span class='ocrx_word' id='word_1_341' title='bbox 1295 2407 1422 2465; x_wconf 84' lang='lat' dir='ltr'>violentia</span> <span class='ocrx_word' id='word_1_342' title='bbox 1444 2406 1535 2478; x_wconf 85' lang='lat' dir='ltr'>aliqua</span> <span class='ocrx_word' id='word_1_343' title='bbox 1563 2404 1709 2462; x_wconf 76' lang='lat' dir='ltr'>obtineret</span> 
     </span>
     <span class='ocr_line' id='line_1_26' title="bbox 52 2488 1709 2570; baseline -0.005 -13"><span class='ocrx_word' id='word_1_344' title='bbox 52 2488 117 2557; x_wconf 78' lang='lat' dir='ltr'>¹anas</span> <span class='ocrx_word' id='word_1_345' title='bbox 129 2506 181 2567; x_wconf 85' lang='lat' dir='ltr'>eat,</span> <span class='ocrx_word' id='word_1_346' title='bbox 196 2507 245 2554; x_wconf 90' lang='lat' dir='ltr'>aut</span> <span class='ocrx_word' id='word_1_347' title='bbox 269 2497 374 2555; x_wconf 86' lang='lat' dir='ltr'>caduca</span> <span class='ocrx_word' id='word_1_348' title='bbox 405 2503 456 2566; x_wconf 88' lang='lat' dir='ltr'>est,</span> <span class='ocrx_word' id='word_1_349' title='bbox 490 2502 517 2552; x_wconf 92' lang='lat' dir='ltr'>et</span> <span class='ocrx_word' id='word_1_350' title='bbox 549 2493 678 2551; x_wconf 87' lang='lat' dir='ltr'>decidens</span> <span class='ocrx_word' id='word_1_351' title='bbox 692 2493 720 2548; x_wconf 93' lang='lat' dir='ltr'>in</span> <span class='ocrx_word' id='word_1_352' title='bbox 747 2499 857 2549; x_wconf 87' lang='lat' dir='ltr'>terram.</span> <span class='ocrx_word' id='word_1_353' title='bbox 913 2495 967 2552; x_wconf 89' lang='lat' dir='ltr'>Sed</span> <span class='ocrx_word' id='word_1_354' title='bbox 990 2511 1107 2552; x_wconf 84' lang='lat' dir='ltr'>vacuum</span> <span class='ocrx_word' id='word_1_355' title='bbox 1129 2497 1236 2570; x_wconf 88' lang='lat' dir='ltr'>sibique</span> <span class='ocrx_word' id='word_1_356' title='bbox 1259 2497 1420 2568; x_wconf 88' lang='lat' dir='ltr'>insipienter</span> <span class='ocrx_word' id='word_1_357' title='bbox 1442 2495 1595 2566; x_wconf 81' lang='lat' dir='ltr'>expositum</span> <span class='ocrx_word' id='word_1_358' title='bbox 1619 2493 1709 2549; x_wconf 92' lang='lat' dir='ltr'>domi-</span> 
     </span>
     <span class='ocr_line' id='line_1_27' title="bbox 363 2582 1708 2658; baseline -0.004 -16"><span class='ocrx_word' id='word_1_359' title='bbox 363 2601 485 2658; x_wconf 68' lang='lat' dir='ltr'>sgquo</span> <span class='ocrx_word' id='word_1_360' title='bbox 502 2601 553 2656; x_wconf 76' lang='grc' dir='ltr'>χι,</span> <span class='ocrx_word' id='word_1_361' title='bbox 914 2583 1004 2640; x_wconf 88' lang='lat' dir='ltr'>cilium</span> <span class='ocrx_word' id='word_1_362' title='bbox 1028 2585 1137 2656; x_wconf 90' lang='lat' dir='ltr'>reperit,</span> <span class='ocrx_word' id='word_1_363' title='bbox 1157 2593 1184 2641; x_wconf 92' lang='lat' dir='ltr'>et</span> <span class='ocrx_word' id='word_1_364' title='bbox 1210 2601 1274 2642; x_wconf 93' lang='lat' dir='ltr'>cum</span> <span class='ocrx_word' id='word_1_365' title='bbox 1301 2586 1360 2642; x_wconf 89' lang='lat' dir='ltr'>aliis</span> <span class='ocrx_word' id='word_1_366' title='bbox 1388 2593 1494 2656; x_wconf 89' lang='lat' dir='ltr'>septem</span> <span class='ocrx_word' id='word_1_367' title='bbox 1520 2582 1708 2656; x_wconf 87' lang='lat' dir='ltr'>nequioribus,</span> 
     </span>
    </p>

    <p class='ocr_par' dir='ltr' id='par_1_3' title="bbox 51 2671 1712 2834">
     <span class='ocr_line' id='line_1_28' title="bbox 51 2671 1711 2767; baseline -0.002 -37"><span class='ocrx_word' id='word_1_368' title='bbox 51 2693 212 2767; x_wconf 34' lang='lat' dir='ltr'>,mum-</span> <span class='ocrx_word' id='word_1_369' title='bbox 226 2692 371 2765; x_wconf 55' lang='lat' dir='ltr'>baptimo,</span> <span class='ocrx_word' id='word_1_370' title='bbox 387 2695 417 2747; x_wconf 58' lang='lat' dir='ltr'>ct</span> <span class='ocrx_word' id='word_1_371' title='bbox 430 2692 463 2748; x_wconf 56' lang='lat' dir='ltr'>dp</span> <span class='ocrx_word' id='word_1_372' title='bbox 473 2689 662 2762; x_wconf 55' lang='lat' dir='ltr'>relinquenda</span> <span class='ocrx_word' id='word_1_373' title='bbox 678 2688 796 2762; x_wconf 54' lang='lat' dir='ltr'>promta</span> <span class='ocrx_word' id='word_1_374' title='bbox 812 2706 858 2748; x_wconf 66' lang='lat' dir='ltr'>vo.</span> <span class='ocrx_word' id='word_1_375' title='bbox 913 2688 969 2729; x_wconf 90' lang='lat' dir='ltr'>non</span> <span class='ocrx_word' id='word_1_376' title='bbox 979 2672 1148 2740; x_wconf 85' lang='lat' dir='ltr'>fortioribus,</span> <span class='ocrx_word' id='word_1_377' title='bbox 1160 2675 1315 2748; x_wconf 72' lang='lat' dir='ltr'>ingrediens</span> <span class='ocrx_word' id='word_1_378' title='bbox 1323 2690 1378 2730; x_wconf 95' lang='lat' dir='ltr'>non</span> <span class='ocrx_word' id='word_1_379' title='bbox 1389 2674 1504 2741; x_wconf 87' lang='lat' dir='ltr'>irruens,</span> <span class='ocrx_word' id='word_1_380' title='bbox 1517 2673 1601 2728; x_wconf 91' lang='lat' dir='ltr'>libere</span> <span class='ocrx_word' id='word_1_381' title='bbox 1610 2671 1711 2727; x_wconf 84' lang='lat' dir='ltr'>babita-</span> 
     </span>
     <span class='ocr_line' id='line_1_29' title="bbox 392 2759 1712 2834; baseline -0.004 -15"><span class='ocrx_word' id='word_1_382' title='bbox 392 2763 516 2820; x_wconf 83' lang='lat' dir='ltr'>taatate.</span> <span class='ocrx_word' id='word_1_383' title='bbox 913 2759 1036 2831; x_wconf 84' lang='lat' dir='ltr'>vit(Lac.</span> <span class='ocrx_word' id='word_1_384' title='bbox 1048 2777 1088 2828; x_wconf 86' lang='grc' dir='ltr'>ιι,</span> <span class='ocrx_word' id='word_1_385' title='bbox 1100 2761 1281 2834; x_wconf 67' lang='lat' dir='ltr'>sanatoris</span> <span class='ocrx_word' id='word_1_386' title='bbox 1289 2778 1354 2819; x_wconf 85' lang='lat' dir='ltr'>vero</span> <span class='ocrx_word' id='word_1_387' title='bbox 1365 2762 1443 2817; x_wconf 88' lang='lat' dir='ltr'>illum</span> <span class='ocrx_word' id='word_1_388' title='bbox 1458 2761 1576 2827; x_wconf 87' lang='lat' dir='ltr'>admisit,</span> <span class='ocrx_word' id='word_1_389' title='bbox 1588 2760 1640 2816; x_wconf 87' lang='lat' dir='ltr'>nisi</span> <span class='ocrx_word' id='word_1_390' title='bbox 1653 2776 1712 2830; x_wconf 90' lang='lat' dir='ltr'>pro·</span> 
     </span>
    </p>

    <p class='ocr_par' dir='ltr' id='par_1_4' title="bbox 60 2847 1752 3189">
     <span class='ocr_line' id='line_1_30' title="bbox 97 2847 1712 2923; baseline -0.004 -14"><span class='ocrx_word' id='word_1_391' title='bbox 97 2856 126 2912; x_wconf 83' lang='lat' dir='ltr'>t.</span> <span class='ocrx_word' id='word_1_392' title='bbox 151 2851 244 2920; x_wconf 86' lang='lat' dir='ltr'>Scitis,</span> <span class='ocrx_word' id='word_1_393' title='bbox 259 2850 357 2908; x_wconf 83' lang='lat' dir='ltr'>iratres</span> <span class='ocrx_word' id='word_1_394' title='bbox 371 2850 537 2923; x_wconf 82' lang='lat' dir='ltr'>(firmissime</span> <span class='ocrx_word' id='word_1_395' title='bbox 565 2849 638 2904; x_wconf 87' lang='lat' dir='ltr'>euim</span> <span class='ocrx_word' id='word_1_396' title='bbox 652 2847 750 2906; x_wconf 88' lang='lat' dir='ltr'>tenetis</span> <span class='ocrx_word' id='word_1_397' title='bbox 767 2850 862 2905; x_wconf 88' lang='lat' dir='ltr'>catbo·</span> <span class='ocrx_word' id='word_1_398' title='bbox 914 2849 973 2920; x_wconf 88' lang='lat' dir='ltr'>pria</span> <span class='ocrx_word' id='word_1_399' title='bbox 982 2849 1194 2922; x_wconf 80' lang='lat' dir='ltr'>voluntnsllpsa</span> <span class='ocrx_word' id='word_1_400' title='bbox 1203 2859 1245 2908; x_wconf 87' lang='lat' dir='ltr'>est</span> <span class='ocrx_word' id='word_1_401' title='bbox 1259 2851 1358 2923; x_wconf 74' lang='lat' dir='ltr'>quasin</span> <span class='ocrx_word' id='word_1_402' title='bbox 1367 2858 1530 2922; x_wconf 87' lang='lat' dir='ltr'>potestatem</span> <span class='ocrx_word' id='word_1_403' title='bbox 1538 2850 1712 2905; x_wconf 88' lang='lat' dir='ltr'>tenebrarum</span> 
     </span>
     <span class='ocr_line' id='line_1_31' title="bbox 60 2917 1710 3012; baseline -0.005 -12"><span class='ocrx_word' id='word_1_404' title='bbox 60 2942 144 3000; x_wconf 83' lang='lat' dir='ltr'>licam</span> <span class='ocrx_word' id='word_1_405' title='bbox 155 2940 396 3012; x_wconf 73' lang='lat' dir='ltr'>rerlutemlquod</span> <span class='ocrx_word' id='word_1_406' title='bbox 421 2938 449 2994; x_wconf 94' lang='lat' dir='ltr'>iu</span> <span class='ocrx_word' id='word_1_407' title='bbox 482 2938 646 3010; x_wconf 87' lang='lat' dir='ltr'>baptismate</span> <span class='ocrx_word' id='word_1_408' title='bbox 668 2937 861 2993; x_wconf 90' lang='lat' dir='ltr'>abrenuntian-</span> <span class='ocrx_word' id='word_1_409' title='bbox 876 2917 898 2996; x_wconf 66' lang='grc' dir='ltr'><strong>Β</strong></span> <span class='ocrx_word' id='word_1_410' title='bbox 912 2935 1003 2994; x_wconf 91' lang='lat' dir='ltr'>denua</span> <span class='ocrx_word' id='word_1_411' title='bbox 1013 2939 1092 2994; x_wconf 90' lang='lat' dir='ltr'>rediit</span> <span class='ocrx_word' id='word_1_412' title='bbox 1100 2956 1161 3011; x_wconf 81' lang='lat' dir='ltr'>quae</span> <span class='ocrx_word' id='word_1_413' title='bbox 1174 2955 1226 2995; x_wconf 89' lang='lat' dir='ltr'>uos</span> <span class='ocrx_word' id='word_1_414' title='bbox 1236 2939 1332 2995; x_wconf 88' lang='lat' dir='ltr'>iterum</span> <span class='ocrx_word' id='word_1_415' title='bbox 1339 2938 1460 2996; x_wconf 91' lang='lat' dir='ltr'>subdidit</span> <span class='ocrx_word' id='word_1_416' title='bbox 1474 2938 1569 2993; x_wconf 90' lang='lat' dir='ltr'>mortis</span> <span class='ocrx_word' id='word_1_417' title='bbox 1584 2937 1710 3008; x_wconf 90' lang='lat' dir='ltr'>imperio.</span> 
     </span>
     <span class='ocr_line' id='line_1_32' title="bbox 62 3025 1752 3103; baseline -0.006 -14"><span class='ocrx_word' id='word_1_418' title='bbox 62 3039 104 3089; x_wconf 88' lang='lat' dir='ltr'>tas</span> <span class='ocrx_word' id='word_1_419' title='bbox 122 3029 230 3088; x_wconf 82' lang='lat' dir='ltr'>diabolo</span> <span class='ocrx_word' id='word_1_420' title='bbox 251 3028 333 3085; x_wconf 89' lang='lat' dir='ltr'>Pater</span> <span class='ocrx_word' id='word_1_421' title='bbox 359 3028 478 3085; x_wconf 67' lang='lat' dir='ltr'>coelmtis</span> <span class='ocrx_word' id='word_1_422' title='bbox 510 3029 621 3098; x_wconf 88' lang='lat' dir='ltr'>adoptet</span> <span class='ocrx_word' id='word_1_423' title='bbox 644 3037 672 3082; x_wconf 88' lang='lat' dir='ltr'>et</span> <span class='ocrx_word' id='word_1_424' title='bbox 694 3026 720 3081; x_wconf 88' lang='lat' dir='ltr'>ln</span> <span class='ocrx_word' id='word_1_425' title='bbox 743 3042 859 3099; x_wconf 73' lang='lat' dir='ltr'>regnum</span> <span class='ocrx_word' id='word_1_426' title='bbox 951 3028 979 3082; x_wconf 81' lang='grc'>3.</span> <span class='ocrx_word' id='word_1_427' title='bbox 1002 3027 1081 3099; x_wconf 81' lang='lat' dir='ltr'>Veni,</span> <span class='ocrx_word' id='word_1_428' title='bbox 1106 3028 1224 3083; x_wconf 88' lang='lat' dir='ltr'>Domine</span> <span class='ocrx_word' id='word_1_429' title='bbox 1251 3026 1324 3098; x_wconf 88' lang='lat' dir='ltr'>lesu,</span> <span class='ocrx_word' id='word_1_430' title='bbox 1349 3027 1411 3083; x_wconf 84' lang='lat' dir='ltr'>veui</span> <span class='ocrx_word' id='word_1_431' title='bbox 1437 3029 1518 3082; x_wconf 85' lang='lat' dir='ltr'>etiam</span> <span class='ocrx_word' id='word_1_432' title='bbox 1538 3029 1620 3094; x_wconf 89' lang='lat' dir='ltr'>nudo,</span> <span class='ocrx_word' id='word_1_433' title='bbox 1645 3025 1710 3080; x_wconf 83' lang='lat' dir='ltr'>lesu</span> <span class='ocrx_word' id='word_1_434' title='bbox 1749 3097 1752 3103; x_wconf 25' lang='grc' dir='ltr'>Ι</span> 
     </span>
     <span class='ocr_line' id='line_1_33' title="bbox 61 3113 1713 3189; baseline -0.005 -11"><span class='ocrx_word' id='word_1_435' title='bbox 61 3119 122 3178; x_wconf 79' lang='lat' dir='ltr'>Filii</span> <span class='ocrx_word' id='word_1_436' title='bbox 137 3118 269 3176; x_wconf 79' lang='lat' dir='ltr'>claritatis</span> <span class='ocrx_word' id='word_1_437' title='bbox 289 3133 346 3173; x_wconf 78' lang='lat' dir='ltr'>suaa</span> <span class='ocrx_word' id='word_1_438' title='bbox 366 3118 399 3174; x_wconf 92' lang='lat' dir='ltr'>de</span> <span class='ocrx_word' id='word_1_439' title='bbox 422 3123 555 3189; x_wconf 83' lang='lat' dir='ltr'>potestate</span> <span class='ocrx_word' id='word_1_440' title='bbox 571 3113 714 3171; x_wconf 79' lang='lat' dir='ltr'>transierat</span> <span class='ocrx_word' id='word_1_441' title='bbox 739 3115 862 3171; x_wconf 87' lang='lat' dir='ltr'>tenebra-</span> <span class='ocrx_word' id='word_1_442' title='bbox 917 3113 997 3181; x_wconf 90' lang='lat' dir='ltr'>boue,</span> <span class='ocrx_word' id='word_1_443' title='bbox 1026 3116 1096 3184; x_wconf 85' lang='lat' dir='ltr'>ejice</span> <span class='ocrx_word' id='word_1_444' title='bbox 1118 3116 1219 3171; x_wconf 90' lang='lat' dir='ltr'>iterum</span> <span class='ocrx_word' id='word_1_445' title='bbox 1242 3114 1349 3172; x_wconf 78' lang='lat' dir='ltr'>fortiter</span> <span class='ocrx_word' id='word_1_446' title='bbox 1370 3131 1452 3186; x_wconf 89' lang='lat' dir='ltr'>quem</span> <span class='ocrx_word' id='word_1_447' title='bbox 1479 3131 1528 3170; x_wconf 91' lang='lat' dir='ltr'>nos</span> <span class='ocrx_word' id='word_1_448' title='bbox 1556 3113 1713 3184; x_wconf 85' lang='lat' dir='ltr'>insipienter</span> 
     </span>
    </p>
   </div>
   <div class='ocr_carea' id='block_1_3' title="bbox 62 3201 1829 3277">
    <p class='ocr_par' dir='ltr' id='par_1_5' title="bbox 62 3201 1829 3277">
     <span class='ocr_line' id='line_1_34' title="bbox 62 3201 1829 3277; baseline -0.006 -11"><span class='ocrx_word' id='word_1_449' title='bbox 62 3225 137 3266; x_wconf 79' lang='lat' dir='ltr'>rum.</span> <span class='ocrx_word' id='word_1_450' title='bbox 146 3206 281 3263; x_wconf 86' lang='lat' dir='ltr'>Nimirum</span> <span class='ocrx_word' id='word_1_451' title='bbox 295 3206 354 3277; x_wconf 90' lang='lat' dir='ltr'>ipsa</span> <span class='ocrx_word' id='word_1_452' title='bbox 367 3213 409 3262; x_wconf 86' lang='lat' dir='ltr'>est</span> <span class='ocrx_word' id='word_1_453' title='bbox 434 3205 506 3263; x_wconf 87' lang='lat' dir='ltr'>stola</span> <span class='ocrx_word' id='word_1_454' title='bbox 521 3205 618 3275; x_wconf 89' lang='lat' dir='ltr'>prima,</span> <span class='ocrx_word' id='word_1_455' title='bbox 634 3218 717 3276; x_wconf 61' lang='lat' dir='ltr'>mam</span> <span class='ocrx_word' id='word_1_456' title='bbox 732 3219 795 3260; x_wconf 84' lang='lat' dir='ltr'>vere</span> <span class='ocrx_word' id='word_1_457' title='bbox 810 3203 863 3259; x_wconf 89' lang='lat' dir='ltr'>cito</span> <span class='ocrx_word' id='word_1_458' title='bbox 916 3201 1083 3259; x_wconf 88' lang='lat' dir='ltr'>admisimus.</span> <span class='ocrx_word' id='word_1_459' title='bbox 1112 3205 1189 3259; x_wconf 84' lang='lat' dir='ltr'>Tunc</span> <span class='ocrx_word' id='word_1_460' title='bbox 1214 3202 1287 3259; x_wconf 91' lang='lat' dir='ltr'>enim</span> <span class='ocrx_word' id='word_1_461' title='bbox 1310 3218 1374 3260; x_wconf 89' lang='lat' dir='ltr'>vere</span> <span class='ocrx_word' id='word_1_462' title='bbox 1402 3203 1479 3258; x_wconf 91' lang='lat' dir='ltr'>liberi</span> <span class='ocrx_word' id='word_1_463' title='bbox 1504 3203 1606 3259; x_wconf 88' lang='lat' dir='ltr'>erimus</span> <span class='ocrx_word' id='word_1_464' title='bbox 1631 3202 1712 3257; x_wconf 89' lang='lat' dir='ltr'>etiam</span> <span class='ocrx_word' id='word_1_465' title='bbox 1820 3250 1829 3263; x_wconf 82' lang='grc'>,</span> 
     </span>
    </p>
   </div>
   <div class='ocr_carea' id='block_1_4' title="bbox 54 3289 1774 5230">
    <p class='ocr_par' dir='ltr' id='par_1_6' title="bbox 54 3289 1774 5230">
     <span class='ocr_line' id='line_1_35' title="bbox 63 3289 1711 3370; baseline -0.004 -18"><span class='ocrx_word' id='word_1_466' title='bbox 63 3295 186 3370; x_wconf 83' lang='lat' dir='ltr'>proferre</span> <span class='ocrx_word' id='word_1_467' title='bbox 199 3295 337 3352; x_wconf 86' lang='lat' dir='ltr'>ministros</span> <span class='ocrx_word' id='word_1_468' title='bbox 359 3306 487 3365; x_wconf 88' lang='lat' dir='ltr'>paternus</span> <span class='ocrx_word' id='word_1_469' title='bbox 499 3294 580 3363; x_wconf 87' lang='lat' dir='ltr'>jubet</span> <span class='ocrx_word' id='word_1_470' title='bbox 593 3292 717 3359; x_wconf 86' lang='lat' dir='ltr'>allectus,</span> <span class='ocrx_word' id='word_1_471' title='bbox 739 3308 793 3348; x_wconf 90' lang='lat' dir='ltr'>nou</span> <span class='ocrx_word' id='word_1_472' title='bbox 807 3293 864 3347; x_wconf 89' lang='lat' dir='ltr'>oris</span> <span class='ocrx_word' id='word_1_473' title='bbox 917 3304 998 3356; x_wconf 82' lang='lat' dir='ltr'>nunc,</span> <span class='ocrx_word' id='word_1_474' title='bbox 1014 3290 1038 3347; x_wconf 91' lang='lat' dir='ltr'>si</span> <span class='ocrx_word' id='word_1_475' title='bbox 1049 3306 1100 3347; x_wconf 88' lang='lat' dir='ltr'>nos</span> <span class='ocrx_word' id='word_1_476' title='bbox 1116 3291 1285 3349; x_wconf 84' lang='lat' dir='ltr'>liberaveris.</span> <span class='ocrx_word' id='word_1_477' title='bbox 1301 3289 1408 3347; x_wconf 86' lang='lat' dir='ltr'>irritum</span> <span class='ocrx_word' id='word_1_478' title='bbox 1423 3290 1633 3347; x_wconf 76' lang='lat' dir='ltr'>fecimusioedus</span> <span class='ocrx_word' id='word_1_479' title='bbox 1648 3290 1711 3362; x_wconf 89' lang='lat' dir='ltr'>pri·</span> 
     </span>
     <span class='ocr_line' id='line_1_36' title="bbox 62 3379 1711 3458; baseline -0.005 -15"><span class='ocrx_word' id='word_1_480' title='bbox 62 3385 234 3458; x_wconf 61' lang='lat' dir='ltr'>ndtieaem,</span> <span class='ocrx_word' id='word_1_481' title='bbox 251 3400 305 3441; x_wconf 90' lang='lat' dir='ltr'>nan</span> <span class='ocrx_word' id='word_1_482' title='bbox 325 3382 493 3440; x_wconf 89' lang='lat' dir='ltr'>desiderium</span> <span class='ocrx_word' id='word_1_483' title='bbox 522 3382 612 3438; x_wconf 89' lang='lat' dir='ltr'>cordis</span> <span class='ocrx_word' id='word_1_484' title='bbox 627 3388 799 3452; x_wconf 84' lang='lat' dir='ltr'>exspectans,</span> <span class='ocrx_word' id='word_1_485' title='bbox 815 3379 863 3436; x_wconf 86' lang='lat' dir='ltr'>sed</span> <span class='ocrx_word' id='word_1_486' title='bbox 917 3395 992 3433; x_wconf 89' lang='lat' dir='ltr'>mum</span> <span class='ocrx_word' id='word_1_487' title='bbox 1009 3397 1016 3435; x_wconf 77' lang='grc' dir='ltr'>ι</span> <span class='ocrx_word' id='word_1_488' title='bbox 1032 3380 1082 3436; x_wconf 89' lang='lat' dir='ltr'>tibi</span> <span class='ocrx_word' id='word_1_489' title='bbox 1107 3381 1290 3452; x_wconf 74' lang='lat' dir='ltr'>peccavimus,</span> <span class='ocrx_word' id='word_1_490' title='bbox 1306 3381 1433 3449; x_wconf 86' lang='lat' dir='ltr'>Domine,</span> <span class='ocrx_word' id='word_1_491' title='bbox 1448 3381 1555 3437; x_wconf 88' lang='lat' dir='ltr'>Satanae</span> <span class='ocrx_word' id='word_1_492' title='bbox 1570 3390 1597 3438; x_wconf 90' lang='lat' dir='ltr'>et</span> <span class='ocrx_word' id='word_1_493' title='bbox 1618 3381 1711 3451; x_wconf 88' lang='lat' dir='ltr'>operi·</span> 
     </span>
     <span class='ocr_line' id='line_1_37' title="bbox 63 3465 1711 3547; baseline -0.005 -16"><span class='ocrx_word' id='word_1_494' title='bbox 63 3482 93 3531; x_wconf 89' lang='lat' dir='ltr'>et</span> <span class='ocrx_word' id='word_1_495' title='bbox 114 3473 204 3547; x_wconf 86' lang='lat' dir='ltr'>ipsum</span> <span class='ocrx_word' id='word_1_496' title='bbox 230 3474 398 3530; x_wconf 90' lang='lat' dir='ltr'>intellectum</span> <span class='ocrx_word' id='word_1_497' title='bbox 417 3472 550 3543; x_wconf 81' lang='lat' dir='ltr'>praeviens</span> <span class='ocrx_word' id='word_1_498' title='bbox 572 3470 600 3526; x_wconf 91' lang='lat' dir='ltr'>in</span> <span class='ocrx_word' id='word_1_499' title='bbox 629 3468 864 3527; x_wconf 86' lang='lat' dir='ltr'>benedictionibus</span> <span class='ocrx_word' id='word_1_500' title='bbox 916 3465 1037 3537; x_wconf 84' lang='lat' dir='ltr'>busejus</span> <span class='ocrx_word' id='word_1_501' title='bbox 1050 3468 1201 3543; x_wconf 74' lang='lat' dir='ltr'>obligantes</span> <span class='ocrx_word' id='word_1_502' title='bbox 1215 3470 1306 3526; x_wconf 90' lang='lat' dir='ltr'>denuo</span> <span class='ocrx_word' id='word_1_503' title='bbox 1320 3469 1515 3542; x_wconf 87' lang='lat' dir='ltr'>nosmetipsos,</span> <span class='ocrx_word' id='word_1_504' title='bbox 1524 3471 1594 3542; x_wconf 76' lang='lat' dir='ltr'>jugo</span> <span class='ocrx_word' id='word_1_505' title='bbox 1608 3466 1711 3541; x_wconf 91' lang='lat' dir='ltr'>iniqui·</span> 
     </span>
     <span class='ocr_line' id='line_1_38' title="bbox 63 3553 1714 3633; baseline -0.004 -14"><span class='ocrx_word' id='word_1_506' title='bbox 63 3561 228 3619; x_wconf 87' lang='lat' dir='ltr'>dulcedinis.</span> <span class='ocrx_word' id='word_1_507' title='bbox 243 3560 386 3633; x_wconf 86' lang='lat' dir='ltr'>Quotquot</span> <span class='ocrx_word' id='word_1_508' title='bbox 399 3561 473 3616; x_wconf 89' lang='lat' dir='ltr'>enim</span> <span class='ocrx_word' id='word_1_509' title='bbox 496 3558 625 3631; x_wconf 87' lang='lat' dir='ltr'>baptizati</span> <span class='ocrx_word' id='word_1_510' title='bbox 640 3558 772 3615; x_wconf 88' lang='lat' dir='ltr'>sumusiu</span> <span class='ocrx_word' id='word_1_511' title='bbox 786 3557 865 3615; x_wconf 85' lang='lat' dir='ltr'>Chri·</span> <span class='ocrx_word' id='word_1_512' title='bbox 918 3553 980 3610; x_wconf 88' lang='lat' dir='ltr'>tatis</span> <span class='ocrx_word' id='word_1_513' title='bbox 1008 3556 1079 3612; x_wconf 92' lang='lat' dir='ltr'>colla</span> <span class='ocrx_word' id='word_1_514' title='bbox 1116 3557 1239 3614; x_wconf 88' lang='lat' dir='ltr'>ultronea</span> <span class='ocrx_word' id='word_1_515' title='bbox 1264 3557 1453 3615; x_wconf 87' lang='lat' dir='ltr'>submittentes</span> <span class='ocrx_word' id='word_1_516' title='bbox 1483 3565 1510 3614; x_wconf 90' lang='lat' dir='ltr'>et</span> <span class='ocrx_word' id='word_1_517' title='bbox 1538 3558 1714 3626; x_wconf 73' lang='lat' dir='ltr'>subjicientes</span> 
     </span>
     <span class='ocr_line' id='line_1_39' title="bbox 62 3644 1716 3722; baseline -0.005 -14"><span class='ocrx_word' id='word_1_518' title='bbox 62 3651 196 3722; x_wconf 72' lang='lat' dir='ltr'>aalma,</span> <span class='ocrx_word' id='word_1_519' title='bbox 224 3650 360 3706; x_wconf 76' lang='lat' dir='ltr'>Christum</span> <span class='ocrx_word' id='word_1_520' title='bbox 387 3648 525 3705; x_wconf 88' lang='lat' dir='ltr'>induimus</span> <span class='ocrx_word' id='word_1_521' title='bbox 552 3649 659 3719; x_wconf 82' lang='lat' dir='ltr'>(Galat.</span> <span class='ocrx_word' id='word_1_522' title='bbox 684 3662 726 3715; x_wconf 88' lang='grc' dir='ltr'>ιιι,</span> <span class='ocrx_word' id='word_1_523' title='bbox 743 3650 799 3715; x_wconf 74' lang='lat' dir='ltr'>tl).</span> <span class='ocrx_word' id='word_1_524' title='bbox 823 3647 864 3703; x_wconf 91' lang='lat' dir='ltr'>De</span> <span class='ocrx_word' id='word_1_525' title='bbox 916 3657 968 3698; x_wconf 84' lang='lat' dir='ltr'>uns</span> <span class='ocrx_word' id='word_1_526' title='bbox 991 3645 1101 3702; x_wconf 73' lang='lat' dir='ltr'>miserae</span> <span class='ocrx_word' id='word_1_527' title='bbox 1119 3647 1251 3704; x_wconf 81' lang='lat' dir='ltr'>servituti.</span> <span class='ocrx_word' id='word_1_528' title='bbox 1268 3647 1372 3717; x_wconf 84' lang='lat' dir='ltr'>ltaque,</span> <span class='ocrx_word' id='word_1_529' title='bbox 1398 3644 1496 3701; x_wconf 84' lang='lat' dir='ltr'>iratres</span> <span class='ocrx_word' id='word_1_530' title='bbox 1509 3645 1575 3711; x_wconf 91' lang='lat' dir='ltr'>mei,</span> <span class='ocrx_word' id='word_1_531' title='bbox 1599 3646 1716 3715; x_wconf 90' lang='lat' dir='ltr'>rebapti-</span> 
     </span>
     <span class='ocr_line' id='line_1_40' title="bbox 63 3731 1715 3814; baseline -0.005 -18"><span class='ocrx_word' id='word_1_532' title='bbox 63 3755 120 3814; x_wconf 88' lang='lat' dir='ltr'>quo</span> <span class='ocrx_word' id='word_1_533' title='bbox 129 3747 157 3796; x_wconf 90' lang='lat' dir='ltr'>et</span> <span class='ocrx_word' id='word_1_534' title='bbox 170 3738 240 3797; x_wconf 89' lang='lat' dir='ltr'>alius</span> <span class='ocrx_word' id='word_1_535' title='bbox 252 3738 360 3806; x_wconf 86' lang='lat' dir='ltr'>clamat,</span> <span class='ocrx_word' id='word_1_536' title='bbox 379 3737 458 3794; x_wconf 88' lang='lat' dir='ltr'>testis</span> <span class='ocrx_word' id='word_1_537' title='bbox 471 3747 497 3794; x_wconf 88' lang='lat' dir='ltr'>et</span> <span class='ocrx_word' id='word_1_538' title='bbox 510 3737 570 3809; x_wconf 91' lang='lat' dir='ltr'>ipse</span> <span class='ocrx_word' id='word_1_539' title='bbox 583 3734 683 3801; x_wconf 87' lang='lat' dir='ltr'>ridelis,</span> <span class='ocrx_word' id='word_1_540' title='bbox 702 3736 768 3808; x_wconf 89' lang='lat' dir='ltr'>quis</span> <span class='ocrx_word' id='word_1_541' title='bbox 782 3740 864 3810; x_wconf 86' lang='lat' dir='ltr'>quot·</span> <span class='ocrx_word' id='word_1_542' title='bbox 916 3731 972 3786; x_wconf 90' lang='lat' dir='ltr'>aari</span> <span class='ocrx_word' id='word_1_543' title='bbox 999 3748 1049 3789; x_wconf 80' lang='lat' dir='ltr'>nos</span> <span class='ocrx_word' id='word_1_544' title='bbox 1063 3735 1208 3807; x_wconf 71' lang='lat' dir='ltr'>convenit,</span> <span class='ocrx_word' id='word_1_545' title='bbox 1234 3735 1383 3791; x_wconf 66' lang='lat' dir='ltr'>meandum</span> <span class='ocrx_word' id='word_1_546' title='bbox 1413 3732 1503 3789; x_wconf 87' lang='lat' dir='ltr'>loedus</span> <span class='ocrx_word' id='word_1_547' title='bbox 1517 3734 1586 3788; x_wconf 89' lang='lat' dir='ltr'>inire</span> <span class='ocrx_word' id='word_1_548' title='bbox 1600 3748 1715 3788; x_wconf 88' lang='lat' dir='ltr'>necesse</span> 
     </span>
     <span class='ocr_line' id='line_1_41' title="bbox 64 3819 1716 3903; baseline -0.005 -19"><span class='ocrx_word' id='word_1_549' title='bbox 64 3831 392 3903; x_wconf 78' lang='lat' dir='ltr'>quatreceperaateam‚</span> <span class='ocrx_word' id='word_1_550' title='bbox 404 3826 480 3886; x_wconf 81' lang='lat' dir='ltr'>dedit</span> <span class='ocrx_word' id='word_1_551' title='bbox 489 3828 530 3884; x_wconf 84' lang='lat' dir='ltr'>eis</span> <span class='ocrx_word' id='word_1_552' title='bbox 539 3827 713 3898; x_wconf 80' lang='lat' dir='ltr'>patestatem</span> <span class='ocrx_word' id='word_1_553' title='bbox 724 3825 797 3894; x_wconf 80' lang='lat' dir='ltr'>filies</span> <span class='ocrx_word' id='word_1_554' title='bbox 811 3823 864 3882; x_wconf 78' lang='lat' dir='ltr'>Ded</span> <span class='ocrx_word' id='word_1_555' title='bbox 917 3826 980 3876; x_wconf 85' lang='lat' dir='ltr'>est:</span> <span class='ocrx_word' id='word_1_556' title='bbox 997 3837 1067 3893; x_wconf 92' lang='lat' dir='ltr'>opus</span> <span class='ocrx_word' id='word_1_557' title='bbox 1082 3831 1121 3878; x_wconf 90' lang='lat' dir='ltr'>est</span> <span class='ocrx_word' id='word_1_558' title='bbox 1134 3822 1306 3892; x_wconf 82' lang='lat' dir='ltr'>professione</span> <span class='ocrx_word' id='word_1_559' title='bbox 1324 3820 1461 3888; x_wconf 86' lang='lat' dir='ltr'>secuuda;</span> <span class='ocrx_word' id='word_1_560' title='bbox 1472 3837 1523 3878; x_wconf 91' lang='lat' dir='ltr'>nec</span> <span class='ocrx_word' id='word_1_561' title='bbox 1534 3822 1592 3893; x_wconf 79' lang='lat' dir='ltr'>jam</span> <span class='ocrx_word' id='word_1_562' title='bbox 1613 3819 1716 3877; x_wconf 83' lang='lat' dir='ltr'>suflicit</span> 
     </span>
     <span class='ocr_line' id='line_1_42' title="bbox 64 3907 1717 3989; baseline -0.006 -15"><span class='ocrx_word' id='word_1_563' title='bbox 64 3917 133 3989; x_wconf 67' lang='lat' dir='ltr'>fieri</span> <span class='ocrx_word' id='word_1_564' title='bbox 145 3917 239 3986; x_wconf 71' lang='lat' dir='ltr'>(toan.</span> <span class='ocrx_word' id='word_1_565' title='bbox 250 3928 272 3988; x_wconf 89' lang='lat'>1,</span> <span class='ocrx_word' id='word_1_566' title='bbox 284 3915 339 3988; x_wconf 84' lang='lat' dir='ltr'>lit).</span> <span class='ocrx_word' id='word_1_567' title='bbox 360 3917 418 3973; x_wconf 86' lang='lat' dir='ltr'>Nec</span> <span class='ocrx_word' id='word_1_568' title='bbox 432 3931 499 3973; x_wconf 87' lang='lat' dir='ltr'>vero</span> <span class='ocrx_word' id='word_1_569' title='bbox 514 3914 602 3970; x_wconf 78' lang='lat' dir='ltr'>manis</span> <span class='ocrx_word' id='word_1_570' title='bbox 615 3923 667 3981; x_wconf 86' lang='lat' dir='ltr'>est,</span> <span class='ocrx_word' id='word_1_571' title='bbox 695 3921 741 3968; x_wconf 88' lang='lat' dir='ltr'>aut</span> <span class='ocrx_word' id='word_1_572' title='bbox 755 3911 864 3969; x_wconf 76' lang='lat' dir='ltr'>infirma</span> <span class='ocrx_word' id='word_1_573' title='bbox 918 3907 1110 3966; x_wconf 86' lang='lat' dir='ltr'>abrenuntiare</span> <span class='ocrx_word' id='word_1_574' title='bbox 1125 3910 1237 3968; x_wconf 91' lang='lat' dir='ltr'>diabolo</span> <span class='ocrx_word' id='word_1_575' title='bbox 1250 3918 1277 3966; x_wconf 87' lang='lat' dir='ltr'>et</span> <span class='ocrx_word' id='word_1_576' title='bbox 1295 3909 1423 3978; x_wconf 81' lang='lat' dir='ltr'>operibus</span> <span class='ocrx_word' id='word_1_577' title='bbox 1434 3910 1494 3980; x_wconf 87' lang='lat' dir='ltr'>ejus</span> <span class='ocrx_word' id='word_1_578' title='bbox 1504 3925 1512 3964; x_wconf 79' lang='grc' dir='ltr'>ι</span> <span class='ocrx_word' id='word_1_579' title='bbox 1523 3909 1629 3965; x_wconf 91' lang='lat' dir='ltr'>mundo</span> <span class='ocrx_word' id='word_1_580' title='bbox 1639 3908 1717 3981; x_wconf 91' lang='lat' dir='ltr'>pari-</span> 
     </span>
     <span class='ocr_line' id='line_1_43' title="bbox 65 3994 1720 4071; baseline 0 -16"><span class='ocrx_word' id='word_1_581' title='bbox 65 4004 202 4070; x_wconf 69' lang='lat' dir='ltr'>caesus,</span> <span class='ocrx_word' id='word_1_582' title='bbox 225 3997 289 4067; x_wconf 89' lang='lat' dir='ltr'>quia</span> <span class='ocrx_word' id='word_1_583' title='bbox 320 3995 448 4055; x_wconf 88' lang='lat' dir='ltr'>nimirum</span> <span class='ocrx_word' id='word_1_584' title='bbox 471 3995 538 4052; x_wconf 89' lang='lat' dir='ltr'>certi</span> <span class='ocrx_word' id='word_1_585' title='bbox 566 4010 661 4051; x_wconf 89' lang='lat' dir='ltr'>sumus</span> <span class='ocrx_word' id='word_1_586' title='bbox 686 3994 814 4052; x_wconf 73' lang='lat' dir='ltr'>anduno</span> <span class='ocrx_word' id='word_1_587' title='bbox 838 4001 866 4051; x_wconf 86' lang='lat' dir='ltr'>et</span> <span class='ocrx_word' id='word_1_588' title='bbox 919 4002 959 4051; x_wconf 90' lang='lat' dir='ltr'>ter</span> <span class='ocrx_word' id='word_1_589' title='bbox 981 3999 1229 4056; x_wconf 86' lang='lat' dir='ltr'>abrenuntiandum</span> <span class='ocrx_word' id='word_1_590' title='bbox 1244 4008 1285 4056; x_wconf 88' lang='lat' dir='ltr'>est</span> <span class='ocrx_word' id='word_1_591' title='bbox 1312 4010 1340 4057; x_wconf 90' lang='lat' dir='ltr'>et</span> <span class='ocrx_word' id='word_1_592' title='bbox 1370 4000 1485 4071; x_wconf 83' lang='lat' dir='ltr'>propria</span> <span class='ocrx_word' id='word_1_593' title='bbox 1498 3998 1643 4057; x_wconf 84' lang='lat' dir='ltr'>voluntati.</span> <span class='ocrx_word' id='word_1_594' title='bbox 1670 3999 1720 4055; x_wconf 88' lang='lat' dir='ltr'>llis</span> 
     </span>
     <span class='ocr_line' id='line_1_44' title="bbox 66 4076 1719 4160; baseline -0.001 -17"><span class='ocrx_word' id='word_1_595' title='bbox 66 4100 129 4152; x_wconf 80' lang='lat' dir='ltr'>uos,</span> <span class='ocrx_word' id='word_1_596' title='bbox 137 4087 273 4159; x_wconf 79' lang='lat' dir='ltr'>quoniam</span> <span class='ocrx_word' id='word_1_597' title='bbox 282 4100 464 4158; x_wconf 81' lang='lat' dir='ltr'>aequamors,</span> <span class='ocrx_word' id='word_1_598' title='bbox 476 4097 565 4159; x_wconf 83' lang='lat' dir='ltr'>aeque</span> <span class='ocrx_word' id='word_1_599' title='bbox 573 4084 867 4157; x_wconf 68' lang='lat' dir='ltr'>oiraaeqaeoirtatar</span> <span class='ocrx_word' id='word_1_600' title='bbox 919 4084 993 4140; x_wconf 89' lang='lat' dir='ltr'>enim</span> <span class='ocrx_word' id='word_1_601' title='bbox 1006 4088 1123 4157; x_wconf 80' lang='lat' dir='ltr'>seduxit,</span> <span class='ocrx_word' id='word_1_602' title='bbox 1139 4087 1185 4145; x_wconf 90' lang='lat' dir='ltr'>illa</span> <span class='ocrx_word' id='word_1_603' title='bbox 1194 4089 1312 4147; x_wconf 84' lang='lat' dir='ltr'>traduxit</span> <span class='ocrx_word' id='word_1_604' title='bbox 1322 4076 1444 4160; x_wconf 65' lang='lat' dir='ltr'>uos(84)2</span> <span class='ocrx_word' id='word_1_605' title='bbox 1456 4089 1487 4144; x_wconf 93' lang='lat' dir='ltr'>ln</span> <span class='ocrx_word' id='word_1_606' title='bbox 1495 4087 1581 4160; x_wconf 89' lang='lat' dir='ltr'>priori</span> <span class='ocrx_word' id='word_1_607' title='bbox 1591 4087 1719 4143; x_wconf 86' lang='lat' dir='ltr'>nimirum</span> 
     </span>
     <span class='ocr_line' id='line_1_45' title="bbox 67 4169 1720 4251; baseline -0.005 -12"><span class='ocrx_word' id='word_1_608' title='bbox 67 4175 273 4249; x_wconf 68' lang='lat' dir='ltr'>montanesii.</span> <span class='ocrx_word' id='word_1_609' title='bbox 283 4173 514 4248; x_wconf 67' lang='lat' dir='ltr'>mnnenltitador</span> <span class='ocrx_word' id='word_1_610' title='bbox 529 4187 618 4246; x_wconf 80' lang='lat' dir='ltr'>aequa</span> <span class='ocrx_word' id='word_1_611' title='bbox 632 4173 807 4245; x_wconf 71' lang='lat' dir='ltr'>profundam</span> <span class='ocrx_word' id='word_1_612' title='bbox 820 4187 867 4244; x_wconf 90' lang='lat' dir='ltr'>po·</span> <span class='ocrx_word' id='word_1_613' title='bbox 919 4169 1092 4247; x_wconf 84' lang='lat' dir='ltr'>baptismate,</span> <span class='ocrx_word' id='word_1_614' title='bbox 1107 4180 1217 4251; x_wconf 90' lang='lat' dir='ltr'>quando</span> <span class='ocrx_word' id='word_1_615' title='bbox 1232 4179 1299 4237; x_wconf 85' lang='lat' dir='ltr'>nihil</span> <span class='ocrx_word' id='word_1_616' title='bbox 1314 4177 1394 4234; x_wconf 90' lang='lat' dir='ltr'>nobis</span> <span class='ocrx_word' id='word_1_617' title='bbox 1415 4177 1504 4233; x_wconf 86' lang='lat' dir='ltr'>adhoc</span> <span class='ocrx_word' id='word_1_618' title='bbox 1524 4176 1648 4233; x_wconf 81' lang='lat' dir='ltr'>voluntas</span> <span class='ocrx_word' id='word_1_619' title='bbox 1671 4189 1720 4232; x_wconf 89' lang='lat' dir='ltr'>no·</span> 
     </span>
     <span class='ocr_line' id='line_1_46' title="bbox 68 4226 1720 4337; baseline 0.002 -19"><span class='ocrx_word' id='word_1_620' title='bbox 68 4263 199 4321; x_wconf 75' lang='lat' dir='ltr'>ter-itaer</span> <span class='ocrx_word' id='word_1_621' title='bbox 208 4262 513 4337; x_wconf 81' lang='lat' dir='ltr'>separareaclraritote</span> <span class='ocrx_word' id='word_1_622' title='bbox 522 4263 582 4327; x_wconf 81' lang='lat' dir='ltr'>Dei,</span> <span class='ocrx_word' id='word_1_623' title='bbox 595 4262 740 4336; x_wconf 77' lang='lat' dir='ltr'>quaestio</span> <span class='ocrx_word' id='word_1_624' title='bbox 755 4226 905 4318; x_wconf 78' lang='lat' dir='ltr'>Cltrs&#39;ston</span> <span class='ocrx_word' id='word_1_625' title='bbox 923 4273 977 4322; x_wconf 87' lang='lat' dir='ltr'>stra</span> <span class='ocrx_word' id='word_1_626' title='bbox 992 4271 1131 4337; x_wconf 85' lang='lat' dir='ltr'>nocuerat,</span> <span class='ocrx_word' id='word_1_627' title='bbox 1148 4269 1214 4324; x_wconf 87' lang='lat' dir='ltr'>satis</span> <span class='ocrx_word' id='word_1_628' title='bbox 1229 4268 1279 4324; x_wconf 87' lang='lat' dir='ltr'>luit</span> <span class='ocrx_word' id='word_1_629' title='bbox 1292 4267 1486 4323; x_wconf 85' lang='lat' dir='ltr'>abrenuntiare</span> <span class='ocrx_word' id='word_1_630' title='bbox 1500 4264 1618 4332; x_wconf 85' lang='lat' dir='ltr'>diabolo,</span> <span class='ocrx_word' id='word_1_631' title='bbox 1640 4265 1720 4334; x_wconf 89' lang='lat' dir='ltr'>cujus</span> 
     </span>
     <span class='ocr_line' id='line_1_47' title="bbox 66 4350 1719 4428; baseline -0.005 -10"><span class='ocrx_word' id='word_1_632' title='bbox 66 4353 135 4412; x_wconf 70' lang='lat' dir='ltr'>lew</span> <span class='ocrx_word' id='word_1_633' title='bbox 149 4353 240 4422; x_wconf 59' lang='lat' dir='ltr'>(dnm</span> <span class='ocrx_word' id='word_1_634' title='bbox 256 4366 317 4416; x_wconf 67' lang='lat' dir='ltr'>llll,</span> <span class='ocrx_word' id='word_1_635' title='bbox 333 4354 378 4419; x_wconf 78' lang='lat'>3⁸.</span> <span class='ocrx_word' id='word_1_636' title='bbox 407 4354 463 4424; x_wconf 79' lang='lat' dir='ltr'>³⁹l·</span> <span class='ocrx_word' id='word_1_637' title='bbox 478 4351 531 4409; x_wconf 79' lang='lat' dir='ltr'>Sed</span> <span class='ocrx_word' id='word_1_638' title='bbox 558 4350 668 4408; x_wconf 78' lang='lat' dir='ltr'>attende</span> <span class='ocrx_word' id='word_1_639' title='bbox 682 4357 784 4423; x_wconf 90' lang='lat' dir='ltr'>quauta</span> <span class='ocrx_word' id='word_1_640' title='bbox 797 4367 868 4406; x_wconf 87' lang='lat' dir='ltr'>enu·</span> <span class='ocrx_word' id='word_1_641' title='bbox 922 4356 1041 4426; x_wconf 83' lang='lat' dir='ltr'>proiecto</span> <span class='ocrx_word' id='word_1_642' title='bbox 1051 4355 1153 4413; x_wconf 83' lang='lat' dir='ltr'>invidia</span> <span class='ocrx_word' id='word_1_643' title='bbox 1167 4367 1307 4426; x_wconf 88' lang='lat' dir='ltr'>peecatum</span> <span class='ocrx_word' id='word_1_644' title='bbox 1322 4356 1426 4428; x_wconf 88' lang='lat' dir='ltr'>pariter</span> <span class='ocrx_word' id='word_1_645' title='bbox 1440 4364 1467 4410; x_wconf 90' lang='lat' dir='ltr'>et</span> <span class='ocrx_word' id='word_1_646' title='bbox 1480 4371 1555 4409; x_wconf 92' lang='lat' dir='ltr'>mors</span> <span class='ocrx_word' id='word_1_647' title='bbox 1570 4369 1620 4426; x_wconf 88' lang='lat' dir='ltr'>per</span> <span class='ocrx_word' id='word_1_648' title='bbox 1634 4369 1719 4411; x_wconf 91' lang='lat' dir='ltr'>unum</span> 
     </span>
     <span class='ocr_line' id='line_1_48' title="bbox 68 4438 1720 4520; baseline 0.002 -22"><span class='ocrx_word' id='word_1_649' title='bbox 68 4440 183 4498; x_wconf 78' lang='lat' dir='ltr'>nemra</span> <span class='ocrx_word' id='word_1_650' title='bbox 196 4440 343 4513; x_wconf 75' lang='lat' dir='ltr'>Apostolus</span> <span class='ocrx_word' id='word_1_651' title='bbox 373 4441 444 4512; x_wconf 81' lang='lat' dir='ltr'>(ejus</span> <span class='ocrx_word' id='word_1_652' title='bbox 459 4441 532 4498; x_wconf 90' lang='lat' dir='ltr'>enirn</span> <span class='ocrx_word' id='word_1_653' title='bbox 553 4439 635 4497; x_wconf 81' lang='lat' dir='ltr'>rerba</span> <span class='ocrx_word' id='word_1_654' title='bbox 657 4442 734 4510; x_wconf 81' lang='lat' dir='ltr'>suot)</span> <span class='ocrx_word' id='word_1_655' title='bbox 753 4438 868 4496; x_wconf 90' lang='lat' dir='ltr'>minime</span> <span class='ocrx_word' id='word_1_656' title='bbox 923 4445 1091 4520; x_wconf 75' lang='lat' dir='ltr'>ingrediens,</span> <span class='ocrx_word' id='word_1_657' title='bbox 1107 4445 1134 4501; x_wconf 92' lang='lat' dir='ltr'>in</span> <span class='ocrx_word' id='word_1_658' title='bbox 1141 4461 1237 4503; x_wconf 88' lang='lat' dir='ltr'>omnes</span> <span class='ocrx_word' id='word_1_659' title='bbox 1250 4445 1375 4502; x_wconf 86' lang='lat' dir='ltr'>homines</span> <span class='ocrx_word' id='word_1_660' title='bbox 1391 4444 1572 4515; x_wconf 87' lang='lat' dir='ltr'>pertransivit.</span> <span class='ocrx_word' id='word_1_661' title='bbox 1582 4443 1720 4502; x_wconf 80' lang='lat' dir='ltr'>datorum</span> 
     </span>
     <span class='ocr_line' id='line_1_49' title="bbox 69 4528 1721 4606; baseline 0.001 -20"><span class='ocrx_word' id='word_1_662' title='bbox 69 4534 163 4586; x_wconf 70' lang='lat' dir='ltr'>umen</span> <span class='ocrx_word' id='word_1_663' title='bbox 190 4528 344 4600; x_wconf 85' lang='lat' dir='ltr'>adjiciens:</span> <span class='ocrx_word' id='word_1_664' title='bbox 358 4528 413 4586; x_wconf 88' lang='lat' dir='ltr'>Nec</span> <span class='ocrx_word' id='word_1_665' title='bbox 440 4529 571 4602; x_wconf 87' lang='lat' dir='ltr'>nosipsi.</span> <span class='ocrx_word' id='word_1_666' title='bbox 600 4528 801 4586; x_wconf 80' lang='lat' dir='ltr'>Nimirumlsaec</span> <span class='ocrx_word' id='word_1_667' title='bbox 827 4536 869 4584; x_wconf 82' lang='lat' dir='ltr'>est</span> <span class='ocrx_word' id='word_1_668' title='bbox 924 4540 1066 4606; x_wconf 90' lang='lat' dir='ltr'>postquam</span> <span class='ocrx_word' id='word_1_669' title='bbox 1086 4533 1178 4590; x_wconf 92' lang='lat' dir='ltr'>mundi</span> <span class='ocrx_word' id='word_1_670' title='bbox 1191 4534 1309 4591; x_wconf 82' lang='lat' dir='ltr'>fallentis</span> <span class='ocrx_word' id='word_1_671' title='bbox 1327 4532 1479 4597; x_wconf 82' lang='lat' dir='ltr'>illecebras,</span> <span class='ocrx_word' id='word_1_672' title='bbox 1492 4540 1519 4588; x_wconf 89' lang='lat' dir='ltr'>et</span> <span class='ocrx_word' id='word_1_673' title='bbox 1532 4529 1721 4589; x_wconf 86' lang='lat' dir='ltr'>infidelitatem</span> 
     </span>
     <span class='ocr_line' id='line_1_50' title="bbox 66 4615 1721 4693; baseline 0.002 -19"><span class='ocrx_word' id='word_1_674' title='bbox 66 4615 192 4691; x_wconf 59' lang='lat' dir='ltr'>libertas</span> <span class='ocrx_word' id='word_1_675' title='bbox 207 4635 261 4691; x_wconf 89' lang='lat' dir='ltr'>qua</span> <span class='ocrx_word' id='word_1_676' title='bbox 270 4617 396 4675; x_wconf 86' lang='lat' dir='ltr'>Christus</span> <span class='ocrx_word' id='word_1_677' title='bbox 412 4635 464 4675; x_wconf 93' lang='lat' dir='ltr'>uos</span> <span class='ocrx_word' id='word_1_678' title='bbox 479 4618 609 4688; x_wconf 85' lang='lat' dir='ltr'>liberavit,</span> <span class='ocrx_word' id='word_1_679' title='bbox 627 4626 657 4675; x_wconf 93' lang='lat' dir='ltr'>ut</span> <span class='ocrx_word' id='word_1_680' title='bbox 672 4618 747 4674; x_wconf 92' lang='lat' dir='ltr'>nulla</span> <span class='ocrx_word' id='word_1_681' title='bbox 761 4618 870 4691; x_wconf 90' lang='lat' dir='ltr'>penitus</span> <span class='ocrx_word' id='word_1_682' title='bbox 925 4621 1042 4693; x_wconf 76' lang='lat' dir='ltr'>propria</span> <span class='ocrx_word' id='word_1_683' title='bbox 1072 4620 1223 4680; x_wconf 84' lang='lat' dir='ltr'>voluntatis</span> <span class='ocrx_word' id='word_1_684' title='bbox 1251 4621 1394 4678; x_wconf 78' lang='lat' dir='ltr'>manifeste</span> <span class='ocrx_word' id='word_1_685' title='bbox 1422 4636 1517 4677; x_wconf 89' lang='lat' dir='ltr'>sumus</span> <span class='ocrx_word' id='word_1_686' title='bbox 1545 4621 1662 4693; x_wconf 84' lang='lat' dir='ltr'>experti,</span> <span class='ocrx_word' id='word_1_687' title='bbox 1686 4620 1721 4678; x_wconf 91' lang='lat' dir='ltr'>da</span> 
     </span>
     <span class='ocr_line' id='line_1_51' title="bbox 66 4707 1745 4781; baseline 0.001 -17"><span class='ocrx_word' id='word_1_688' title='bbox 66 4715 191 4768; x_wconf 79' lang='lat' dir='ltr'>creatura</span> <span class='ocrx_word' id='word_1_689' title='bbox 205 4707 319 4764; x_wconf 78' lang='lat' dir='ltr'>eredere</span> <span class='ocrx_word' id='word_1_690' title='bbox 346 4723 407 4776; x_wconf 81' lang='lat' dir='ltr'>uos,</span> <span class='ocrx_word' id='word_1_691' title='bbox 423 4715 471 4765; x_wconf 88' lang='lat' dir='ltr'>aut</span> <span class='ocrx_word' id='word_1_692' title='bbox 492 4708 547 4766; x_wconf 83' lang='lat' dir='ltr'>eim</span> <span class='ocrx_word' id='word_1_693' title='bbox 558 4707 648 4766; x_wconf 83' lang='lat' dir='ltr'>iacere</span> <span class='ocrx_word' id='word_1_694' title='bbox 659 4709 755 4780; x_wconf 88' lang='lat' dir='ltr'>possit.</span> <span class='ocrx_word' id='word_1_695' title='bbox 779 4707 872 4764; x_wconf 87' lang='lat' dir='ltr'>Soliid</span> <span class='ocrx_word' id='word_1_696' title='bbox 925 4719 1024 4769; x_wconf 87' lang='lat' dir='ltr'>caetero</span> <span class='ocrx_word' id='word_1_697' title='bbox 1043 4713 1099 4781; x_wconf 87' lang='lat' dir='ltr'>jam</span> <span class='ocrx_word' id='word_1_698' title='bbox 1113 4711 1141 4767; x_wconf 90' lang='lat' dir='ltr'>in</span> <span class='ocrx_word' id='word_1_699' title='bbox 1156 4712 1285 4777; x_wconf 84' lang='lat' dir='ltr'>seeundo.</span> <span class='ocrx_word' id='word_1_700' title='bbox 1302 4721 1332 4768; x_wconf 92' lang='lat' dir='ltr'>ut</span> <span class='ocrx_word' id='word_1_701' title='bbox 1345 4713 1383 4767; x_wconf 89' lang='lat' dir='ltr'>ita</span> <span class='ocrx_word' id='word_1_702' title='bbox 1397 4709 1523 4778; x_wconf 85' lang='lat' dir='ltr'>dixerim,</span> <span class='ocrx_word' id='word_1_703' title='bbox 1534 4708 1723 4766; x_wconf 86' lang='lat' dir='ltr'>conversionis</span> <span class='ocrx_word' id='word_1_704' title='bbox 1743 4709 1745 4713; x_wconf 77' lang='grc'>’</span> 
     </span>
     <span class='ocr_line' id='line_1_52' title="bbox 68 4796 1724 4874; baseline -0.001 -18"><span class='ocrx_word' id='word_1_705' title='bbox 68 4796 198 4856; x_wconf 57' lang='lat' dir='ltr'>Quare</span> <span class='ocrx_word' id='word_1_706' title='bbox 222 4812 377 4869; x_wconf 86' lang='lat' dir='ltr'>possumus,</span> <span class='ocrx_word' id='word_1_707' title='bbox 410 4797 519 4869; x_wconf 87' lang='lat' dir='ltr'>propria</span> <span class='ocrx_word' id='word_1_708' title='bbox 552 4796 696 4855; x_wconf 83' lang='lat' dir='ltr'>voluntate</span> <span class='ocrx_word' id='word_1_709' title='bbox 728 4796 870 4868; x_wconf 87' lang='lat' dir='ltr'>abstracti,</span> <span class='ocrx_word' id='word_1_710' title='bbox 926 4801 1197 4874; x_wconf 81' lang='lat' dir='ltr'>noslraebaptismate</span> <span class='ocrx_word' id='word_1_711' title='bbox 1212 4799 1599 4873; x_wconf 77' lang='lat' dir='ltr'>(85)meritoprorsusetnou</span> <span class='ocrx_word' id='word_1_712' title='bbox 1613 4797 1724 4854; x_wconf 89' lang='lat' dir='ltr'>adinei·</span> 
     </span>
     <span class='ocr_line' id='line_1_53' title="bbox 70 4882 1725 4960; baseline 0 -17"><span class='ocrx_word' id='word_1_713' title='bbox 70 4882 185 4945; x_wconf 58' lang='grc' dir='ltr'>ΗΜ</span> <span class='ocrx_word' id='word_1_714' title='bbox 203 4892 231 4943; x_wconf 90' lang='lat' dir='ltr'>et</span> <span class='ocrx_word' id='word_1_715' title='bbox 248 4884 329 4943; x_wconf 89' lang='lat' dir='ltr'>illecti</span> <span class='ocrx_word' id='word_1_716' title='bbox 351 4901 368 4941; x_wconf 91' lang='lat' dir='ltr'>a</span> <span class='ocrx_word' id='word_1_717' title='bbox 392 4885 503 4957; x_wconf 84' lang='lat' dir='ltr'>propria</span> <span class='ocrx_word' id='word_1_718' title='bbox 525 4885 755 4957; x_wconf 87' lang='lat' dir='ltr'>concupiscentia.</span> <span class='ocrx_word' id='word_1_719' title='bbox 769 4887 873 4942; x_wconf 86' lang='lat' dir='ltr'>Praeter</span> <span class='ocrx_word' id='word_1_720' title='bbox 925 4888 1055 4960; x_wconf 88' lang='lat' dir='ltr'>pientiam</span> <span class='ocrx_word' id='word_1_721' title='bbox 1083 4891 1174 4956; x_wconf 87' lang='lat' dir='ltr'>uobis,</span> <span class='ocrx_word' id='word_1_722' title='bbox 1189 4907 1245 4948; x_wconf 94' lang='lat' dir='ltr'>non</span> <span class='ocrx_word' id='word_1_723' title='bbox 1272 4888 1404 4947; x_wconf 88' lang='lat' dir='ltr'>resarcire</span> <span class='ocrx_word' id='word_1_724' title='bbox 1427 4887 1616 4944; x_wconf 84' lang='lat' dir='ltr'>tautummodo</span> <span class='ocrx_word' id='word_1_725' title='bbox 1634 4885 1725 4943; x_wconf 82' lang='lat' dir='ltr'>soedus</span> 
     </span>
     <span class='ocr_line' id='line_1_54' title="bbox 67 4973 1724 5049; baseline -0.001 -17"><span class='ocrx_word' id='word_1_726' title='bbox 67 4975 142 5041; x_wconf 84' lang='lat' dir='ltr'>banc</span> <span class='ocrx_word' id='word_1_727' title='bbox 161 4976 236 5033; x_wconf 88' lang='lat' dir='ltr'>euim</span> <span class='ocrx_word' id='word_1_728' title='bbox 252 4975 319 5032; x_wconf 88' lang='lat' dir='ltr'>nihil</span> <span class='ocrx_word' id='word_1_729' title='bbox 334 4975 464 5047; x_wconf 85' lang='lat' dir='ltr'>estquod</span> <span class='ocrx_word' id='word_1_730' title='bbox 478 4974 630 5032; x_wconf 88' lang='lat' dir='ltr'>timeamus.</span> <span class='ocrx_word' id='word_1_731' title='bbox 654 4973 774 5048; x_wconf 81' lang='lat' dir='ltr'>Denique</span> <span class='ocrx_word' id='word_1_732' title='bbox 785 4975 873 5032; x_wconf 86' lang='lat' dir='ltr'>donec</span> <span class='ocrx_word' id='word_1_733' title='bbox 925 4979 1054 5049; x_wconf 89' lang='lat' dir='ltr'>primum,</span> <span class='ocrx_word' id='word_1_734' title='bbox 1070 4983 1117 5036; x_wconf 89' lang='lat' dir='ltr'>sed</span> <span class='ocrx_word' id='word_1_735' title='bbox 1142 4980 1224 5038; x_wconf 86' lang='lat' dir='ltr'>etiarn</span> <span class='ocrx_word' id='word_1_736' title='bbox 1240 4982 1369 5038; x_wconf 88' lang='lat' dir='ltr'>roborare</span> <span class='ocrx_word' id='word_1_737' title='bbox 1385 4976 1504 5044; x_wconf 83' lang='lat' dir='ltr'>solliciti,</span> <span class='ocrx_word' id='word_1_738' title='bbox 1521 4975 1590 5049; x_wconf 89' lang='lat' dir='ltr'>ipsis</span> <span class='ocrx_word' id='word_1_739' title='bbox 1615 4989 1724 5049; x_wconf 90' lang='lat' dir='ltr'>quoque</span> 
     </span>
     <span class='ocr_line' id='line_1_55' title="bbox 67 5053 1725 5141; baseline -0.002 -17"><span class='ocrx_word' id='word_1_740' title='bbox 67 5064 220 5124; x_wconf 72' lang='lat' dir='ltr'>voluntatis</span> <span class='ocrx_word' id='word_1_741' title='bbox 240 5081 322 5121; x_wconf 91' lang='lat' dir='ltr'>usum</span> <span class='ocrx_word' id='word_1_742' title='bbox 350 5073 376 5120; x_wconf 92' lang='lat' dir='ltr'>et</span> <span class='ocrx_word' id='word_1_743' title='bbox 392 5064 549 5121; x_wconf 81' lang='lat' dir='ltr'>facultatem</span> <span class='ocrx_word' id='word_1_744' title='bbox 572 5062 741 5120; x_wconf 89' lang='lat' dir='ltr'>deliberandi</span> <span class='ocrx_word' id='word_1_745' title='bbox 765 5072 873 5120; x_wconf 87' lang='lat' dir='ltr'>renatus</span> <span class='ocrx_word' id='word_1_746' title='bbox 925 5067 1066 5124; x_wconf 78' lang='lat' dir='ltr'>aflectibus</span> <span class='ocrx_word' id='word_1_747' title='bbox 1079 5070 1183 5141; x_wconf 84' lang='lat' dir='ltr'>pariter</span> <span class='ocrx_word' id='word_1_748' title='bbox 1192 5068 1427 5126; x_wconf 86' lang='lat' dir='ltr'>abrenuntiamus.</span> <span class='ocrx_word' id='word_1_749' title='bbox 1439 5053 1725 5136; x_wconf 87' lang='lat' dir='ltr'>Studeamusproiude</span> 
     </span>
     <span class='ocr_line' id='line_1_56' title="bbox 54 5153 1774 5230; baseline -0.001 -17"><span class='ocrx_word' id='word_1_750' title='bbox 54 5154 189 5228; x_wconf 69' lang='lat' dir='ltr'>”quisque</span> <span class='ocrx_word' id='word_1_751' title='bbox 204 5154 325 5226; x_wconf 89' lang='lat' dir='ltr'>recipiat,</span> <span class='ocrx_word' id='word_1_752' title='bbox 347 5155 523 5210; x_wconf 84' lang='lat' dir='ltr'>acharistate</span> <span class='ocrx_word' id='word_1_753' title='bbox 547 5153 595 5210; x_wconf 84' lang='lat' dir='ltr'>Dei</span> <span class='ocrx_word' id='word_1_754' title='bbox 624 5154 748 5224; x_wconf 75' lang='lat' dir='ltr'>separari</span> <span class='ocrx_word' id='word_1_755' title='bbox 762 5153 872 5208; x_wconf 81' lang='lat' dir='ltr'>omniun</span> <span class='ocrx_word' id='word_1_756' title='bbox 926 5157 1106 5230; x_wconf 86' lang='lat' dir='ltr'>dilectissimi,</span> <span class='ocrx_word' id='word_1_757' title='bbox 1116 5158 1305 5216; x_wconf 87' lang='lat' dir='ltr'>immaculatos</span> <span class='ocrx_word' id='word_1_758' title='bbox 1316 5173 1368 5213; x_wconf 90' lang='lat' dir='ltr'>nos</span> <span class='ocrx_word' id='word_1_759' title='bbox 1378 5155 1580 5211; x_wconf 84' lang='lat' dir='ltr'>abbocsoeeulo</span> <span class='ocrx_word' id='word_1_760' title='bbox 1590 5154 1727 5213; x_wconf 89' lang='lat' dir='ltr'>custodire</span> <span class='ocrx_word' id='word_1_761' title='bbox 1769 5202 1774 5212; x_wconf 93' lang='lat'>.</span> 
     </span>
    </p>
   </div>
   <div class='ocr_carea' id='block_1_5' title="bbox 66 5267 1727 5627">
    <p class='ocr_par' dir='ltr' id='par_1_7' title="bbox 66 5267 1727 5627">
     <span class='ocr_line' id='line_1_57' title="bbox 104 5267 1727 5343; baseline -0.002 -18"><span class='ocrx_word' id='word_1_762' title='bbox 104 5270 164 5341; x_wconf 79' lang='lat' dir='ltr'>(st)</span> <span class='ocrx_word' id='word_1_763' title='bbox 187 5270 233 5326; x_wconf 84' lang='lat' dir='ltr'>Sic</span> <span class='ocrx_word' id='word_1_764' title='bbox 258 5285 291 5325; x_wconf 84' lang='lat' dir='ltr'>es</span> <span class='ocrx_word' id='word_1_765' title='bbox 319 5271 412 5326; x_wconf 84' lang='lat' dir='ltr'>codice</span> <span class='ocrx_word' id='word_1_766' title='bbox 444 5269 654 5326; x_wconf 86' lang='lat' dir='ltr'>Coelestioorum</span> <span class='ocrx_word' id='word_1_767' title='bbox 678 5268 873 5324; x_wconf 87' lang='lat' dir='ltr'>Parisiensium</span> <span class='ocrx_word' id='word_1_768' title='bbox 927 5282 1006 5343; x_wconf 88' lang='lat' dir='ltr'>cepto</span> <span class='ocrx_word' id='word_1_769' title='bbox 1017 5281 1044 5328; x_wconf 92' lang='lat' dir='ltr'>et</span> <span class='ocrx_word' id='word_1_770' title='bbox 1053 5272 1266 5342; x_wconf 87' lang='lat' dir='ltr'>dispensatione,</span> <span class='ocrx_word' id='word_1_771' title='bbox 1277 5270 1346 5329; x_wconf 82' lang='lat' dir='ltr'>vido</span> <span class='ocrx_word' id='word_1_772' title='bbox 1362 5267 1595 5340; x_wconf 79' lang='lat' dir='ltr'>Hieronymumiu</span> <span class='ocrx_word' id='word_1_773' title='bbox 1610 5267 1727 5340; x_wconf 87' lang='lat' dir='ltr'>epistola</span> 
     </span>
     <span class='ocr_line' id='line_1_58' title="bbox 67 5340 1725 5414; baseline -0.002 -15"><span class='ocrx_word' id='word_1_774' title='bbox 67 5343 216 5399; x_wconf 87' lang='lat' dir='ltr'>emendata</span> <span class='ocrx_word' id='word_1_775' title='bbox 229 5341 310 5398; x_wconf 87' lang='lat' dir='ltr'>lectio</span> <span class='ocrx_word' id='word_1_776' title='bbox 325 5342 442 5414; x_wconf 74' lang='lat' dir='ltr'>vulgata,</span> <span class='ocrx_word' id='word_1_777' title='bbox 459 5342 509 5398; x_wconf 84' lang='lat' dir='ltr'>itta</span> <span class='ocrx_word' id='word_1_778' title='bbox 524 5340 645 5397; x_wconf 82' lang='lat' dir='ltr'>tradidit</span> <span class='ocrx_word' id='word_1_779' title='bbox 656 5355 719 5397; x_wconf 82' lang='lat' dir='ltr'>aas.</span> <span class='ocrx_word' id='word_1_780' title='bbox 926 5345 960 5398; x_wconf 89' lang='lat' dir='ltr'>ad</span> <span class='ocrx_word' id='word_1_781' title='bbox 973 5344 1082 5398; x_wconf 83' lang='lat' dir='ltr'>Paulam</span> <span class='ocrx_word' id='word_1_782' title='bbox 1098 5345 1133 5399; x_wconf 95' lang='lat' dir='ltr'>de</span> <span class='ocrx_word' id='word_1_783' title='bbox 1146 5343 1221 5399; x_wconf 90' lang='lat' dir='ltr'>obitu</span> <span class='ocrx_word' id='word_1_784' title='bbox 1237 5343 1369 5410; x_wconf 77' lang='lat' dir='ltr'>blasillae,</span> <span class='ocrx_word' id='word_1_785' title='bbox 1383 5340 1430 5398; x_wconf 90' lang='lat' dir='ltr'>ubi</span> <span class='ocrx_word' id='word_1_786' title='bbox 1440 5340 1488 5408; x_wconf 85' lang='lat' dir='ltr'>ait,</span> <span class='ocrx_word' id='word_1_787' title='bbox 1503 5355 1586 5395; x_wconf 83' lang='lat' dir='ltr'>eam«</span> <span class='ocrx_word' id='word_1_788' title='bbox 1604 5340 1725 5395; x_wconf 91' lang='lat' dir='ltr'>secundo</span> 
     </span>
     <span class='ocr_line' id='line_1_59' title="bbox 104 5407 1725 5497; baseline 0 -28"><span class='ocrx_word' id='word_1_789' title='bbox 104 5413 167 5487; x_wconf 78' lang='grc'>(85)</span> <span class='ocrx_word' id='word_1_790' title='bbox 192 5412 395 5470; x_wconf 81' lang='lat' dir='ltr'>Proiessionem</span> <span class='ocrx_word' id='word_1_791' title='bbox 422 5413 579 5486; x_wconf 76' lang='lat' dir='ltr'>religiosam</span> <span class='ocrx_word' id='word_1_792' title='bbox 602 5420 707 5470; x_wconf 82' lang='lat' dir='ltr'>veteres</span> <span class='ocrx_word' id='word_1_793' title='bbox 722 5425 778 5466; x_wconf 90' lang='lat' dir='ltr'>non</span> <span class='ocrx_word' id='word_1_794' title='bbox 793 5407 872 5492; x_wconf 77' lang='lat' dir='ltr'>pauci</span> <span class='ocrx_word' id='word_1_795' title='bbox 927 5416 1043 5497; x_wconf 92' lang='lat' dir='ltr'>quodem</span> <span class='ocrx_word' id='word_1_796' title='bbox 1064 5414 1147 5472; x_wconf 89' lang='lat' dir='ltr'>modo</span> <span class='ocrx_word' id='word_1_797' title='bbox 1169 5414 1323 5487; x_wconf 80' lang='lat' dir='ltr'>propositi»</span> <span class='ocrx_word' id='word_1_798' title='bbox 1348 5413 1402 5486; x_wconf 87' lang='lat' dir='ltr'>(sic</span> <span class='ocrx_word' id='word_1_799' title='bbox 1428 5410 1603 5469; x_wconf 84' lang='lat' dir='ltr'>monasticam</span> <span class='ocrx_word' id='word_1_800' title='bbox 1617 5409 1725 5484; x_wconf 83' lang='lat' dir='ltr'>proles·</span> 
     </span>
     <span class='ocr_line' id='line_1_60' title="bbox 66 5480 1666 5558; baseline -0.001 -16"><span class='ocrx_word' id='word_1_801' title='bbox 66 5483 186 5542; x_wconf 81' lang='lat' dir='ltr'>alterum</span> <span class='ocrx_word' id='word_1_802' title='bbox 205 5483 343 5555; x_wconf 83' lang='lat' dir='ltr'>baptisma</span> <span class='ocrx_word' id='word_1_803' title='bbox 365 5492 565 5557; x_wconf 87' lang='lat' dir='ltr'>nuncuparunt,</span> <span class='ocrx_word' id='word_1_804' title='bbox 585 5491 616 5539; x_wconf 88' lang='lat' dir='ltr'>ut</span> <span class='ocrx_word' id='word_1_805' title='bbox 642 5480 797 5541; x_wconf 82' lang='lat' dir='ltr'>Bernardus</span> <span class='ocrx_word' id='word_1_806' title='bbox 813 5496 873 5554; x_wconf 79' lang='lat' dir='ltr'>ipse</span> <span class='ocrx_word' id='word_1_807' title='bbox 925 5501 1030 5543; x_wconf 78' lang='lat' dir='ltr'>sionem</span> <span class='ocrx_word' id='word_1_808' title='bbox 1045 5486 1175 5557; x_wconf 73' lang='lat' dir='ltr'>vocstlse</span> <span class='ocrx_word' id='word_1_809' title='bbox 1192 5485 1375 5558; x_wconf 81' lang='lat' dir='ltr'>«baptismos</span> <span class='ocrx_word' id='word_1_810' title='bbox 1392 5483 1501 5544; x_wconf 85' lang='lat' dir='ltr'>lavisse.</span> <span class='ocrx_word' id='word_1_811' title='bbox 1663 5493 1666 5498; x_wconf 59' lang='lat'><strong><em>⁴</em></strong></span> 
     </span>
     <span class='ocr_line' id='line_1_61' title="bbox 68 5553 1040 5627; baseline 0.004 -16"><span class='ocrx_word' id='word_1_812' title='bbox 68 5554 99 5614; x_wconf 88' lang='lat' dir='ltr'>in</span> <span class='ocrx_word' id='word_1_813' title='bbox 113 5566 243 5614; x_wconf 74' lang='lat' dir='ltr'>scemam</span> <span class='ocrx_word' id='word_1_814' title='bbox 258 5557 342 5614; x_wconf 73' lang='lat' dir='ltr'>alde</span> <span class='ocrx_word' id='word_1_815' title='bbox 355 5555 482 5627; x_wconf 86' lang='lat' dir='ltr'>dirersis,</span> <span class='ocrx_word' id='word_1_816' title='bbox 497 5570 574 5616; x_wconf 90' lang='lat' dir='ltr'>num.</span> <span class='ocrx_word' id='word_1_817' title='bbox 592 5558 621 5622; x_wconf 78' lang='lat'>3,</span> <span class='ocrx_word' id='word_1_818' title='bbox 632 5562 658 5611; x_wconf 90' lang='lat' dir='ltr'>et</span> <span class='ocrx_word' id='word_1_819' title='bbox 671 5553 719 5611; x_wconf 92' lang='lat' dir='ltr'>lib.</span> <span class='ocrx_word' id='word_1_820' title='bbox 735 5553 776 5611; x_wconf 76' lang='lat' dir='ltr'>lie</span> <span class='ocrx_word' id='word_1_821' title='bbox 796 5568 870 5625; x_wconf 79' lang='lat' dir='ltr'>prae.-</span> <span class='ocrx_word' id='word_1_822' title='bbox 1039 5584 1040 5588; x_wconf 58' lang='lat'><em>=</em></span> 
     </span>
    </p>
   </div>
   <div class='ocr_carea' id='block_1_6' title="bbox 0 0 1895 5948">
    <p class='ocr_par' dir='ltr' id='par_1_8' title="bbox 0 0 1895 5948">
     <span class='ocr_line' id='line_1_62' title="bbox 0 0 1895 5948; baseline 0 0"><span class='ocrx_word' id='word_1_823' title='bbox 0 0 1895 5948; x_wconf 95' lang='lat' dir='ltr'> </span> 
     </span>
    </p>
   </div>
  </div>
 </body>
</html>
