3734 5948
109 204 145 265 95
584 202 612 264 S.
632 203 801 267 tentaret
821 205 957 265 taetris
975 202 1288 265 cmpottttttsts
1728 206 1763 266 96

110 336 241 405 quantum
260 328 342 385 distat
364 328 436 385 inter
461 327 576 402 liguram
601 336 629 385 et
649 329 806 399 veritatem,
834 332 906 388 inter
924 345 949 425 Ι
967 329 1039 404 quis,
1054 329 1107 386 ista
1121 329 1369 388 scientiaomnium
1383 338 1434 389 est.
1459 329 1526 401 Quis
1550 330 1623 388 enim
1647 329 1763 388 nesciat·

15 484 20 497 Ι
110 419 198 477 lucem
219 427 246 476 et
259 416 393 485 umbram,
413 418 483 474 inter
497 417 634 474 dominam
648 426 674 474 et
700 419 824 475 ancillam
839 421 906 493 (ιιι).
964 419 1008 475 ιιι
1024 418 1223 476 nominetenus
1238 417 1334 489 tidelis,
1351 420 1413 491 quia
1427 420 1517 478 veniet
1535 419 1685 488 Dominus;
1702 420 1765 491 quia

147 511 174 563 t.
195 508 279 567 llodie
290 508 385 565 scietis
403 507 469 581 qaia
483 510 577 565 veniet
590 509 736 566 Dominus.
753 509 907 565 Secundum
964 517 1095 564 venturus
1109 514 1152 563 est
1165 506 1287 578 judicare
1311 508 1386 565 vivos
1403 516 1431 564 et
1453 516 1585 574 mortuos,
1600 516 1627 563 et
1646 507 1765 564 reddere

111 596 316 653 aestimationem
339 611 428 651 meam
441 596 505 666 ,duo
523 598 550 652 in
574 596 665 653 verbis
678 598 736 652 istis
755 598 814 655 dics
829 600 908 655 nobis
963 597 1109 669 unicuique
1124 599 1200 668 juxta
1222 612 1306 670 opera
1334 597 1406 652 suat
1424 599 1484 653 Non
1504 598 1625 654 omnium
1648 596 1700 652 ista
1724 594 1767 653 esi

111 685 268 758 expressius
283 685 518 741 commendantur.
532 685 645 752 Primus,
663 686 708 758 qui
723 703 740 742 a
761 688 841 759 primi
856 689 908 744 ho·
962 686 1085 752 scientia,
1103 686 1201 741 iratres
1215 685 1280 757 mei,
1292 686 1341 741 sed
1355 701 1408 741 nec
1421 687 1568 741 multorum
1584 704 1591 741 :
1614 686 1766 742 Paucorum

111 773 192 830 minis
204 773 281 846 lapsu
296 774 395 830 labitur
408 791 494 846 usque
509 772 637 829 adfinem
652 775 760 843 mundi;
780 776 849 842 dies,
865 778 907 832 cui
965 772 1049 830 262
1059 784 1111 838 est,
1127 773 1189 846 quia
1205 789 1299 831 revera
1319 774 1399 845 pauci
1413 782 1476 830 sunt
1488 773 1534 845 qui
1549 772 1697 830 salventur.
1709 775 1766 830 Pu-

111 863 197 919 saneti
212 862 311 934 saepius
325 862 499 918 maledixisse
519 869 677 918 noscuntur.
702 864 743 919 to
767 864 811 920 illa
833 866 907 921 enim
962 872 1038 920 lasne
1053 864 1117 936 quia
1130 863 1168 919 illi
1190 865 1247 936 qui,
1264 882 1325 921 cum
1342 865 1413 920 male
1441 864 1576 932 lecerunt,
1596 865 1723 921 laetantur
1738 873 1767 922 et

37 958 41 964 '
109 951 278 1007 lucidissima
291 952 345 1022 die,
362 951 391 1005 in
406 967 458 1023 qua
472 951 599 1007 conditus
614 950 702 1007 luerat
715 953 814 1020 Adam,
830 956 907 1025 ejec-
962 951 1137 1008 exsultantia
1152 954 1234 1009 rebus
1243 954 1471 1025 pessimis(l’roo.
1485 968 1515 1019 ιι,
1528 956 1595 1020 ιι),
1607 955 1651 1010 vel
1666 955 1764 1023 sciant,

111 1047 155 1096 tus
169 1047 228 1109 est;
244 1048 272 1096 ct
285 1040 312 1094 in
330 1042 379 1094 has
399 1056 491 1095 rerum
505 1048 648 1095 contmsus
667 1042 818 1114 angustias,
833 1043 906 1099 diem
962 1039 1003 1096 vel
1020 1041 1171 1116 recogitent
1185 1041 1248 1115 quia
1259 1041 1513 1099 venietDominus‘t
1528 1041 1558 1099 Si
1572 1041 1693 1099 dixerint
1701 1044 1763 1116 ipsi,

110 1129 286 1185 tenebrosum
312 1128 437 1198 incurrit,
464 1135 490 1183 et
513 1143 584 1199 pene
616 1144 632 1183 a
660 1129 762 1186 lumine
785 1131 907 1186 veritatis
962 1136 990 1184 ιιι
1006 1128 1061 1185 ιιοιι
1083 1129 1197 1186 credere
1214 1150 1221 1184 :
1238 1131 1300 1201 quia
1315 1133 1364 1204 qui
1386 1130 1456 1188 dicit
1479 1148 1509 1188 so
1527 1148 1608 1190 nosse
1621 1136 1719 1199 Deam,
1736 1139 1764 1190 et

111 1215 269 1272 exstinctus.
294 1217 325 1270 ln
348 1217 399 1271 trac
423 1215 466 1271 die
482 1216 618 1273 nascimur
632 1218 759 1284 universi,
776 1219 800 1274 si
814 1226 906 1275 tamen
960 1218 1099 1273 mandato
1114 1222 1174 1290 cjos
1192 1235 1249 1276 oon
1262 1219 1398 1285 custodit,
1408 1221 1534 1278 mendac
1552 1224 1595 1277 ost
1609 1221 1632 1291 (l
1645 1223 1718 1279 loon
1733 1237 1764 1292 11,

110 1304 170 1360 dies
184 1303 267 1360 dehet
281 1312 308 1359 et
324 1320 378 1360 non
401 1304 494 1376 potius
510 1320 562 1361 nox
579 1307 668 1363 vocari
685 1325 690 1363 :
708 1307 760 1362 nisi
772 1309 845 1380 quod
861 1309 905 1363 lu-
960 1305 1009 1376 4.).
1026 1307 1214 1378 Confitentur,
1227 1307 1264 1362 ait
1274 1308 1428 1379 Apostolus,
1439 1325 1468 1366 se
1478 1325 1558 1366 nosse
1568 1310 1668 1379 Deam,
1679 1312 1765 1382 foetis

111 1407 174 1447 men
188 1393 299 1448 rationis
320 1391 398 1464 quasi
413 1392 557 1464 quamdam
573 1393 743 1450 scintillulam
758 1396 838 1452 nobis
860 1398 906 1452 in·
960 1398 1059 1449 oute-m
1071 1399 1174 1466 necant
1185 1395 1253 1467 (rit.
1269 1411 1290 1461 1,
1308 1395 1364 1468 ιθ.)
1381 1413 1389 1450 :
1405 1399 1471 1469 poio
1484 1398 1552 1466 fides
1562 1398 1624 1454 sine
1635 1400 1763 1471 operibus

111 1480 326 1553 superabilisilla
340 1480 526 1537 misericordia
540 1482 694 1554 dereliquit.
705 1485 831 1541 Secunda
841 1501 905 1542 vero
960 1487 1072 1539 morton
1088 1488 1131 1539 est
1145 1485 1216 1553 (loc.
1232 1498 1262 1551 ιι,
1280 1487 1336 1557 20).
1351 1484 1411 1540 Non
1427 1485 1544 1541 enimse
1562 1486 1600 1540 ita
1617 1487 1691 1541 omui
1705 1487 1759 1541 im-

110 1568 169 1625 dies
187 1569 238 1624 erit
262 1569 288 1624 in
317 1569 507 1641 splendoribus
531 1580 686 1628 sanctorum
709 1572 736 1628 in
759 1582 906 1647 perpetuas
959 1570 1077 1644 puritate
1095 1571 1262 1644 polluerent,
1277 1571 1302 1627 si
1326 1573 1470 1629 Dominum
1496 1581 1641 1631 venturum
1662 1575 1763 1631 seirent

110 1657 286 1728 aeternitates,
314 1673 375 1713 cum
402 1658 557 1715 inclaruerit
593 1659 660 1714 illud
699 1662 905 1718 serenissimum
960 1657 1003 1713 rel
1022 1658 1216 1728 formidarenl3
1233 1660 1282 1716 sed
1299 1659 1441 1732 vigilarent
1456 1661 1559 1733 utique,
1575 1669 1602 1717 et
1617 1663 1761 1718 nonsine·

110 1760 201 1814 mane,
213 1746 259 1818 qui
271 1755 313 1802 cst
327 1746 513 1803 misericordia
537 1748 713 1819 repromissa,
729 1758 758 1805 et
776 1751 905 1822 absorpta
921 1766 943 1844 B
959 1753 1021 1801 roni
1034 1753 1089 1801 tam
1103 1746 1224 1819 graviter
1238 1747 1345 1818 perfodi
1359 1748 1540 1805 conscientias
1554 1766 1627 1808 suas.

110 1833 245 1889 critmors
258 1835 287 1889 in
304 1835 416 1891 victoria
432 1852 439 1890 :
455 1852 516 1892 cum
530 1835 641 1892 dimotis
655 1838 760 1894 umbris
781 1847 808 1894 et
822 1847 903 1896 tene·
995 1834 1145 1892 iScientia
1174 1845 1265 1892 autem
1294 1835 1344 1892 ista
1358 1837 1386 1892 in
1411 1837 1498 1909 primo
1517 1838 1604 1914 gradu
1632 1847 1762 1912 operatur

109 1920 178 1989 bris,
193 1922 322 1994 splendor
334 1940 408 1979 verae
431 1924 498 1980 lucis
512 1941 621 1981 sursum
636 1933 662 1981 et
677 1927 817 1995 deorsum,
832 1927 905 1984 intus
958 1923 1155 1993 paenitudinem
1176 1932 1204 1980 et
1228 1925 1361 1992 dotorem.
1378 1934 1408 1982 ul
1422 1927 1506 1982 risum
1521 1927 1549 1982 1¹1
1564 1929 1675 1999 luctum,
1696 1946 1760 1986 0³11·

109 2016 137 2064 et
155 2012 272 2066 exterius
287 2021 383 2068 cuncta
400 2012 501 2085 pariter
516 2015 669 2086 occupabit.
694 2016 830 2074 Auditum
857 2020 905 2089 foc
958 2019 1016 2067 lum
1035 2011 1064 2066 in
1089 2011 1236 2083 planctum,
1250 2012 1381 2086 goudium
1395 2013 1425 2069 in
1444 2030 1589 2071 moerorem
1609 2024 1759 2085 convertat,

108 2097 275 2158 mibimune
289 2102 512 2159 misericordiam
527 2107 620 2171 tuam,
636 2103 797 2161 aitsanctus
815 2108 903 2175 (psat,
959 2107 985 2154 et
999 2099 1129 2171 incipiant
1154 2099 1202 2154 tibi
1235 2099 1380 2172 displicere
1410 2117 1471 2172 quae
1492 2103 1670 2161 vehementer
1696 2114 1759 2162 ante

108 2204 193 2252 extit,
209 2190 247 2260 8);
264 2196 300 2256 et,
317 2192 428 2263 Reploti
441 2208 542 2249 somus
553 2211 636 2252 mooe
649 2197 843 2252 otisericordio
855 2202 905 2252 too
959 2187 1131 2258 ploouor³1113
1148 2196 1174 2243 ct
1189 2188 1236 2243 illa
1250 2188 1405 2261 specialiter
1428 2191 1541 2247 horreas
1557 2208 1618 2264 quae
1632 2193 1759 2265 speciali·

109 2278 197 2348 (Psol.
211 2293 333 2346 cxxxix,
349 2282 394 2346 tt,
409 2283 449 2351 a).
465 2279 520 2336 Sed
538 2282 571 2337 ad
587 2290 711 2338 nostrum
726 2283 797 2339 diem
813 2300 905 2340 rever·
959 2281 1001 2330 ῑθι
1028 2276 1186 2347 appetebas·
1216 2276 1260 2332 5¹⁰
1287 2277 1360 2332 essim
1384 2277 1515 2349 seriptum
1538 2288 1591 2346 esi,
1619 2283 1689 2350 ΟΜ
1712 2285 1761 2355 qoa‘

108 2372 207 2431 tamur,
224 2366 269 2438 qui
283 2376 412 2440 tanquam
436 2370 558 2425 custodia
574 2369 602 2425 in
617 2380 697 2427 nocte
715 2388 765 2444 pro
780 2389 830 2429 sua
843 2374 906 2429 bre·
957 2365 1037 2421 oddit
1052 2365 1213 2432 scientiam.
1230 2367 1309 2422 addit
1323 2372 1351 2422 02
1365 2367 1599 2440 dolt‘rssmisssssslt·
1610 2385 1630 2436 ιι
1648 2369 1714 2441 18),
1731 2377 1760 2424 ¹12

108 2454 190 2509 ritate
205 2455 313 2525 dicitur,
329 2457 375 2528 qui
390 2464 517 2529 tanquam
537 2459 649 2516 nihilum
667 2469 695 2516 et
714 2461 795 2517 inane
810 2464 844 2518 ab
859 2462 904 2518 1110
958 2452 1061 2508 veracis
1075 2460 1104 2509 et
1121 2461 1223 2510 sanctae
1245 2453 1365 2511 scientiae
1380 2456 1417 2510 sit
1430 2456 1507 2513 dolor
1528 2459 1700 2530 subsequens
1715 2474 1758 2512 ar·

109 2543 232 2614 familiari
242 2544 359 2617 Spiritus
372 2546 458 2602 sancti
468 2563 570 2619 organo
582 2549 746 2616 nominatur,
758 2551 903 2619 cumdieit,
958 2549 1129 2613 eumenium·
1144 2543 1174 2597 111
1193 2543 1315 2600 secondo
1329 2559 1394 2600 vcro
1414 2545 1500 2619 gradu
1515 2554 1644 2618 operatur
1666 2561 1759 2603 corre·

112 2632 251 2701 Qooniom
262 2651 358 2692 omnes
374 2636 431 2692 diet
455 2638 548 2693 nostri
561 2637 725 2708 defecerunt
741 2659 750 2694 ,·
772 2646 810 2705 et,
825 2643 907 2711 pesp.
959 2629 1087 2697 ctionem,
1103 2633 1200 2701 etjam
1216 2647 1272 2688 non
1283 2631 1414 2689 exhibeas
1428 2633 1549 2690 membra
1564 2639 1694 2691 tuaarma
1707 2634 1759 2689 iui-

107 2726 210 2777 ceroot
233 2724 307 2780 sicot
330 2727 430 2795 {omos
453 2724 511 2782 dios
529 2729 587 2782 mei
601 2746 610 2783 :
625 2734 669 2796 et,
685 2730 748 2784 Dies
761 2731 818 2785 mci
831 2732 906 2785 sicot
940 2775 942 2778 .
959 2717 1068 2788 quitatis
1082 2726 1205 2789 Ρθθΰὸῑθι
1221 2721 1269 2775 Sed
1284 2734 1413 2776 ⁰⁰0s⁰⁰³⁸
1431 2721 1534 2794 illlam.
1548 2723 1658 2794 intulis
1680 2723 1757 2778 luxu·

53 2842 56 2847 .
106 2809 433 2870 „mpradaclinoooront
448 2813 534 2881 (Psoi.
546 2829 582 2880 ct,
601 2816 626 2884 t,
639 2814 694 2885 ιι).
708 2817 794 2873 Parvi
804 2822 831 2873 et
843 2834 905 2890 pes.
959 2806 1036 2874 riam,
1053 2807 1207 2879 superbiam
1230 2809 1378 2879 deprimas,
1395 2820 1422 2866 et
1437 2811 1519 2868 iacias
1541 2814 1644 2869 servire
1658 2828 1757 2884 corpus

27 2928 32 2936 ·
107 2899 176 2954 timi
187 2902 255 2956 sant
270 2914 366 2957 omnes
386 2901 443 2958 dics
460 2903 525 2960 otta
538 2904 700 2974 mammen.
716 2920 801 2971 nnvn,
820 2903 905 2976 o),ait
958 2895 1104 2964 sanctitati,
1119 2897 1191 2969 quod
1210 2897 1347 2971 iniquitati
1370 2906 1434 2955 ante
1453 2899 1593 2957 servierat.
1612 2900 1756 2957 Poenitudo

106 2985 152 3043 ille
170 2994 280 3043 sanetus
301 2989 461 3060 patriarcha,
487 2989 535 3063 qui
548 2990 616 3045 vidit
630 2992 771 3048 Dominum
787 2992 855 3048 facie
869 2994 903 3048 ad
958 2984 1030 3055 enim
1045 2986 1103 3042 sine
1117 2986 1286 3043 correctione
1306 3003 1361 3044 non
1387 2988 1519 3059 proderit,
1549 2988 1618 3044 sicut
1642 2988 1757 3060 Sapiens

107 3073 213 3142 taciem,
230 3077 353 3149 quicum
369 3094 402 3134 eo
417 3087 472 3134 tam
495 3078 664 3136 familiariter
678 3080 850 3154 loquebatur.
867 3082 903 3139 Et
956 3074 1010 3132 ait:
1027 3075 1266 3147 lloosudifiooos,
1277 3080 1304 3134 et
1314 3079 1556 3144 anosdestraem,
1567 3079 1634 3150 quid
1642 3079 1756 3152 prodest

105 3164 216 3236 quidem
232 3166 259 3221 in
281 3167 332 3223 hac
346 3166 405 3238 ipsa
419 3168 464 3224 die
478 3168 581 3223 homini
595 3170 669 3224 Deus
684 3171 815 3225 mtionem
830 3188 900 3242 prae·
918 3173 939 3252 c
956 3163 998 3221 eis
1010 3166 1067 3220 nisi
1083 3164 1182 3223 loom?
1199 3168 1275 3225 Unus
1298 3182 1393 3234 orcos.
1418 3170 1447 3224 ct
1469 3183 1545 3224 unct
1568 3167 1754 3234 molediceos;

104 3260 168 3319 stat,
184 3253 276 3309 tribuit
298 3254 503 3329 intelligentiam
525 3256 599 3311 :aad
617 3273 728 3313 necesse
748 3267 789 3313 est
807 3266 837 3315 ιιι
851 3275 901 3315 ex·

104 3348 215 3398 euntem
235 3343 271 3398 de
296 3344 348 3399 troc
371 3344 473 3400 mundo
498 3343 631 3401 illuminet
652 3344 754 3403 lumine
780 3346 902 3405 scientiae

103 3444 171 3495 suae,
187 3447 232 3497 nc,
256 3431 279 3485 si
294 3431 329 3487 de
350 3432 432 3488 domo
455 3434 573 3490 carceris
590 3440 617 3489 et
630 3434 727 3491 umbra
742 3437 835 3492 mortis
850 3453 901 3492 ex-

104 3517 217 3574 stinctus
239 3518 345 3592 exierit,
366 3520 510 3577 illuminari
532 3538 587 3578 non
606 3523 694 3580 valeat
708 3523 735 3578 in
756 3533 898 3582 aeternum.

103 3605 168 3662 ldeo
188 3607 290 3681 quippe
315 3609 475 3682 Unigenitus
497 3611 557 3677 Dei,
578 3611 618 3668 sol
632 3613 752 3682 iustitia,
773 3621 901 3686 tanquam

103 3693 228 3752 immensi
238 3705 266 3753 et
279 3699 402 3770 praeclari
418 3699 528 3755 luminis
542 3716 648 3770 cereus,
664 3702 690 3757 in
712 3702 901 3773 hujusmundi

103 3800 242 3841 carcerem
272 3786 436 3844 illuminatus
455 3797 497 3845 est
525 3797 553 3846 et
579 3807 726 3860 accensus;
750 3799 779 3848 ut
806 3808 901 3849 omncs

103 3873 150 3946 qui
168 3873 313 3930 illuminari
338 3875 482 3946 voluerint,
502 3879 537 3934 ad
555 3879 631 3935 illum
650 3881 791 3947 accedant,
806 3879 899 3952 illique

101 3963 261 4038 iungantur,
277 3971 307 4019 ut
320 3963 387 4020 nibil
401 3966 520 4022 medium
541 3967 610 4024 inter
625 3968 685 4025 illos
700 3968 736 4024 sit
758 3977 785 4025 et
799 3968 897 4041 ipsum.

104 4051 217 4108 Peccata
231 4053 304 4108 enim
325 4059 418 4109 nostra
431 4063 560 4128 separant
583 4056 654 4114 inter
677 4072 727 4113 nos
755 4066 782 4114 et
800 4058 896 4114 Deum.

101 4139 156 4197 Sed
169 4141 220 4197 illis
243 4141 364 4211 sublatis,
388 4160 452 4201 vero
475 4145 569 4201 lumini
583 4146 752 4202 illuminandi
774 4155 803 4203 et
821 4149 899 4220 quasi

101 4233 317 4304 concorporandi
345 4235 531 4291 connectimur
555 4237 582 4292 in
607 4236 724 4308 idipsum
749 4236 842 4293 :sicut
859 4238 899 4293 lu-

102 4337 166 4377 men
180 4322 343 4380 cxstinctum
364 4325 458 4380 lumini
481 4325 582 4382 lucenti
607 4333 635 4381 et
651 4325 760 4381 ardenti
778 4325 837 4381 sine
850 4326 898 4381 ali-

102 4427 157 4484 quo
171 4411 261 4468 medio
276 4415 449 4488 conjungitur
462 4423 491 4471 ut
504 4413 698 4481 illumineteur,
707 4421 842 4488 quatenus
851 4432 900 4488 per

102 4499 256 4573 exemplum
288 4503 444 4576 visibilium,
460 4502 574 4560 eftectus
610 4519 702 4560 rerum
728 4504 900 4562 invisibilium

102 4604 307 4663 cognoscamus.

138 4684 166 4736 3.
181 4681 224 4736 tu
249 4681 300 4738 hoc
323 4681 409 4756 igitur
431 4690 485 4736 tam
508 4696 637 4754 magnum
661 4689 688 4737 et
711 4680 901 4754 praefulgidum

102 4769 188 4836 sidus,
211 4771 288 4840 juxta
311 4773 483 4844 prophetam,
507 4769 689 4826 illuminemus
712 4772 791 4826 nobis
809 4771 901 4828 lumen

103 4858 225 4915 scientiae
240 4862 328 4930 (Osee,
354 4875 384 4926 x,
405 4862 447 4925 lt,
470 4860 546 4929 juxta
561 4859 671 4931 LXX),
686 4858 843 4933 priusquam
866 4862 901 4917 de

103 4948 197 5003 mundi
210 4950 292 5020 hujus
308 4948 428 5004 tenebris
437 4962 576 5014 exeamus,
587 4964 621 5004 ne
632 4947 666 5004 de
677 4948 798 5005 tenebris
813 4958 902 5005 trans-

104 5052 199 5093 eamus
212 5038 247 5092 ad
262 5037 401 5104 tenebras,
425 5045 452 5094 et
475 5038 603 5094 tenebras
623 5039 814 5112 sempiternas.
834 5037 901 5107 Quae

104 5132 146 5182 est
161 5136 250 5183 autom
266 5126 317 5182 ista
331 5125 468 5185 scientia?
491 5126 615 5185 Proiecto
638 5127 709 5185 scire
724 5128 788 5201 quia
809 5129 900 5186 veniet

103 5217 243 5285 Donrinus,
265 5214 317 5270 etsi
332 5215 441 5288 quando
457 5216 558 5284 veniet,
582 5216 652 5273 scire
677 5234 731 5274 non
745 5233 899 5290 possumne.

104 5307 160 5363 lioc
175 5312 217 5361 est
229 5303 296 5360 iilud
312 5311 397 5361 toturn
411 5307 484 5378 quod
498 5306 649 5379 postulatur
668 5323 683 5362 a
698 5306 786 5364 nobis.
806 5306 840 5363 ar
856 5306 901 5361 in·

140 5414 197 5483 (to)
212 5409 311 5482 Quanti
324 5413 478 5472 bernardus
491 5414 607 5471 iaciebat
622 5414 753 5472 Ecclesiae
767 5413 902 5471 universa

104 5484 225 5554 ιιοιιιι,
242 5483 288 5558 qui
302 5490 405 5544 tantam
424 5489 485 5561 ejas
498 5486 685 5544 auctoritatem
703 5486 784 5544 etiam
805 5485 834 5542 in
854 5501 903 5544 ac·

955 3255 1038 3325 cajus
1050 3270 1143 3312 uocem
1153 3255 1287 3312 excutiet
1296 3253 1392 3311 Deos?
1405 3257 1457 3324 Qvi
1470 3257 1547 3313 onim
1562 3256 1755 3329 baptizaturo

954 3347 1077 3413 mortuo,
1092 3351 1118 3400 ct
1137 3345 1243 3402 iterum
1260 3344 1446 3415 tumultuum,
1463 3345 1536 3401 nibil
1548 3345 1664 3416 proficit
1678 3345 1756 3400 lovo-

956 3432 994 3487 tt'o
1010 3434 1070 3503 ejus
1085 3431 1183 3504 (Eccli.
1195 3446 1295 3499 ιιιιιιιν,
1309 3433 1428 3504 ιιι-ιιι,
1443 3432 1505 3498 sed,
1517 3434 1593 3502 juxta
1607 3431 1754 3489 salvatoris

955 3521 1129 3586 sententiam,
1145 3520 1293 3576 verendum
1309 3529 1350 3577 est
1365 3537 1399 3577 nc
1410 3519 1436 3576 ci
1451 3519 1553 3592 aliquid
1563 3520 1682 3577 deterius
1692 3537 1755 3577 con·

955 3607 1042 3681 tingat
1054 3611 1145 3680 (loon.
1162 3626 1190 3677 v,
1204 3613 1258 3681 tt).
1271 3610 1325 3666 Sed
1335 3610 1398 3682 quia
1408 3610 1466 3667 haec
1480 3609 1579 3666 diutius
1594 3610 1689 3667 haberi
1698 3627 1754 3667 non

954 3707 1077 3770 possunt,
1094 3698 1146 3753 nisi
1165 3698 1236 3756 circa
1252 3715 1281 3755 se
1304 3700 1388 3755 multa
1412 3699 1656 3771 circumspectione
1674 3714 1753 3754 mens

954 3786 1091 3843 indelessa
1105 3787 1197 3860 vigilet
1212 3795 1239 3842 et
1255 3787 1397 3855 attendat;
1412 3787 1442 3841 in
1457 3786 1538 3843 tertio
1551 3787 1638 3858 gradu
1656 3802 1754 3858 opera-

954 3885 997 3932 tar
1016 3875 1233 3943 sollicitudinem,
1256 3876 1359 3946 etjam
1379 3874 1511 3932 sollicitus
1525 3874 1638 3947 incipiat
1655 3874 1752 3929 ambu-

952 3964 1008 4018 lare
1021 3979 1083 4019 cum
1097 3963 1155 4019 Deo
1169 3976 1230 4030 suo,
1246 3969 1315 4018 etex
1330 3962 1404 4020 omni
1418 3969 1497 4036 parte
1505 3973 1651 4032 scrutetur,
1663 3977 1699 4019 ne
1708 3961 1753 4018 vel

951 4052 980 4107 in
992 4050 1130 4108 levissima
1147 4067 1176 4108 re
1201 4052 1350 4109 tremendae
1374 4049 1450 4109 illius·
1469 4054 1620 4124 majestatis
1632 4053 1753 4110 offendat

951 4143 1133 4215 aspectus.1u
1155 4140 1322 4213 poenitudine
1348 4143 1514 4208 accenditur,
1538 4142 1751 4199 incorrectione

953 4232 1040 4296 ardet,
1060 4230 1088 4285 in
1104 4228 1284 4287 sollicitudine
1298 4230 1380 4301 lucet,
1395 4237 1425 4287 nt
1449 4230 1563 4288 interius
1581 4238 1610 4288 et
1633 4231 1752 4287 exterius

953 4328 1112 4376 renovetur.

989 4412 1015 4466 5.
1036 4407 1085 4464 Hic
1101 4407 1158 4478 jam
1175 4407 1310 4480 respirare
1325 4407 1419 4480 incipit
1441 4424 1458 4463 a
1480 4407 1652 4464 tribulatione
1666 4407 1752 4463 malo-

955 4513 1014 4552 rum
1034 4504 1062 4552 ct
1080 4496 1185 4566 dolore,
1201 4505 1228 4553 et
1251 4497 1355 4553 timoris
1379 4497 1593 4573 magnitudinem
1616 4496 1751 4568 spirituali

915 4578 1047 4655 sslaetitia
1074 4595 1239 4658 temperare,
1260 4602 1294 4643 ne
1314 4602 1422 4644 snorum
1439 4586 1598 4643 enormitate
1617 4586 1752 4643 scelerum

955 4675 1145 4732 abundantiori
1160 4675 1266 4731 tristitia
1286 4675 1474 4733 absorbeatur.
1496 4677 1564 4732 ilinc
1579 4675 1629 4732 etsi
1645 4676 1720 4731 timet
1734 4691 1750 4729 a

955 4765 1061 4832 lodice,
1077 4773 1169 4836 sperat
1190 4765 1376 4833 aSalvatore3
1392 4782 1453 4821 curn
1464 4767 1522 4835 jam
1542 4768 1569 4820 in
1584 4766 1674 4835 animo
1688 4765 1750 4834 ejus

957 4857 1035 4911 timor
1049 4864 1077 4911 ct
1091 4856 1182 4911 laetitiu
1193 4854 1367 4927 obsequitent
1380 4862 1409 4912 et
1421 4857 1531 4914 obvient
1544 4857 1613 4923 sibi3
1628 4856 1749 4928 plerum·

955 4962 1008 5018 que
1024 4945 1103 5000 timor
1116 4944 1236 5000 laetitiam
1255 4954 1375 5016 superet,
1392 4945 1485 5003 laetitia
1505 4945 1604 5016 sapius
1625 4945 1749 5001 timorem

955 5032 1093 5099 excludat,
1115 5043 1144 5089 et
1165 5033 1239 5088 intra
1261 5035 1303 5090 soi
1326 5034 1416 5105 gaudii
1443 5034 1587 5091 concludat
1609 5050 1751 5104 arcannm,

955 5121 1028 5178 Felix
1048 5123 1223 5189 conscientia,
1250 5123 1279 5179 in
1301 5141 1355 5198 qua
1376 5123 1512 5180 luctamen
1530 5124 1688 5196 hujusmodi
1705 5125 1750 5180 in-

955 5212 1113 5269 desinenter
1126 5212 1279 5282 conficitur,
1293 5214 1381 5270 donec
1394 5213 1466 5284 quod
1481 5215 1594 5272 mortale
1606 5223 1648 5272 est
1657 5216 1752 5270 absor-

956 5301 1082 5358 beatura
1100 5302 1163 5369 vita,
1187 5304 1275 5360 donec
1297 5309 1444 5360 evacuetur
1463 5303 1543 5361 timor
1557 5304 1603 5378 qui
1618 5320 1651 5360 ex
1675 5313 1753 5375 parte

956 5410 1157 5469 commodatitio
1173 5410 1318 5493 Scripture
1339 5425 1421 5467 sensa
1446 5414 1620 5485 requiescebat,
1643 5412 1752 5484 qualern

957 5490 1031 5539 certe
1046 5499 1098 5539 nec
1115 5483 1173 5555 ipsa
1192 5483 1289 5554 exigvtl
1503 5499 1507 5507 ·
