3734 5948
169 208 221 272 903
526 196 529 201 ’
638 208 665 268 S.
686 204 853 271 attotam
875 200 1013 266 taetus
1031 202 1356 268 utstmtttttttttus.
1768 211 1821 276 wi

169 335 269 410 sputis,
281 334 408 406 pallidum
428 342 531 407 morta;
543 341 571 390 et
585 333 695 408 nigrum
708 334 752 392 vel
764 341 827 391 tunc
846 330 967 406 profecto
984 343 1008 424 Ι
1022 345 1072 397 vrt,
1088 332 1116 404 1)
1129 350 1137 403 ;
1152 340 1180 389 ει
1192 333 1320 405 quamdiu
1334 332 1479 392 militamus
1491 335 1520 391 in
1534 336 1587 394 boc
1600 350 1821 413 corpore,'pera-

169 423 298 481 fatebere.
333 424 509 481 Percuoctare
543 421 623 481 etiam
656 421 813 496 apostolos,
841 419 966 477 eumdem
1022 420 1333 493 grinamorallomino,
1344 424 1372 480 id
1387 429 1429 481 est
1444 425 1539 483 aluee.
1549 425 1620 483 Nam
1632 424 1767 487 Dominus
1776 429 1820 488 lua

166 514 257 585 ipsum
284 512 388 585 qualem
416 511 443 566 in
471 520 561 569 monte
595 509 794 584 perspexeriut;
822 518 870 566 aut
896 517 968 565 certe
1021 517 1064 566 est
1078 528 1085 581 ;
1100 518 1127 566 et
1141 511 1169 566 iu
1185 521 1313 586 mantum
1327 511 1518 587 quiaquecum
1532 529 1635 572 eonon
1647 524 1701 587 est,
1715 516 1746 575 in
1759 525 1820 577 tatt-

168 601 291 673 angelos,
307 600 334 655 in
357 599 463 671 qualem
479 601 635 672 prospicere
657 599 866 671 concupiscant3
881 604 909 654 ει
921 597 967 652 oi·
1023 607 1076 653 tum
1092 597 1119 653 in
1135 601 1250 657 tenebris
1263 609 1316 673 est,
1331 601 1384 658 boc
1396 614 1438 659 εει
1451 601 1479 658 in
1494 602 1590 659 Cedar.
1608 604 1739 663 Flebilem
1755 621 1820 679 pro-

168 689 313 745 hilominus
326 688 475 747 formosum
490 689 631 747 mirabere.
647 690 720 764 Ergo
734 688 871 745 formosus
885 687 912 742 iu
927 701 965 753 se,
1012 685 1083 743 ‘iude
1097 679 1190 747 vocem
1207 689 1280 746 illam
1291 698 1420 762 agnoscat
1434 695 1602 750 anamiim
1614 693 1688 751 milti
1700 697 1821 768 quicia-

167 779 244 851 niger
259 786 370 851 propter
392 788 428 836 te.
444 779 531 850 Quam
551 778 700 835 formosum
714 786 742 833 et
763 779 790 833 in
805 793 865 833 mea
880 778 966 834 forma
1021 778 1129 836 celatas
1139 782 1680 855 mcosprolonqotusesttbobs'toct'cum
1687 783 1821 845 ιειιιεε·

168 877 195 925 te
216 884 353 941 agnosco,
368 869 484 925 Domine
506 867 583 926 Jeaul
611 885 664 925 non
688 869 724 926 ob
749 867 841 924 divine
863 876 965 923 tantum
1022 866 1096 923 tibus
1115 868 1211 935 cedar,
1226 872 1353 928 moltam
1366 873 1533 943 sneolosus't
1549 875 1647 931 naimo
1656 875 1819 947 mco(l’sul.

141 973 143 977 ’
166 958 265 1031 quibus
280 958 397 1031 effulges
421 959 558 1024 miracula,
570 957 617 1014 sed
633 964 659 1012 et
683 965 791 1028 propter
813 956 966 1027 veritatem,
1021 969 1093 1022 crrx,
1104 959 1130 1028 ιι,
1142 959 1181 1028 a).
1192 958 1313 1032 Estergo
1328 961 1379 1019 boe
1392 960 1573 1017 habitaculum
1585 961 1673 1019 nostri
1686 965 1819 1035 corporis,

166 1054 193 1103 at
207 1046 453 1117 mansuetudinem,
469 1055 496 1103 et
508 1047 648 1118 justitiam.
664 1046 763 1101 Beatus
775 1047 819 1117 qui
835 1053 861 1101 te
876 1045 903 1100 in
923 1047 965 1101 his
1020 1057 1075 1098 uon
1086 1043 1153 1101 civis
1160 1046 1274 1117 mansio,
1283 1058 1331 1104 aut
1339 1049 1438 1105 domus
1448 1049 1599 1123 indigenae3
1612 1049 1663 1106 sed
1671 1060 1719 1106 aot
1729 1051 1819 1109 taber-

167 1136 304 1194 hominem
318 1135 388 1192 inter
402 1137 525 1193 homines
539 1143 739 1192 conversantem
759 1135 901 1209 diligenter
916 1136 966 1190 nb-
1020 1134 1146 1188 naculum
1165 1134 1317 1205 militantis,
1341 1146 1386 1194 aut
1401 1138 1539 1194 stabulum
1560 1138 1680 1195 viatoris.
1700 1139 1763 1210 Est,
1778 1141 1820 1197 io·

168 1241 288 1292 servans,
300 1241 329 1281 εε
344 1225 433 1296 ipsum
450 1226 550 1297 praebet
560 1241 609 1296 pro
623 1223 728 1280 viribus
742 1222 905 1280 imitatorem
915 1223 963 1295 tui,
1020 1234 1111 1291 quam,
1122 1221 1175 1279 boo
1184 1239 1283 1294 corpus
1292 1226 1504 1295 tabernaculum,
1515 1235 1543 1282 et
1556 1225 1820 1288 tabernaculo-Ga·

167 1315 226 1370 lloc
237 1316 294 1385 jam
317 1314 489 1372 beatitudinis
510 1330 608 1369 munus
631 1312 750 1369 formosa
765 1320 811 1368 tna
835 1311 966 1384 primitias
1019 1309 1078 1376 dar,
1093 1311 1166 1375 quod
1181 1312 1444 1382 nimirumaoimam,
1459 1315 1536 1387 quasi
1551 1314 1661 1385 objectu
1672 1317 1725 1384 sui,
1736 1317 1821 1376 incir-

168 1418 225 1459 snoe
239 1403 310 1460 dotis
330 1403 448 1476 accepit,
464 1418 515 1460 nec
529 1401 602 1476 quod
617 1401 766 1458 formosum
780 1410 821 1456 est
835 1402 885 1466 tui,
900 1399 965 1457 imi·
1020 1398 1173 1471 cumscripti
1194 1400 1304 1458 luminis
1329 1402 1438 1459 interim
1461 1418 1534 1461 nuuc
1557 1403 1665 1462 fraudat
1686 1417 1820 1479 aspectu

170 1493 219 1549 tari
234 1493 328 1565 pigra3
339 1509 389 1548 nec
403 1495 476 1565 quod
487 1495 596 1566 nigrum
610 1491 742 1548 sustinere
756 1492 877 1547 confusa.
889 1492 966 1548 Unde
1020 1502 1071 1542 noc
1086 1486 1149 1542 sinit
1166 1490 1276 1547 omnino
1290 1491 1382 1548 ridere
1391 1491 1471 1563 illud,
1481 1491 1531 1547 nisi
1540 1508 1590 1564 per
1602 1495 1745 1565 speculum
1759 1495 1821 1569 qui·

169 1592 195 1638 et
204 1580 326 1638 dicebat:
339 1583 427 1652 Nipro
437 1598 511 1649 aum,
520 1581 567 1638 sed
574 1583 709 1652 formoso,
715 1581 785 1651 filice
795 1578 966 1648 laruarum,-
1020 1573 1122 1632 demet
1139 1576 1166 1632 io
1190 1580 1342 1653 aenigmate,
1359 1589 1520 1639 nouantem
1540 1580 1610 1639 faeie
1631 1582 1667 1639 stl
1681 1583 1785 1642 faciem
1798 1585 1824 1657 (l

170 1679 197 1725 et
209 1668 314 1724 addidit
336 1668 558 1725 similitudinem:
575 1669 654 1726 Sicut
668 1668 851 1726 tabernacula
868 1669 965 1734 (ledor,
982 1649 1006 1727 fl
1023 1665 1085 1722 Cor.
1101 1680 1162 1733 xtrr,
1179 1667 1235 1740 ll).

170 1758 245 1814 εὶειιι
264 1757 351 1830 pelles
365 1758 532 1818 Satomonis.
546 1761 583 1814 tt
596 1759 669 1814 istud
692 1761 837 1816 obscurum
852 1766 902 1830 est,
918 1772 968 1813 nec
1057 1757 1084 1810 ι.
1100 1755 1216 1813 Videsne
1230 1759 1302 1815 unde
1315 1758 1447 1815 aestuate
1460 1758 1586 1834 nigredo.
1601 1761 1675 1819 unde
1689 1761 1820 1835 poleber·

171 1845 357 1920 attingendum
380 1846 492 1904 omnino
514 1846 643 1920 fatigatis.
665 1847 774 1904 Habetis
803 1855 908 1917 tempus
934 1847 967 1903 ad
1021 1841 1096 1900 rimis
1115 1860 1225 1917 quoque
1239 1846 1380 1903 animabus
1394 1848 1523 1904 nonnulla
1543 1849 1640 1923 rubigo
1652 1850 1820 1911 inhmseritl

63 1975 69 1985 .
153 1935 344 2008 pulsandum.
356 1935 385 1992 Si
410 1950 464 1993 non
488 1937 674 2009 dissimulatis,
689 1937 775 1993 aderit
797 1936 843 2009 qui
865 1936 969 1993 revelat
1021 1934 1060 1989 be
1074 1933 1248 1992 tabernaculo
1266 1936 1387 2007 profecto
1411 1936 1508 2008 Gedar,
1527 1938 1561 1994 de
1586 1939 1719 1998 exercitio
1740 1941 1818 2001 labo·

172 2024 315 2098 mysteria3
331 2041 381 2082 nec
393 2026 563 2084 cunctabitur
576 2025 692 2098 aperire,
708 2025 754 2098 qui
768 2032 797 2082 et
809 2024 843 2081 ad
858 2025 968 2096 pulsan·
1021 2019 1100 2079 riosae
1122 2023 1236 2091 militiae,
1252 2026 1286 2082 de
1305 2025 1481 2082 diuturnitate
1502 2027 1597 2084 miseri
1619 2028 1767 2100 incolatus,
1785 2032 1817 2091 ds

171 2114 236 2170 dum
251 2113 355 2171 invitat.
369 2115 432 2187 lpse
445 2125 487 2170 est
500 2115 572 2170 enim
589 2115 635 2186 qui
649 2113 745 2188 aperit,
760 2123 787 2170 et
798 2129 877 2171 nemo
891 2115 967 2170 clau·
1019 2109 1153 2185 angustiis
1166 2113 1315 2170 aerumnosi
1329 2112 1428 2180 exsilii,
1444 2114 1479 2170 de
1498 2129 1613 2186 corpore
1626 2116 1750 2190 denique
1762 2119 1817 2176 lit·

169 2202 209 2261 dit
231 2203 326 2276 (Aper.
339 2218 380 2273 tn,
394 2207 436 2275 l),
452 2219 568 2276 sponsus
588 2203 720 2260 Ecclesia
742 2203 824 2260 lesus
845 2202 967 2258 Christus
1020 2196 1067 2271 gili
1081 2204 1108 2252 et
1121 2199 1213 2272 grevi3
1230 2200 1293 2273 quie
1308 2216 1410 2274 eorpus
1423 2201 1495 2274 quod
1509 2204 1707 2275 corrumpitur,
1719 2222 1815 2283 aggra-

168 2292 301 2349 Dominus
314 2298 418 2362 noster,
432 2293 480 2364 qui
495 2294 708 2351 estbenedictus
722 2293 748 2349 io
764 2291 863 2351 saeevda
881 2308 967 2349 saeou·
1019 2292 1065 2342 ιιι
1078 2285 1206 2357 animam,
1219 2299 1248 2345 et
1267 2289 1394 2361 deprimit
1414 2299 1519 2348 briena
1536 2291 1696 2352 inhabitatio
1710 2310 1814 2355 ιειιιιιι

168 2381 267 2438 lorum,
283 2379 383 2437 Amen.
1020 2377 1104 2431 multa
1124 2376 1286 2451 cogitantem
1306 2379 1385 2452 (Sap.
1407 2396 1444 2451 rr,
1470 2383 1528 2451 15).
1551 2380 1700 2452 Propterea
1723 2391 1750 2440 et
1771 2400 1815 2442 cn-

334 2466 449 2527 aaut}
467 2468 582 2527 stulto
601 2469 696 2527 XXVI
713 2470 801 2543 (179).
1019 2464 1097 2537 piunt
1110 2465 1233 2538 dissolvi,
1249 2474 1279 2524 ut
1291 2481 1406 2540 corpore
1418 2468 1527 2539 levata,
1544 2469 1642 2525 Christi
1661 2472 1773 2530 avolent
1788 2472 1813 2529 itt

169 2559 201 2616 la
216 2573 269 2632 quc
279 2558 376 2616 iectus
390 2559 554 2616 Bernartius
562 2558 669 2617 obitam
676 2561 782 2631 fratris
793 2560 839 2615 sui
852 2558 965 2616 Gircrds'
1019 2554 1170 2628 amplexus.
1185 2555 1263 2613 Unda
1284 2565 1312 2614 et
1331 2573 1442 2632 gemens
1455 2575 1510 2616 una
1522 2560 1557 2617 de
1574 2559 1685 2619 miseris
1706 2561 1812 2620 aiebat:

526 2647 614 2718 luget.
1019 2645 1814 2723 tnsettaeqotmnotqatsmetdaatitdeaorpcremcrtis

204 2738 230 2789 l.
241 2733 322 2791 Sicut
331 2733 515 2791 mimaooulc
527 2735 625 2802 Cadur,
631 2737 705 2793 sicut
711 2735 799 2809 pellas
807 2735 965 2794 Solomonis
1019 2733 1125 2806 liujus?
1138 2734 1229 2808 (Rom.
1241 2751 1291 2806 vm,
1303 2737 1361 2806 ll.)
1374 2736 1430 2794 Scit
1443 2736 1570 2794 nimirum
1583 2753 1645 2813 qoae
1659 2738 1814 2813 hujusmodi

167 2821 262 2886 (Cant.
273 2837 294 2892 t,
305 2824 343 2894 ι),
356 2822 423 2878 ilinc
438 2823 634 2895 incipiendum,
646 2824 712 2895 quia
725 2826 770 2882 lrie
783 2825 861 2883 desiit
875 2840 965 2883 sermo
1019 2831 1070 2889 est,
1090 2824 1161 2897 quod
1176 2839 1230 2880 non
1244 2826 1331 2897 possit
1344 2825 1371 2880 io
1385 2826 1557 2883 tabernaculo
1572 2827 1660 2883 Cedar
1671 2843 1766 2886 carere
1784 2830 1815 2886 ad

167 2909 301 2980 superior.
314 2911 371 2966 Hoc
384 2911 548 2983 exspectatis
561 2911 654 2969 audire
673 2912 737 2984 quid
752 2913 796 2985 sit,
807 2920 835 2971 et
850 2915 965 2988 qualiter
981 2942 1003 3023 e
1019 2929 1114 2984 purum
1130 2913 1234 2970 macula
1249 2920 1296 2969 aut
1310 2929 1388 2987 ruga,
1403 2930 1458 2973 non
1470 2917 1710 2989 quantulacunque
1725 2917 1817 2991 niqra-

87 2996 91 3001 ’
166 2998 281 3073 siquod
305 2997 430 3072 proximo
445 3006 590 3056 tractatum
612 3009 654 3057 εει
675 3003 793 3073 capitulo
813 3011 963 3075 coaptetur,
1018 3000 1081 3057 dine
1096 3018 1103 3057 :
1119 3007 1145 3056 et
1159 3002 1334 3073 eupiteaire,
1356 3010 1385 3057 ut
1407 3018 1436 3058 se
1459 3002 1545 3074 possit
1569 3019 1677 3059 eruere.
1705 3005 1743 3060 Et
1763 3006 1818 3061 bas

165 3087 228 3161 quia
241 3086 390 3145 similitudo
406 3097 457 3144 εει.
473 3090 564 3146 Potest
578 3090 651 3146 enim
664 3092 717 3149 boc
740 3092 776 3149 ita
790 3095 964 3167 subjunctum
1017 3090 1095 3160 ratio,
1110 3106 1158 3147 cur
1172 3106 1270 3163 sponsa
1280 3091 1384 3165 nigram
1395 3106 1424 3146 se
1435 3090 1533 3145 dixerit
1541 3092 1618 3147 sieut
1632 3091 1818 3152 tabernaculo

168 3175 265 3247 fuisse,
287 3186 317 3234 ut
340 3187 452 3249 utraque
477 3194 540 3250 pars
563 3179 747 3237 similitudinis
770 3182 854 3240 adid
876 3186 964 3241 solum
1020 3179 1116 3237 Cadur.
1132 3180 1185 3236 Sed
1199 3179 1271 3234 enim
1286 3179 1421 3251 quomodo
1436 3177 1651 3249 formosarum
1662 3181 1761 3250 pelles
1776 3183 1820 3240 Sa·

165 3266 336 3338 respondeat,
348 3266 421 3339 quod
437 3266 473 3322 ibi
486 3281 679 3339 praecesserat:
691 3272 863 3343 lliqrcsum.
875 3273 965 3329 Potest
1019 3267 1162 3326 immonis?
1175 3268 1209 3323 At
1222 3267 1316 3324 nescio
1324 3265 1389 3337 quid
1402 3265 1517 3323 sublime
1528 3282 1559 3323 ac
1567 3281 1673 3321 sacrum
1683 3271 1815 3326 sentinis

166 3365 194 3410 ct
208 3356 252 3421 ite,
263 3365 293 3409 ut
306 3355 412 3411 duobus
422 3356 476 3410 illis
490 3356 546 3413 duo
557 3357 619 3427 ista,
633 3358 659 3415 iu
670 3360 824 3433 estsingula
837 3360 961 3434 singulis,
1017 3357 1059 3411 bis
1072 3355 1188 3427 pellibus
1202 3355 1360 3421 involutum,
1376 3353 1450 3424 quod
1472 3353 1583 3410 minime
1598 3353 1685 3409 ausim
1705 3358 1818 3416 omnim

166 3444 325 3499 referantur.
341 3444 388 3500 llle
401 3460 498 3501 sensus
512 3447 670 3519 simplicior,
686 3449 737 3504 iste
756 3448 897 3505 obscurior
910 3457 961 3504 est.
1016 3445 1183 3516 contingere,
1198 3443 1250 3500 uisi
1270 3445 1305 3500 ad
1320 3452 1415 3500 nutum
1429 3459 1496 3500 sane
1511 3442 1607 3515 ipsios,
1623 3442 1672 3514 qui
1695 3446 1817 3514 reposuit

167 3531 221 3590 Sed
235 3540 370 3590 tentemus
383 3544 528 3607 utrumque
540 3556 546 3594 :
559 3544 587 3591 et
610 3536 683 3607 prius
696 3535 804 3607 quidem
818 3536 900 3602 hunc,
915 3535 963 3609 qui
1016 3540 1044 3587 et
1056 3531 1181 3604 signavit.
1197 3532 1263 3607 Legi
1280 3533 1406 3588 nimirum
1423 3550 1430 3587 :
1448 3534 1500 3602 Qui
1520 3534 1667 3589 scrutator
1687 3538 1733 3590 est
1752 3551 1815 3591 raa·

49 3664 51 3669 .
165 3619 304 3679 difficilior
318 3633 439 3695 apparet.
449 3625 510 3682 Non
526 3633 615 3682 autem
630 3624 659 3680 io
672 3625 780 3681 duobos
797 3624 900 3697 primis,
913 3626 962 3681 sed
1016 3623 1137 3689 tatutis,
1148 3625 1354 3697 opprimeturu
1363 3620 1703 3695 pforic(Proo.xxv,27).
1713 3621 1815 3695 Super·

165 3711 194 3767 in
218 3711 326 3769 duobus
349 3713 479 3771 duntaxat
503 3715 632 3772 extremis
655 3713 798 3771 difficultas
819 3723 870 3770 est.
894 3715 964 3771 Nam
1017 3712 1100 3768 sedeo
1114 3711 1197 3785 igitur
1210 3719 1237 3768 et
1258 3711 1369 3769 differo.
1388 3711 1472 3768 Vobis
1491 3710 1601 3768 interim
1614 3725 1687 3766 curae
1702 3711 1813 3769 eritso·

168 3801 253 3858 Cadur
270 3801 390 3870 quidem,
405 3804 478 3875 quod
503 3804 694 3875 interpretatur
718 3803 853 3874 tenebre,
870 3812 963 3876 aperte
1017 3801 1065 3858 lito
1079 3802 1221 3875 impetrare
1239 3800 1354 3859 1354
1369 3801 1490 3858 favorem
1512 3800 1607 3856 vestris
1621 3799 1773 3870 precibus3
1788 3806 1813 3856 ut

165 3885 230 3943 satis
251 3902 311 3941 cum
333 3888 475 3959 nigredine
498 3893 640 3950 convenire
662 3894 786 3966 videtur3
806 3894 854 3951 scd
875 3895 963 3970 pellas
1017 3909 1051 3950 eo
1067 3892 1218 3958 alacriores,
1234 3906 1289 3963 qno
1303 3890 1463 3947 fidentiores
1478 3890 1623 3946 redeamus
1637 3889 1669 3944 sd
1684 3888 1726 3955 id,
1746 3889 1814 3962 qood

166 3973 321 4032 Solomonis
331 3989 394 4030 cum
404 3975 572 4036 formositate
580 3995 633 4034 non
643 3981 964 4041 itn.l’orrotabemaculu
1017 3981 1203 4038 attentioribus
1224 3987 1287 4054 eget
1310 3978 1416 4035 animis.
1432 3978 1465 4033 lit
1481 3976 1602 4034 fortassis
1624 3977 1747 4035 inveniet
1759 3978 1817 4049 pias

166 4063 192 4118 in
217 4064 340 4119 eamdem
357 4063 534 4122 nibilominus
561 4081 722 4128 concurrere
748 4073 962 4130 convenientiam
1017 4070 1150 4142 pulsator,
1179 4067 1251 4141 quod
1279 4066 1439 4124 temerarius
1467 4074 1601 4123 scrutator
1629 4081 1684 4123 non
1716 4072 1813 4137 masat.

164 4153 224 4227 quis
239 4167 293 4209 non
307 4151 496 4224 videatlQuid
510 4154 583 4211 enim
597 4156 781 4229 tabernacula,
797 4160 849 4216 nisi
871 4167 964 4217 nostra
1017 4157 1177 4231 Quanquam
1200 4168 1228 4213 et
1248 4170 1350 4213 moeror
1376 4155 1457 4211 finem
1481 4155 1606 4228 imperat,
1628 4163 1656 4211 et
1678 4153 1816 4212 cslsmbn

165 4249 228 4300 suit
249 4256 374 4315 corpora,
399 4243 544 4316 inquibus
566 4245 791 4317 peregrinamur?
813 4249 871 4304 Nae
892 4249 963 4304 enim
979 4244 1002 4323 n
1017 4263 1097 4320 quam
1112 4245 1210 4319 patior.

165 4333 295 4389 babemus
309 4332 354 4388 bic
374 4342 527 4390 manentem
550 4332 695 4401 civitatem,
710 4336 758 4390 sed
781 4333 897 4390 futurem
916 4335 962 4391 in·
1054 4338 1081 4390 3.
1097 4332 1244 4404 Quousque
1259 4331 1329 4388 enim
1345 4330 1488 4390 dissimulo
1502 4332 1588 4406 (tao),
1604 4340 1631 4389 et
1645 4332 1723 4407 iqnis
1736 4348 1817 4406 queat

165 4421 296 4496 qnirimus
318 4421 411 4494 (ttetr.
427 4437 490 4496 xtrt,
505 4422 559 4497 tt).
573 4423 626 4481 sed
649 4431 677 4480 et
699 4423 844 4480 militamus
861 4423 889 4479 in
912 4423 962 4492 eis,
1018 4421 1088 4477 intra
1103 4422 1250 4493 meipsum
1275 4421 1422 4488 abscondo,
1440 4421 1517 4479 triste
1537 4430 1631 4493 pectus
1649 4421 1753 4495 adurit,
1776 4421 1816 4479 ia·

165 4524 291 4584 tanquam
308 4513 663 4585 intabernaculis3prorsus
676 4512 962 4588 violentiadreqnum.
1017 4511 1115 4568 teriora
1142 4510 1321 4581 depascitur?
1349 4511 1463 4568 Clausus
1495 4511 1577 4568 latius
1612 4511 1711 4584 serpit,
1742 4511 1817 4570 sarrit

165 4601 287 4672 Denique
301 4601 397 4657 militia
415 4611 457 4657 est
478 4602 534 4659 vita
548 4603 667 4660 hominis
687 4619 768 4676 super
791 4611 889 4661 terram
904 4603 963 4676 (lob
1017 4599 1116 4658 acrius.
1132 4597 1204 4669 Quid
1217 4599 1284 4655 milri
1298 4607 1325 4656 et
1342 4599 1449 4657 cantico
1471 4600 1544 4668 buic,
1568 4599 1661 4672 quiin
1683 4600 1816 4657 amarita-

214 4745 264 4800 lltt
290 4744 404 4801 Habitus
415 4760 486 4802 anno
501 4749 581 4802 1138.
1017 4743 1119 4814 Frater,
1140 4743 1260 4815 inquam,
1275 4742 1401 4816 decessit,
1417 4750 1496 4799 tenor
1508 4742 1694 4810 conscientie,
1710 4758 1818 4801 mamm
1856 4726 1859 4819 i

215 4745 278 4897 18οζ
291 4817 341 4872 llic
359 4816 413 4873 inci
432 4816 452 4871 it
466 4817 594 4873 bernardi
609 4817 643 4874 de
658 4818 773 4875 Girardo
784 4817 865 4874 fratta
876 4821 963 4876 oratio
1018 4816 1167 4888 speculum,
1183 4815 1320 4871 vinculum
1344 4813 1495 4889 religionis.
1510 4814 1577 4881 Quis
1599 4814 1750 4875 ulteriuss

165 4883 297 4959 funebris,
313 4903 394 4959 quam
446 4889 595 4959 rengarius,
611 4888 656 4944 ille
669 4890 805 4946 Abaelardi
819 4889 965 5016 imgudeus
1019 4887 1085 4942 tabit
1099 4893 1132 4942 cd
1146 4885 1288 4942 laborem?
1302 4886 1364 4959 quis
1376 4886 1492 5012 amplius
1506 4886 1588 4943 leniet
1603 4831 1818 4944 mendox

166 4957 234 5014 diser
258 4961 327 5030 ttlus,
342 4959 478 5016 immerito
494 4962 632 5032 suggillat,
648 4961 673 5014 in
690 4961 852 5034 primisque
887 4961 964 5017 «tri-
1019 4959 1208 5014 Alterumhoc
1231 4970 1271 5014 est
1287 4976 1324 5013 :a
1350 4960 1402 5014 Bos
1444 4975 1521 5015 ovem
1551 4958 1674 5031 requirit,
1692 4974 1727 5015 se
1746 4958 1818 5033 qood
1857 5012 1859 5029 ,

166 5028 218 5083 stia
237 4976 307 5086 fatis
330 5031 523 5087 confoederet:
548 5050 562 5082 s
586 5030 685 5088 deinde
708 5034 783 5103 quod
803 5032 964 5105 quibusdam
1019 5032 1107 5087 solum
1127 5036 1214 5097 putat,
1228 5029 1362 5101 frequenti
1386 5031 1490 5102 mugitu
1508 5031 1585 5102 pium
1605 5036 1724 5087 testatur
1747 5030 1818 5089 affc-

165 5097 302 5156 lmbrosii
316 5104 407 5160 verbis
422 5112 521 5168 utatur,
537 5118 569 5158 ex
590 5104 649 5174 ejus
662 5105 784 5160 oratione
809 5103 916 5159 funebri
927 5105 963 5161 de
1018 5109 1101 5159 etum.
1116 5100 1180 5172 Bos,
1196 5100 1318 5173 inquam,
1334 5101 1431 5157 bovem
1458 5101 1581 5174 requirit,
1598 5116 1661 5157 cum
1684 5117 1747 5174 quo
1765 5103 1802 5160 da

167 5180 253 5227 morto
276 5171 363 5244 Satyri
389 5177 479 5230 fratris
502 5174 712 5245 «syllabatim»
735 5175 965 5246 deprompsisse
1018 5188 1082 5229 cere
1104 5174 1173 5228 collo
1197 5183 1312 5229 aratrum
1336 5172 1485 5229 consuevit.
1510 5192 1522 5224 s
1546 5171 1686 5230 Posterior
1706 5173 1818 5246 quidem
1856 5214 1859 5245 4

167 5243 216 5297 ista
233 5259 284 5300 nec
298 5247 326 5298 in
340 5245 391 5299 boo
405 5261 530 5302 sermone
552 5247 678 5321 leguntur
695 5264 701 5302 :
716 5262 777 5318 nec,
792 5247 816 5304 si
837 5247 963 5321 legeren·
1018 5244 1096 5300 locus
1118 5251 1205 5300 exstat
1227 5253 1290 5314 poet
1309 5243 1414 5299 initium
1440 5246 1511 5316 epod
1533 5243 1713 5300 Ambrosium
1729 5263 1740 5303 t
1755 5260 1819 5303 uss·

167 5321 220 5382 tur,
235 5312 372 5370 bernardo
396 5313 516 5373 facerent
530 5317 666 5388 injuriam.
678 5319 749 5376 Loca
772 5320 827 5378 duo
847 5318 901 5376 huc
921 5334 964 5376 re-
1018 5322 1091 5372 tera
1112 5317 1147 5371 ud
1172 5315 1349 5373 Bernardum.
1364 5316 1449 5373 Caute
1470 5315 1602 5390 praemisit
1621 5315 1818 5391 Βειεεμήει,

166 5381 238 5465 farra
256 5385 345 5456 iuvat.
357 5385 400 5443 En
418 5386 556 5457 prinum:
582 5390 733 5448 ‹Decemit
750 5389 835 5448 frater
855 5406 871 5446 a
892 5392 961 5462 vita,
1020 5387 1077 5443 «ni
1092 5331 1212 5458 fallea·
1237 5402 1272 5444 ne
1287 5385 1418 5444 mendacii
1438 5394 1516 5462 atque
1541 5387 1701 5462 impostura
1725 5404 1820 5465 arque·

167 5468 240 5526 rmo,
253 5466 285 5515 ut
305 5456 405 5519 rectius
427 5453 661 5530 latear,mortem
686 5460 797 5536 reliquit
819 5476 871 5536 pro
892 5462 970 5523 vita.¹
1018 5466 1103 5518 retur.
