3734 5948
50 217 104 276 813
696 211 868 275 scaneins
889 210 923 271 tlt
940 210 1089 275 celtica.
1471 264 1483 277 a
1647 217 1699 287 tto

51 340 174 415 quirens,
189 352 246 394 non
259 351 290 393 se
306 353 363 394 sum
378 338 467 397 carnis
481 338 607 397 sensibus
620 337 716 407 credit,
731 351 785 396 non
798 351 850 393 cu·
864 348 889 433 g
902 334 1002 391 eminet
1025 334 1100 392 omni
1115 333 1246 406 scientiae,
1271 343 1300 394 et
1319 352 1369 409 pu
1392 337 1438 395 illa
1459 355 1570 398 omnem
1592 355 1700 399 sensum

53 430 183 486 riosiuatis
213 430 339 484 humanus
365 427 490 484 inanibus
513 425 662 484 ratiociniis
682 424 849 498 acquiescit;
904 431 1056 496 exsuperat.
1072 424 1262 483 Verumtamen
1277 426 1349 498 quuod
1369 427 1463 484 oculus
1485 444 1540 484 non
1560 429 1635 502 vidit,
1650 448 1703 488 nec

55 520 102 574 sed
119 520 187 590 petit
201 517 335 586 osculum,
350 515 379 572 id
394 528 436 575 cst
450 515 580 589 Spiritum
595 523 716 572 sanetum
730 514 849 579 invocat,
903 512 977 568 auris
1004 513 1185 579 occimense
1214 513 1242 570 in
1264 528 1311 571 cor
1324 516 1443 574 hominis
1465 517 1598 590 aseendit,
1618 520 1702 579 Paulo

55 622 104 676 per
119 621 199 677 quem
214 604 328 676 accipiat
344 604 423 660 simul
438 613 464 661 et
477 603 597 662 scientiae
607 611 727 677 gustum,
743 609 770 660 ci
783 615 850 675 gun·
904 601 1033 659 revelarit
1046 603 1120 658 Deus
1133 617 1182 672 per
1195 601 1426 673 Spiritnmeuum,
1441 605 1493 663 hoo
1506 613 1550 663 est
1563 621 1611 679 per
1624 622 1703 667 nacu-

55 696 98 750 tiue
117 692 329 750 condimentum.
345 693 379 748 Et
400 693 470 749 bene
491 690 612 762 scientia,
628 706 688 764 quae
707 690 735 745 in
755 689 852 745 osculo
903 688 959 746 lom
972 691 1027 747 oria
1047 690 1100 748 sui.
1117 690 1203 764 Igitur
1231 690 1330 749 Filium
1344 694 1370 749 in
1388 694 1506 759 Petraei
1523 694 1628 754 Putrem
1642 712 1703 755 esse

55 783 143 847 datur,
165 798 227 838 oum
245 796 338 838 amore
363 780 508 853 recipitur;
529 781 591 852 quia
609 779 710 838 amoris
723 776 850 835 indicium
905 780 932 837 in
956 779 1031 846 Filio,
1054 778 1178 836 osculum
1193 780 1228 834 dc
1243 796 1291 839 ore
1305 789 1356 840 eat.
1381 781 1459 852 Quod
1474 791 1565 840 autem
1584 782 1703 859 legitur:

54 872 176 929 osculum
188 877 239 927 esi.
255 869 374 929 Scicutia
386 885 452 944 ergo
467 885 528 942 quae
540 869 625 936 inflat,
639 885 701 926 cum
714 868 774 924 sine
788 867 853 922 cha·
905 869 967 926 lion
976 869 1054 925 enim
1063 869 1222 942 occepimus
1234 869 1368 942 spiritum
1379 871 1465 944 hujus
1474 872 1703 946 mundandam·

55 960 133 1016 ritate
147 960 193 1031 sit,
209 974 265 1015 non
280 958 402 1028 procedit
412 973 444 1013 es
459 957 562 1015 osculo.
578 956 631 1013 Sed
646 955 753 1029 necqui
764 953 852 1011 zelum
905 959 996 1014 ritune
1014 958 1063 1029 pei
1077 971 1113 1013 erc
1127 959 1180 1013 Deo
1194 961 1247 1028 cei,
1258 962 1421 1016 uisciomua
1436 977 1526 1035 puoec
1538 962 1704 1023 Deodoacin

54 1048 104 1103 Dei
129 1048 237 1112 habent,
254 1055 281 1102 et
305 1063 360 1102 non
379 1046 527 1103 secuudum
548 1045 702 1115 seientiam,
715 1045 768 1102 sibi
783 1044 853 1101 ulla·
906 1051 976 1103 runi
990 1047 1069 1103 coiis
1084 1046 1109 1116 (l
1131 1047 1193 1104 Gor.
1209 1062 1240 1114 ιι,
1257 1049 1316 1119 ιι);
1331 1048 1454 1107 occulunt
1476 1065 1542 1108 saus
1562 1051 1597 1109 de
1608 1050 1703 1111 osculo

54 1143 134 1194 tenum
155 1145 283 1208 arrogent
301 1135 379 1195 iilud.
400 1136 549 1207 Utrumque
568 1134 642 1191 euim
660 1148 761 1194 munus
774 1133 853 1189 simul
906 1142 957 1190 est.

55 1223 109 1281 lert
125 1224 210 1282 osculi
230 1223 323 1297 gratia,
343 1233 371 1281 et
388 1223 534 1298 uguitionis
548 1223 645 1293 lucem,
664 1221 855 1280 etderotionis
942 1226 969 1278 8.
984 1222 1020 1278 Et
1035 1230 1064 1278 ut
1093 1223 1212 1295 apertius
1239 1223 1397 1282 alterutrum
1419 1223 1629 1299 distinguamus,
1658 1229 1705 1303 qui

56 1312 262 1387 pinguedinem.
277 1312 326 1368 Fet
346 1311 447 1384 quippe
465 1311 585 1384 Spiritus
602 1308 742 1383 sapientia
763 1317 791 1366 et
808 1309 853 1365 iu·
908 1309 1100 1383 plenitudinem
1117 1311 1199 1384 capit,
1215 1312 1338 1370 osculnm
1356 1313 1391 1371 de
1405 1328 1452 1373 ore
1462 1314 1566 1378 sumit:
1581 1317 1629 1390 qui
1641 1333 1705 1377 sero

57 1399 192 1468 tellectua,
216 1400 263 1475 qui
285 1401 370 1458 instar
387 1399 446 1471 apis
468 1415 560 1456 cerum
583 1397 718 1473 portantis
742 1405 769 1454 et
790 1398 852 1464 mel,
906 1400 942 1456 de
969 1399 1147 1471 plenitudine,
1172 1402 1296 1460 osculnm
1311 1402 1347 1460 ds
1360 1402 1456 1460 osculo
1470 1402 1575 1476 recipit.
1589 1405 1705 1483 llagnns

57 1489 138 1544 habet
159 1489 271 1559 omnino
287 1498 313 1546 et
334 1493 408 1546 unde
430 1487 560 1546 accendat
578 1486 670 1544 lumen
682 1484 810 1553 scientiae,
827 1494 855 1541 et
906 1489 1016 1563 quidem
1037 1488 1153 1558 Paulus,
1178 1490 1227 1549 sed
1250 1490 1449 1562 quantumlibet
1463 1507 1572 1553 sumum
1585 1493 1707 1568 porrigat

54 1577 129 1632 unde
142 1574 265 1634 infundat
279 1592 405 1649 saporem
420 1575 525 1649 grauiae.
538 1575 638 1632 Neuter
651 1589 717 1649 ergo
732 1589 854 1632 scoacu-
906 1593 949 1646 os,
977 1577 1082 1637 etiamsi
1105 1595 1135 1634 se
1162 1595 1247 1652 usque
1269 1581 1303 1636 ad
1329 1579 1437 1637 toruum
1455 1582 1551 1639 coelum
1568 1584 1704 1651 extendat,

55 1666 113 1720 lum
135 1668 290 1738 percepisse
311 1673 400 1738 putet,
415 1667 472 1722 sire
493 1665 540 1738 qui
558 1666 697 1723 veritatem
716 1661 851 1735 intelligit,
867 1629 892 1712 ι
907 1667 973 1728 eitra
991 1683 1024 1724 os
1041 1667 1173 1726 ntnstmi
1187 1676 1277 1725 tamen
1306 1684 1418 1728 necesse
1444 1679 1489 1728 est
1509 1682 1661 1743 remaneat,
1678 1678 1705 1730 et

55 1771 108 1812 nee
129 1755 236 1830 diligit;
257 1757 316 1816 sire
336 1755 384 1827 qui
405 1756 504 1832 diligit.
520 1769 571 1814 nec
592 1753 729 1828 intelligit.
743 1753 813 1809 Sane
827 1752 855 1808 in
908 1757 990 1814 modo
1004 1770 1055 1815 suo
1069 1764 1213 1817 mntennn
1231 1755 1259 1813 in
1273 1773 1304 1813 se
1318 1757 1464 1828 subsistnt;
1481 1767 1509 1816 et
1526 1776 1590 1818 oum
1601 1760 1707 1836 pertim-

54 1845 151 1902 oseulo
165 1846 217 1902 isto
231 1862 280 1905 nec
300 1846 481 1904 errorlocum
497 1845 589 1915 habet,
607 1857 656 1901 uec
674 1849 762 1914 tepor.
780 1839 855 1909 Qun
908 1860 974 1918 gere
1006 1845 1041 1901 ad
1070 1845 1172 1902 uultum
1186 1845 1284 1917 gloriae
1307 1860 1362 1903 nun
1393 1847 1503 1916 valebit,
1526 1849 1708 1909 condescendi

55 1933 180 1991 mebrom
203 1936 322 2007 geminae
341 1936 434 2010 gratiae
458 1932 622 1992 sacrosancti
651 1931 739 1989 osculi
765 1929 855 1989 ansei—
909 1934 972 2001 sibi.
987 1941 1015 1991 et
1049 1950 1082 1992 ex
1096 1935 1152 1992 alto
1181 1933 1331 1991 transmitti
1350 1935 1474 1993 osculum
1489 1936 1628 1998 humiliter
1637 1947 1711 2011 petat

56 2021 164 2093 piendae
186 2032 294 2094 purete
317 2023 430 2097 regione
449 2022 505 2081 duo
518 2022 589 2080 labia
607 2037 657 2078 sua
676 2037 737 2095 quae
756 2034 855 2093 sponsa
909 2022 962 2094 Qui
989 2038 1056 2081 vero
1083 2038 1139 2087 non
1154 2022 1274 2096 rapinem
1290 2021 1511 2081 arbitraturesse
1529 2041 1559 2087 ee
1576 2028 1708 2099 regentem

59 2093 122 2176 ests
132 2111 321 2184 intelligentiae
343 2114 488 2179 rationem¹
511 2110 652 2184 sapientia
678 2111 855 2181 uoluntatem,
909 2112 967 2169 Deo
989 2111 1127 2185 (Philipp.
1143 2127 1173 2179 ιι,
1190 2112 1231 2185 ι),
1249 2111 1287 2169 ita
1307 2120 1337 2169 ut
1360 2110 1459 2172 undeet
1476 2111 1582 2172 dicere:
1608 2117 1663 2190 &a
1680 2121 1710 2175 ιι
1788 2174 1794 2190 ,

56 2206 87 2255 ιιι
101 2199 136 2256 de
146 2201 325 2271 plenoosculo
336 2200 458 2273 glorians
469 2209 603 2257 mereatur
614 2199 708 2256 audire
722 2216 728 2256 :
742 2199 855 2271 misum
910 2201 996 2258 Pcier
1006 2215 1211 2259 enumeremus
1225 2220 1236 2272 ‚-
1258 2198 1322 2272 quie
1337 2215 1370 2255 cx
1385 2215 1464 2273 aequo
1476 2201 1660 2276 conjungitur,
1675 2219 1710 2261 ex

57 2293 101 2348 cat
118 2292 214 2361 prolia
233 2291 265 2346 ire
287 2289 367 2348 lobiis
391 2292 468 2360 iuia‚·
487 2294 640 2364 propterca
661 2288 807 2346 benedicit
829 2292 857 2346 ic
909 2303 989 2366 ιιᾳιιο
1003 2289 1193 2363 complectitur
1208 2329 1229 2356 ,,
1247 2304 1304 2347 non
1323 2289 1444 2352 cuculum
1457 2290 1495 2349 dc
1516 2291 1577 2349 loeo
1590 2292 1710 2353 infcriori

56 2381 132 2436 Deua
146 2380 178 2434 ire
198 2385 341 2436 ueternum
365 2380 454 2449 (Paci.
470 2393 548 2446 nuru,
564 2379 602 2450 3).
618 2380 710 2448 ltaque
723 2378 799 2434 Pater
813 2377 857 2432 Fi·
909 2376 1053 2449 mendicet,
1065 2380 1114 2437 scd
1124 2376 1183 2450 pari
1196 2376 1359 2436 celsitudine
1370 2393 1402 2436 os
1414 2378 1456 2436 ori
1465 2380 1606 2454 conjungit
1615 2379 1709 2455 [olion

57 2466 122 2522 lium
143 2467 280 2537 osculans,
299 2467 456 2540 plenissimo
469 2467 510 2523 ilii
524 2483 621 2523 arcana
639 2481 695 2522 sum
709 2464 857 2522 diuinitatis
909 2481 1000 2526 neore
1014 2465 1210 2540 molingiil,ei
1234 2466 1366 2539 singulari
1386 2469 1569 2542 prerogatus
1589 2472 1711 2529 cuculum

61 2552 173 2611 1287
191 2562 299 2624 enudat,
321 2561 351 2609 et
371 2555 455 2628 spirat
475 2554 635 2611 suauitatem
648 2552 759 2619 amoris,
781 2552 856 2610 Scri·
909 2556 1003 2613 deors
1017 2555 1106 2611 sumit.
1135 2553 1243 2612 Christo
1258 2555 1342 2628 igilur
1356 2554 1534 2613 osculomest
1558 2554 1711 2640 plenitudo,

55 2652 136 2718 ptum
156 2645 207 2701 lroc
227 2644 411 2717 significante,
426 2661 487 2701 eum
508 2644 563 2700 alr:
579 2644 644 2701 Deio
666 2643 723 2700 diei
743 2646 856 2701 crimini
909 2644 992 2701 Paulo
1006 2642 1195 2716 participatio:
1211 2651 1312 2702 uicum
1327 2643 1553 2713 illucescente
1563 2652 1666 2706 ιιιιιιιιιι
1677 2647 1712 2701 de

55 2734 174 2793 uernum
188 2735 277 2804 (Psoi.
293 2748 371 2804 arun,
387 2735 426 2805 3).
443 2733 493 2791 (lul
507 2748 572 2790 sune
586 2731 752 2802 sempiterno
766 2730 858 2804 singn-
911 2733 1006 2793 osculo
1021 2733 1173 2791 osculatum
1189 2731 1369 2807 seglorietur.

57 2824 204 2895 lariumque
227 2823 306 2879 beato
328 2824 497 2896 complexui,
520 2821 730 2890 nulliomnino‚
752 2821 857 2891 etjam
949 2826 975 2880 9.
1004 2821 1080 2879 Felix
1110 2831 1197 2881 tamen
1215 2822 1348 2890 osculum.
1374 2838 1425 2896 per
1450 2821 1522 2898 quod
1544 2824 1712 2893 nouaclum

58 2913 223 2984 dictumest,
239 2919 370 2968 creatorae
390 2911 523 2972 interesse
543 2912 669 2980 donatur,
688 2910 747 2968 solo
760 2909 898 2992 utrius-2
914 2911 1075 2985 agnoscitur
1089 2913 1174 2984 Deus,
1189 2911 1237 2968 sed
1260 2920 1288 2968 et
1297 2910 1419 2984 diligitur
1432 2912 1527 2978 Pater:
1546 2912 1592 2986 qui
1609 2925 1713 2986 nequa·

38 3005 113 3076 'que
132 3001 235 3072 Spiritu
263 3006 331 3083 gale
351 3017 383 3056 ac
409 3001 517 3060 conscio
544 3009 646 3058 mutuae
669 2999 815 3073 agnitionis
835 3007 862 3055 et
913 3017 995 3076 quem
1026 2999 1105 3074 plene
1131 3000 1314 3072 cognoscitur,
1344 2998 1395 3061 nisi
1421 3017 1484 3058 curn
1506 3001 1623 3072 periente
1650 3001 1712 3067 diii·

51 3090 223 3149 dllectiouis.
253 3090 320 3158 Quis
343 3090 419 3148 enim
442 3091 570 3163 cognovit
591 3089 862 3148 reconciliemini?
914 3091 996 3167 gitur.
1015 3089 1084 3161 Quae
1108 3090 1136 3146 in
1150 3089 1229 3145 uobis
1251 3090 1342 3147 auinru
1361 3090 1445 3152 serrsit
1459 3089 1606 3162 aliquande
1628 3089 1656 3148 in
1671 3106 1714 3151 se-

29 3199 35 3208 ·
59 3184 113 3239 sui
126 3181 188 3253 qais
203 3180 387 3237 consiiiarius
402 3181 464 3252 ejus
478 3182 556 3252 fuiti
570 3180 660 3252 (Rom.
679 3194 718 3246 uu,
732 3179 790 3249 36.)
915 3189 989 3235 creto
1005 3176 1175 3235 conscientiae
1190 3192 1248 3233 suae
1274 3178 1414 3250 Spiritum
1428 3176 1500 3238 Filii
1520 3178 1711 3244 conamen:

95 3272 123 3326 ι.
149 3268 201 3324 Sed
220 3268 292 3324 dieat
318 3269 384 3324 mihi
413 3267 528 3326 sortasse
560 3268 658 3339 aliquis
678 3285 686 3320 ι
706 3266 766 3323 Tibi
794 3280 862 3339 ergo
915 3266 1123 3334 dirimimur?
1144 3266 1250 3338 (Geloi.
1276 3281 1315 3337 ιι,
1330 3269 1370 3338 6).
1386 3267 1460 3339 lpse,
1475 3267 1544 3340 ipsa,
1559 3275 1671 3341 paterne
1684 3286 1714 3327 ee

60 3359 134 3416 undo
149 3357 274 3427 innotuit,
288 3357 360 3428 qued
376 3357 444 3415 nulli
459 3357 552 3415 lateris
565 3356 698 3415 creditum
711 3356 862 3413 creaturaei
915 3356 992 3429 diligi
1002 3366 1149 3429 prasumat
1161 3355 1271 3425 aiiectu,
1287 3371 1349 3428 qus
1371 3356 1467 3417 eodem
1489 3372 1520 3421 se
1533 3357 1641 3430 spiritu,
1661 3374 1715 3432 qno

60 3446 184 3504 Proiecto
214 3446 380 3518 Unigeniias
402 3448 451 3520 qui
469 3452 512 3504 eei
530 3449 563 3503 in
586 3447 655 3504 sinu
676 3446 786 3512 Patris,
801 3446 861 3518 ipse
914 3455 942 3503 et
955 3444 1052 3514 Filius,
1067 3443 1193 3503 allectam
1221 3445 1314 3504 sentit.
1343 3444 1466 3515 confide,
1495 3461 1662 3521 quancunque
1685 3465 1715 3506 ea

60 3536 312 3604 enomooiiiioarr.
328 3535 419 3606 nli),
433 3534 559 3608 dixerim,
573 3551 629 3592 non
643 3535 711 3592 milui
725 3534 863 3592 miserest
915 3535 972 3605 illa,
984 3534 1091 3593 confide
1112 3535 1181 3593 nihil
1201 3533 1338 3593 ιιιίιιιιι.
1364 3535 1395 3590 ln
1416 3536 1514 3607 spirntt
1544 3535 1606 3597 Filii
1632 3534 1714 3601 liliam

59 3624 183 3698 indigno,
200 3625 246 3680 sed
265 3625 344 3696 pinne
368 3623 466 3680 ioanni
484 3623 571 3681 amieo
586 3624 690 3695 sponsi,
704 3625 785 3694 cujm
804 3623 863 3679 haee
915 3637 1050 3696 cognosce
1078 3632 1105 3681 te
1134 3623 1229 3697 putris,
1262 3637 1389 3696 sponsam
1419 3622 1480 3684 Filii
1512 3625 1555 3683 rel
1578 3640 1711 3685 sororem.

41 3716 144 3775 -verba
166 3723 249 3785 sunt3
264 3713 426 3770 nouaclum
441 3721 542 3784 autem,
564 3713 612 3770 sed
627 3721 653 3770 et
668 3712 763 3769 loanni
778 3727 861 3768 eran·
915 3713 1036 3786 Utroque
1055 3712 1188 3772 vocabulo
1200 3728 1271 3780 earn,
1287 3726 1347 3785 quae
1362 3711 1518 3781 hujusmodi
1536 3721 1579 3771 eat
1592 3713 1714 3776 inuenies

31 3822 33 3827 ’
62 3805 182 3883 gelistae,
212 3803 307 3875 utique
341 3802 475 3874 discipulo
503 3818 584 3874 quem
614 3801 747 3877 diligebat
774 3801 860 3859 iesus.
914 3801 1054 3874 appellari.
1078 3802 1122 3858 ud
1148 3817 1256 3859 monum
1282 3808 1324 3858 cst
1351 3799 1424 3859 untia
1450 3799 1477 3863 in
1499 3803 1630 3874 probem:
1659 3820 1714 3869 oon

62 3896 164 3954 Placita
182 3894 255 3951 enim
269 3893 320 3949 luit
337 3893 394 3949 Deo
412 3901 439 3949 et
453 3891 542 3950 anima
554 3890 638 3960 illins,
653 3893 737 3966 digna
752 3907 862 3964 prorsus
917 3889 1029 3948 multum
1044 3891 1182 3948 laborabo.
1197 3889 1255 3947 Vox
1270 3888 1363 3961 sponsi
1386 3899 1429 3948 eet
1455 3891 1489 3948 ad
1512 3892 1617 3965 ipsam:
1649 3895 1714 3954 Veni

64 3987 174 4043 nomino
197 3992 224 4041 et
248 3983 311 4040 douc
330 3997 448 4056 sponsa,
461 3981 543 4054 digna
564 3981 657 4054 sponsi
683 3981 862 4055 amplexibus,
916 3983 948 4037 ia
974 3980 1089 4038 iterium
1112 3993 1387 4047 commemorares
1409 3994 1512 4053 sponso
1534 3983 1716 4058 (Conana).

64 4074 276 4146 dignedenique
288 4089 349 4146 quse
359 4071 532 4130 recumberet
545 4087 627 4144 super
635 4080 731 4145 pectus
742 4071 862 4130 Domini.
917 4070 1003 4127 Soror
1030 4068 1161 4141 siqnidem
1176 4072 1231 4138 est,
1254 4069 1318 4143 quie
1344 4084 1377 4126 ex
1403 4085 1458 4127 nno
1485 4070 1582 4141 Patre;
1604 4088 1716 4146 sponsa,

66 4163 161 4220 Haesit
173 4163 292 4220 loannes
311 4163 346 4220 de
372 4162 433 4220 sinu
451 4161 592 4236 Unigcnti,
607 4161 681 4235 quod
696 4161 731 4220 ‹le
752 4169 864 4237 paterno
879 4198 904 4277 ὓ
918 4158 983 4232 quia
998 4158 1024 4214 lu
1044 4174 1099 4217 nno
1118 4159 1230 4232 Spiritu.
1253 4157 1360 4217 liernsi
1387 4158 1495 4216 carnale
1518 4161 1719 4227 matrimonium

67 4253 196 4308 hauserat
216 4251 272 4307 ille.
292 4251 350 4308 Nec
364 4253 438 4309 solue
458 4251 518 4324 ipae
531 4259 631 4322 temen,
646 4251 693 4308 sed
716 4260 745 4308 st
757 4266 866 4323 omues,
919 4246 1056 4305 constitnit
1088 4249 1159 4305 duos
1178 4249 1208 4304 in
1229 4263 1386 4320 carneuna,
1399 4261 1515 4306 eurnon
1534 4249 1621 4320 magis
1633 4251 1718 4322 spiri·

67 4339 168 4412 quibus
193 4338 266 4394 idem
289 4339 376 4396 aiebat
403 4341 495 4413 magni
523 4341 632 4398 consilii
655 4342 768 4414 angelus
789 4359 797 4398 ι
819 4343 865 4400 Vos
920 4337 1002 4393 tualia
1018 4338 1117 4410 copula
1127 4338 1199 4395 duos
1209 4338 1360 4409 coniungat
1369 4336 1397 4394 in
1408 4335 1719 4413 umapmtuiDenmae

66 4432 131 4488 dixi
145 4429 336 4500 armironensis
345 4430 443 4486 ornain
457 4446 628 4505 quocunque
637 4432 734 4489 audiui
747 4450 765 4490 o
778 4432 865 4491 Putre
920 4428 968 4498 qui
982 4427 1102 4482 tdhaerei
1114 4427 1242 4493 Domino,
1258 4443 1330 4483 nnus
1352 4424 1463 4498 spiritua
1485 4433 1527 4481 est
1548 4427 1576 4500 (l
1586 4427 1650 4487 Gor.
1679 4447 1718 4500 uu,

67 4535 141 4590 mco,
155 4523 224 4575 notu
246 4517 303 4586 (eei
318 4516 493 4585 volutione.
508 4535 557 4588 ar,
572 4521 628 4591 ιι).
644 4521 866 4578 HausiletPau·
921 4517 977 4587 ⁴7)-
1005 4517 1057 4572 Sed
1086 4513 1150 4570 iudi
1178 4514 1258 4572 etiam
1295 4515 1330 4571 de
1366 4515 1455 4582 Palm,
1481 4530 1563 4588 quum
1597 4528 1720 4578 muniet

68 4610 120 4678 lus,
136 4608 215 4677 cuius
228 4604 400 4679 evangelium
415 4620 468 4662 non
483 4613 525 4662 eat
538 4608 572 4663 ab
586 4609 805 4683 dominansque
819 4626 867 4681 per
922 4603 1032 4664 1²68
1048 4619 1186 4676 quamque
1207 4603 1353 4674 dignanter
1371 4603 1495 4660 etlilium
1505 4620 1565 4662 eam
1589 4608 1720 4680 ιιοιιιιιιιι,

70 4694 289 4754 hominemillud
304 4694 475 4766 acceptasse
500 4712 549 4768 per
567 4698 757 4756 revelationem
773 4699 867 4756 Jesus·
920 4693 1279 4764 etnnnominns-tnnqnnm
1302 4708 1400 4750 nurum
1428 4694 1563 4765 propriam
1591 4696 1627 4754 ad
1657 4698 1720 4755 Filii

17 4798 21 4810 ¹
69 4788 167 4846 Christi
180 4788 285 4859 (dolat.
297 4801 317 4855 r,
334 4789 378 4852 tt,
394 4787 447 4856 ιι).
461 4785 586 4844 Proicere
596 4787 625 4843 nl
638 4787 865 4847 omneetantelt·
921 4782 1039 4839 blundos
1051 4782 1145 4839 invitat
1159 4782 1309 4854 amplexus·
1325 4781 1509 4854 nudataque,
1523 4785 1596 4854 itio,
1607 4787 1720 4857 ιιυιιι,

69 4877 145 4947 citer,
169 4892 248 4949 quam
270 4873 398 4932 veraciter
419 4873 524 4941 dicore,
544 4883 680 4946 possunt:
702 4878 866 4949 Unipeniius
921 4873 1177 4931 eiiaclioncurem
1188 4872 1720 4947 tucm;eioiliuioccrepcpulumtuum

69 4971 118 5042 qui
130 4971 171 5024 eri
187 4968 220 5022 ire
234 4967 301 5023 uina
315 4965 423 5032 Patria,
438 4966 497 5038 ipse
511 4967 658 5022 enerravit
671 4967 759 5023 nobis.
775 4967 809 5022 nt
821 4965 867 5022 illa
921 4962 1075 5021 cidamum
1098 4964 1191 5036 putris
1213 4965 1267 5030 tei,
1283 4966 1311 5021 ei
1325 4962 1505 5034 concupiscet
1525 4979 1578 5021 rec
1592 4965 1721 5024 desuem

69 5056 205 5113 enarratio
224 5055 290 5125 quid
306 5052 347 5111 eis
367 5053 420 5109 nisi
438 5053 562 5111 osculum
584 5053 655 5111 fuiti
669 5055 723 5113 Sed
740 5055 866 5114 osculum
923 5057 1014 5110 tunm.
1032 5052 1278 5123 (Psoi.xr.1u,tl‚
1296 5053 1350 5121 ta).
1368 5051 1526 5123 &coequo
1542 5051 1594 5110 ista
1617 5053 1720 5128 llagitat

70 5146 105 5200 de
122 5142 224 5210 osculo,
239 5152 266 5198 et
280 5158 334 5200 non
348 5145 382 5199 dc
398 5159 458 5203 ore.
472 5143 869 5215 nudisiqnidemoeeutnmde
922 5141 1059 5199 osculum.
1080 5140 1104 5197 0
1126 5151 1220 5198 saneta
1250 5139 1352 5208 anima,
1367 5139 1639 5213 reverenticnhebe
1654 5160 1722 5219 qno·

70 5251 128 5295 ore.
140 5236 194 5306 Epo
207 5238 234 5290 ei
248 5236 561 5301 Paierunumscmua,·
573 5234 653 5292 item:
666 5236 720 5308 Epo
733 5235 867 5308 inlustre,
922 5229 995 5287 niam
1023 5229 1083 5301 ipse
1104 5240 1146 5288 eet
1167 5228 1301 5287 Dominus
1324 5229 1397 5287 Deus
1411 5235 1481 5302 tuus,
1496 5237 1524 5288 ei
1535 5230 1650 5292 iortuasa
1667 5251 1722 5293 non

71 5326 303 5384 eiPoierionue
326 5322 467 5397 euclionis.
484 5339 514 5391 ιι,
530 5323 576 5397 30,
598 5323 653 5396 38).
674 5321 805 5381 Osculum
828 5328 870 5380 eat
923 5318 1097 5391 osculandus,
1125 5316 1174 5375 sed
1205 5317 1367 5383 adorandus.
1391 5333 1453 5379 cum
1472 5317 1550 5380 Patre
1575 5328 1603 5383 at
1619 5320 1721 5396 spiritu

71 5429 120 5472 oro
135 5414 171 5471 ed
184 5429 216 5471 os
234 5418 387 5484 sumptum
402 5412 452 5470 sed
472 5427 552 5470 nemo
565 5411 719 5485 appropiet.
739 5409 867 5468 Osculum
923 5415 1018 5468 sancto
1032 5406 1062 5467 in
1074 5407 1358 5467 memorandorum.
1372 5410 1469 5470 lmen.

75 5504 152 5575 plane
179 5503 332 5562 dilectionis
356 5511 384 5560 et
406 5503 498 5575 pacis;
520 5503 569 5560 sed
586 5501 694 5561 dilectio
708 5500 755 5557 illa
769 5515 867 5574 snper-
