3734 5948
98 192 173 255 ‘sss
629 182 902 258 ιιιιιιιιιιιιοιι
920 192 1087 256 annunsta
1105 186 1213 256 sartan
1232 185 1264 253 ι.
1709 162 1771 261 ἰιι

115 334 168 378 ens
181 330 315 377 ascensus
328 324 355 372 et
369 316 518 374 descensus
540 329 613 377 earet
637 318 823 381 vicissitudine
845 337 919 380 :nos
935 334 959 414 Α
976 336 1047 379 nos:
1064 331 1130 395 puto
1152 328 1303 392 temperata
1327 320 1433 377 videtur
1451 319 1579 392 gloriatio
1602 313 1704 396 nostra,
1720 328 1770 383 sed

117 419 214 467 sutem
238 407 390 472 madobac,
411 408 493 464 modo
515 409 578 465 illoc
600 412 705 467 versari
729 428 844 469 necesse
865 420 915 481 est,
972 415 1084 476 forsitan
1100 412 1187 484 magis
1201 416 1342 477 auctaest,
1359 408 1475 466 solidata
1494 416 1590 479 ιιιιιιιι,
1606 418 1635 467 nt
1658 428 1714 470 non
1743 416 1769 471 in

118 498 196 571 qnod
211 512 262 554 nec
283 512 367 568 supra
391 496 494 552 diutius
515 507 586 555 stare
609 501 698 567 liceat,
722 518 771 558 nec
793 502 918 573 expediti
970 507 1060 573 nobis,
1080 503 1128 561 sed
1148 502 1176 556 in
1193 498 1308 556 Domino
1323 499 1481 574 gloriemur,
1492 499 1590 572 quibus
1602 503 1728 560 nimirum
1742 504 1769 560 in

117 587 192 645 inira
214 586 322 658 longius
344 584 489 643 demorari.
516 587 688 656 decendunt,
705 590 753 658 ait,
771 606 859 664 osque
882 591 919 647 od
971 599 1024 654 hoe
1053 594 1110 649 solo
1135 590 1267 661 respirare
1287 597 1338 651 est,
1363 598 1393 644 ιιι
1421 587 1552 657 dicamus,
1568 590 1595 645 Si
1621 594 1770 651 decreverit

119 679 248 748 colossi
257 675 524 749 descendentesque
534 678 569 734 od
579 680 810 751 alyssoszmatmo
820 697 919 739 eoram
973 687 1076 742 salvare
1090 696 1151 747 nos,
1167 679 1296 736 continuo
1311 678 1494 734 liberabimur.

119 770 156 825 s'rt
168 768 255 825 molis
280 765 434 823 tabescebat
449 765 536 838 (Psoi.
562 784 615 834 cvr,
639 770 695 840 26).
721 771 820 842 thuid
842 771 920 828 boc?
1008 779 1034 830 8.
1052 773 1093 828 Ex
1107 772 1159 826 hoc
1173 770 1230 839 jam
1247 768 1276 822 in
1290 765 1336 822 illa
1355 767 1489 839 superiori
1504 771 1614 841 specula
1629 772 1672 827 vel
1700 788 1769 842 pau·

107 857 269 927 Propterea
283 870 349 910 sane
364 855 456 910 anima
470 871 563 911 eorum
580 859 607 913 in
631 859 710 914 malis
734 859 843 915 interim
857 861 919 931 plus
972 864 1056 919 lulum
1070 863 1256 927 immorantes,
1278 872 1430 929 quaeramus
1454 858 1564 914 domum
1579 861 1638 929 Dei,
1665 878 1769 931 qnaeta-

119 946 247 1012 tabescit,
264 960 346 1017 quam
361 944 509 1000 delectetur
524 946 552 1000 iu
566 947 656 1017 bonis,
673 948 745 1020 qnod
764 946 863 1003 haecin
879 965 918 1021 re,
972 968 1036 1008 mus
1050 949 1190 1022 templum,
1222 962 1374 1016 quaeramus
1393 945 1538 1015 civitatem,
1558 966 1711 1022 quaeramus
1744 958 1771 1007 et

104 1033 170 1090 ’illa
188 1048 254 1090 vero
268 1041 372 1090 tontum
388 1033 414 1087 in
429 1049 478 1104 spe
492 1033 635 1091 videantur
650 1037 752 1092 baberi.
767 1038 833 1106 Quis
845 1043 920 1110 pote·
972 1056 1110 1112 sponsam.
1124 1038 1218 1108 Neque
1232 1035 1304 1090 enirn
1318 1036 1418 1092 oblitus
1432 1051 1502 1110 sum,
1519 1039 1566 1094 scd
1580 1054 1642 1095 cum
1656 1050 1728 1097 metu
1744 1047 1771 1096 et

106 1127 165 1182 rit
184 1125 361 1192 calamecca,
381 1122 474 1178 dieunt
488 1123 611 1195 discipuli
627 1123 783 1182 salvatori?
802 1127 833 1182 lit
855 1127 918 1183 ille:
974 1129 1126 1187 reverentia
1136 1125 1218 1192 dion3
1234 1126 1290 1181 Nos
1304 1139 1407 1180 sumus.
1422 1126 1488 1190 Nos,
1514 1127 1635 1201 inquam,
1667 1143 1769 1200 sumus,

119 1213 391 1287 Apadlsomt'nealsoc
402 1212 574 1284 impossibile
584 1215 745 1284 astpcdrmn
753 1215 828 1288 opud
833 1218 921 1274 Deum
975 1218 1058 1275 sedin
1072 1215 1153 1274 corde
1167 1214 1236 1282 Dei,
1252 1228 1303 1269 nos
1316 1228 1422 1281 sumus,
1442 1215 1490 1272 sed
1505 1216 1591 1289 ipsius
1603 1217 1769 1293 dignatione,

121 1302 238 1373 (Πιιιιι.
262 1316 321 1369 ιιι,
337 1303 381 1367 15,
397 1302 455 1368 16).
471 1302 536 1357 llaec
550 1310 605 1358 tota
628 1301 727 1359 fiducia
741 1311 841 1371 nostra,
864 1306 922 1362 baec
975 1323 1028 1365 non
1039 1306 1168 1379 dignitate
1182 1311 1285 1360 nostra.
1300 1305 1360 1359 Non
1379 1312 1492 1376 usurpet
1506 1307 1578 1379 qnod
1592 1308 1640 1364 Dei
1663 1316 1715 1377 est,
1742 1317 1771 1364 ut

121 1391 205 1448 unica
216 1391 367 1447 consolatio
382 1398 485 1456 nostra,
502 1391 560 1446 baec
574 1400 629 1448 ιοιιι
643 1393 715 1450 ratio
728 1393 787 1466 spei
809 1400 920 1451 nostras.
975 1412 1030 1453 non
1049 1403 1169 1468 apponat
1182 1395 1265 1449 homo
1280 1391 1452 1465 magnificare
1466 1410 1494 1451 se
1517 1396 1625 1466 ipsum:
1649 1396 1771 1468 alioquin

157 1481 186 1537 ’1.
212 1478 266 1535 Sed
289 1479 323 1535 de
347 1479 526 1548 possibilitate
546 1480 604 1549 jam
623 1480 700 1552 certi,
725 1481 760 1537 de
783 1483 920 1540 voluntate
972 1485 1047 1560 quod
1058 1484 1131 1540 illins
1144 1489 1203 1540 erat
1213 1482 1316 1539 iaciens
1329 1484 1414 1550 Dens,
1430 1484 1592 1541 exaltantem
1608 1502 1637 1543 se
1648 1486 1772 1542 humilia·

122 1568 190 1642 quid
200 1567 410 1641 agimusiQuis
421 1568 472 1624 scit
486 1570 509 1624 si
523 1569 674 1643 ostdignus
685 1586 778 1628 amore
791 1586 826 1627 an
837 1573 921 1629 odini
974 1575 1023 1631 bit.
1044 1574 1123 1645 Quod
1138 1573 1189 1628 etsi
1207 1586 1255 1628 nos
1271 1570 1367 1644 puerili
1383 1571 1555 1630 animositate
1570 1575 1654 1648 protis
1675 1574 1773 1631 salvari

122 1658 193 1729 Quis
212 1657 288 1714 novit
305 1673 418 1713 sensnm
439 1657 572 1714 Domini?
596 1667 644 1714 aut
666 1660 727 1732 quis
748 1660 919 1717 consiliarius
935 1616 958 1697 Β
972 1664 1109 1733 volumus,
1128 1661 1225 1718 merito
1253 1676 1309 1716 non
1333 1662 1480 1718 salvamur.
1503 1661 1627 1720 Excludit
1655 1663 1773 1721 miseria

122 1748 184 1817 eius
197 1745 271 1803 tuit‘t
286 1746 376 1818 (Rom.
391 1762 433 1814 ιι,
449 1748 507 1818 31.)
517 1746 567 1804 llic
578 1747 637 1816 jam
648 1748 728 1820 plano
742 1748 822 1807 iidem
837 1751 918 1807 nobis
973 1752 1154 1809 dissimulatio
1173 1749 1386 1823 miserationem,
1410 1767 1461 1807 nec
1476 1750 1598 1827 dignatio
1621 1753 1710 1809 locum
1725 1754 1775 1809 ha-

121 1835 269 1895 subvenire
280 1851 391 1892 necessa
408 1842 459 1904 est,
476 1837 520 1893 bic
533 1845 641 1908 oportet
663 1853 825 1895 succurrere
850 1841 920 1896 veri·
974 1843 1028 1908 bot,
1054 1841 1100 1897 ubi
1129 1839 1213 1898 tuerit
1239 1838 1417 1911 praesumptio
1441 1840 1581 1914 dignitatis
1608 1858 1617 1896 t
1643 1850 1774 1915 provocat

123 1933 208 1983 mom
222 1923 306 1999 [ulios
327 1924 464 1997 pietatem}
481 1944 488 1981 :
504 1927 620 1998 utqund
642 1928 675 1983 de
699 1927 779 1984 nobis
801 1928 867 1985 latet
892 1929 918 1984 in
971 1946 1036 1989 vero
1068 1929 1285 2003 compassionem
1323 1929 1434 1985 humilis
1457 1930 1595 1987 consessio
1624 1931 1772 2005 passionis.

120 2016 203 2073 corde
215 2015 314 2082 Patris,
328 2014 409 2071 nobis
421 2029 471 2085 per
485 2015 571 2087 ipsius
586 2015 718 2086 Spiritum
733 2016 879 2085 reveletur,
893 2028 919 2075 et
973 2020 1046 2077 Sane
1060 2020 1120 2075 haec
1134 2018 1190 2074 sola
1203 2018 1267 2074 iacit
1280 2024 1310 2073 ut
1334 2032 1385 2073 nos
1399 2018 1459 2089 ipse
1483 2026 1612 2091 tanquam
1627 2020 1704 2077 dives
1718 2037 1771 2092 pa-

112 2103 239 2176 ·Spiritus
257 2106 319 2175 ejus
332 2103 478 2162 testificans
500 2105 668 2176 persuadeat
691 2106 801 2178 spiritui
825 2114 920 2165 nostro
973 2109 1130 2166 teriamilias
1146 2107 1241 2163 olatio
1256 2106 1336 2173 iamn,
1366 2113 1393 2162 ct
1408 2107 1459 2162 sub
1476 2123 1509 2164 eo
1542 2109 1657 2180 panibus
1681 2110 1772 2165 abun-

121 2194 194 2266 quod
213 2192 327 2250 111111)ιὶ
344 2208 449 2249 sumus.
465 2193 625 2250 Persuadent
647 2203 739 2251 autem
754 2197 876 2253 vocando
892 2205 920 2253 et
972 2199 1066 2254 dantes
1091 2195 1273 2254 inveniamur.
1295 2194 1414 2252 Proinde
1429 2196 1528 2252 domus
1542 2198 1611 2267 ejus,
1627 2196 1671 2255 cni
1699 2216 1773 2254 nun-

119 2281 294 2354 justiiieando
319 2282 404 2356 gratis
428 2298 477 2353 per
502 2281 594 2350 fidem,
614 2282 642 2337 in
665 2283 765 2354 quibus
792 2285 919 2341 nimirum
972 2305 1053 2360 quam
1066 2287 1142 2342 deest
1152 2284 1280 2341 alimonia
1291 2285 1364 2340 vitae.
1377 2285 1411 2341 Et
1426 2295 1564 2343 memento
1577 2289 1650 2360 quod
1663 2288 1773 2344 domum

120 2374 196 2432 reiut
209 2371 316 2429 medius
329 2373 441 2444 quidam
456 2372 588 2428 transitus
610 2382 651 2430 est
664 2374 699 2429 ab
721 2382 822 2430 aeterna
844 2392 919 2446 pras·
973 2393 1050 2433 suam
1061 2376 1171 2432 domum
1181 2372 1312 2431 orationis
1327 2390 1387 2431 esse
1398 2373 1509 2431 deliniet
1523 2376 1638 2449 (llottlv.
1656 2379 1771 2448 ιιι,1,3);

120 2461 306 2519 destinatione
315 2462 347 2516 ad
363 2461 481 2517 futuram
495 2461 757 2534 magnificationem.
772 2464 919 2536 Propterea
972 2466 1037 2539 qnia
1056 2479 1083 2521 et
1096 2466 1148 2522 hoc
1163 2462 1323 2537 prophetico
1334 2463 1398 2519 satis
1412 2465 1519 2522 videtur
1532 2464 1689 2522 testimonio
1708 2484 1774 2525 cott-

121 2566 188 2608 srne
202 2549 339 2623 murinam
353 2549 428 2605 illam
442 2550 699 2616 considerationem,
722 2552 833 2607 alteram
854 2554 918 2625 qui·
972 2556 1072 2626 venire,
1085 2553 1132 2627 qui
1146 2557 1181 2610 ab
1197 2553 1256 2624 ipso
1270 2568 1332 2625 nos,
1348 2554 1375 2608 in
1387 2553 1556 2611 orationibus
1571 2553 1674 2628 utique,
1683 2556 1772 2614 uibar-

120 2641 184 2699 dcm
195 2639 293 2709 judicii
307 2646 335 2696 et
347 2639 478 2708 veritatis,
494 2640 607 2696 alteram
622 2654 686 2697 vern
701 2653 756 2696 non
769 2641 920 2714 mcongrue
972 2645 1025 2701 dos
1041 2659 1113 2715 pane
1127 2644 1319 2714 laerymarum,
1336 2651 1363 2698 ct
1387 2642 1414 2698 in
1425 2642 1553 2714 lacrymis
1566 2655 1660 2715 potum
1676 2646 1774 2701 asserit

120 2729 215 2787 rooari
229 2730 364 2786 credimus
378 2728 442 2785 fidei
464 2737 491 2785 et
513 2730 631 2801 pictatio.
660 2730 716 2786 Nec
735 2730 868 2788 mirabere
891 2733 918 2788 in
973 2740 1134 2804 accepturos
1150 2731 1237 2804 (Ptol.
1253 2747 1351 2804 ιιιιι,
1362 2731 1402 2805 6).
1415 2732 1547 2788 Caeterum
1554 2732 1633 2803 juxta
1646 2733 1773 2790 eumdem

122 2818 249 2876 humanis
262 2818 438 2891 qualitatibus
452 2825 508 2874 tam
522 2818 666 2876 dissimilia
692 2820 817 2890 reperiri,
832 2821 855 2877 si
875 2836 918 2879 so-
974 2823 1149 2894 Prophetsm,
1161 2818 1232 2877 sicut
1244 2836 1329 2892 supra
1338 2835 1448 2892 quoqne
1462 2821 1645 2891 meminimus,
1661 2823 1772 2879 domum

121 2909 205 2966 lerter
227 2908 351 2966 advertas
374 2917 480 2978 quanta·
496 2915 523 2964 ot
550 2907 578 2962 in
600 2907 661 2980 ipsa
683 2909 744 2978 ejus
766 2909 918 2966 substantie
933 2902 958 2982 0
971 2911 1051 2966 istam
1074 2910 1153 2967 decet
1165 2909 1317 2966 sanctitudo
1331 2908 1420 2978 (Psoi.
1440 2925 1507 2976 xcu,
1523 2912 1549 2979 5)
1571 2929 1577 2968 :
1597 2919 1626 2967 ut
1650 2910 1773 2969 videlicet

120 2998 281 3056 convenisse
306 2997 413 3055 ridetur
434 2996 576 3055 diversitas
606 2995 713 3054 rost
745 3004 915 3054 naturamm.
970 2998 1137 3071 poenitentiae
1157 2997 1291 3070 lacrymas
1310 2997 1416 3069 puritas
1433 2998 1603 3055 continentiae
1618 3001 1769 3069 comitetur,

119 3087 192 3158 Quid
200 3087 274 3144 eniru
286 3087 384 3160 spiritu
395 3086 457 3143 vitae
467 3085 628 3142 sublimius?
638 3087 702 3159 quid
713 3103 779 3144 voro
788 3088 917 3145 humilius
970 3096 997 3144 et
1005 3104 1066 3160 qnae
1078 3088 1135 3157 jam
1146 3086 1243 3142 domus
1251 3085 1470 3153 est,itatsubinde
1481 3087 1560 3141 etiam
1572 3088 1701 3158 templum
1711 3089 1770 3144 Dei.

120 3178 186 3234 iimo
198 3177 298 3234 ιιιιιιι
313 3176 402 3246 Quam
424 3173 544 3247 proiecto
560 3183 615 3231 tam
629 3176 866 3233 discohaerentium
889 3179 917 3232 in
970 3174 1273 3246 Sancticstoteinquit,
1288 3175 1358 3247 puio
1372 3191 1421 3246 apo
1431 3180 1620 3234 solicitasse-m
1638 3179 1773 3234 bonotius

120 3267 232 3325 bomine
245 3265 437 3323 cohaerentiam
452 3282 544 3322 rerum
558 3266 632 3337 ipsos
647 3280 756 3339 quoque
779 3266 917 3336 sopientes
969 3270 1043 3324 Deus
1055 3264 1251 3335 certauerit.
1263 3280 1301 3330 ιι,
1310 3264 1366 3334 11).
1382 3264 1416 3319 Et
1431 3266 1617 3337 apostolorum
1634 3268 1769 3325 :Nescitis

121 3357 309 3426 seculibujus
332 3356 449 3412 arbitror
471 3371 525 3412 non
549 3355 667 3425 latuisse,
692 3372 756 3413 cum
777 3357 916 3412 bominem

120 3446 275 3513 definirent,
298 3445 398 3501 animal
422 3444 554 3502 rationale
575 3445 700 3501 mortale.
723 3444 854 3501 idirabilis
877 3445 916 3501 si·

120 3536 232 3607 quidem
255 3536 353 3606 copula
375 3534 489 3591 rationis
515 3543 542 3590 et
564 3534 678 3602 mortis,
705 3535 774 3590 mira
800 3543 916 3593 societas

120 3624 297 3682 discretionis
311 3630 339 3680 et
362 3623 555 3694 corruptionis.
583 3623 630 3679 Sic
657 3623 793 3691 nimirum,
820 3624 860 3681 sic
887 3627 916 3682 in

120 3715 254 3779 moribus,
269 3714 309 3770 sic
323 3712 351 3770 in
363 3712 517 3779 silentibus,
542 3710 581 3768 sic
599 3712 629 3767 in
651 3713 747 3769 studiis
773 3713 915 3770 bominum

120 3821 173 3862 non
188 3804 291 3871 minor,
306 3802 376 3858 sorte
391 3811 417 3857 rt
430 3803 545 3873 amplior
562 3801 741 3858 contrarietas
755 3801 890 3860 iuvenitur
906 3821 914 3858 :

120 3904 149 3951 ut
162 3895 188 3950 si
203 3900 297 3962 totam,
313 3891 384 3947 sicut
394 3899 445 3960 est,
461 3892 622 3962 parvitatem
636 3890 759 3948 seorsum
773 3891 913 3960 intuearis,

119 3999 276 4041 aerumma
291 3980 499 4054 quidquidboni
521 3981 630 4039 videtur
647 3978 736 4036 inesse
759 3979 916 4038 consideres

118 4072 288 4145 singillatim,
312 4071 424 4142 plenum
445 4086 557 4127 censeas
581 4085 642 4126 esse
664 4069 815 4140 miraculo,
841 4071 914 4143 quod

118 4170 176 4219 tam
189 4161 305 4218 adversa
320 4160 502 4218 convenerint.
518 4160 584 4216 lnde
605 4160 687 4217 homo
710 4175 782 4217 nunc
803 4159 912 4228 quidem

117 4253 274 4321 Bar-taor,
290 4266 362 4306 nunc
375 4266 440 4306 vero
454 4250 561 4307 Sotacus
576 4256 695 4306 merctur
707 4249 809 4304 audire.
824 4247 916 4306 Nolito

118 4340 214 4398 mirari
228 4341 288 4397 boc.
304 4338 428 4396 Recolite
451 4354 484 4394 ex
504 4338 661 4411 Evangelio,
686 4339 731 4396 oui
755 4338 857 4395 dictum
880 4337 916 4394 sit

119 4432 161 4503 let
183 4440 326 4502 utrumqne
346 4429 374 4483 in
402 4428 528 4495 veritate,
552 4444 616 4485 nam
636 4436 781 4502 utrumqne
801 4430 834 4484 ab
857 4427 916 4499 ipsa

117 4520 241 4576 veritate
256 4518 370 4590 dictum)
385 4519 460 4591 prius
482 4518 591 4590 quidem
607 4535 614 4574 ι
629 4522 733 4576 Battus
756 4534 795 4585 es,
819 4517 917 4575 Simon

108 4612 279 4677 Βιν-Ιιιιις
294 4624 345 4665 nec
368 4608 451 4664 multo
471 4615 560 4680 post:
589 4608 659 4664 Vade
682 4612 767 4676 retro,
794 4609 912 4664 Salano

110 4700 195 4757 Unus
218 4707 461 4771 organumque,
485 4697 534 4752 etsi
555 4712 608 4752 non
629 4706 773 4768 utrumque
798 4711 831 4752 ιιι
850 4711 914 4752 uno.

970 3353 1770 3430 puiocorporooestrutcmplarusuatSpiritussoncti,ct

970 3446 1095 3518 Spiritus
1108 3448 1227 3501 sanctos
1237 3443 1349 3500 latitat
1363 3444 1394 3499 in
1409 3444 1508 3500 uolo?
1523 3445 1553 3502 st
1561 3447 1624 3519 puis
1633 3446 1771 3519 tetraplum

968 3536 1018 3591 lici
1027 3535 1183 3602 uiolauerit,
1197 3533 1338 3609 disperdet
1348 3550 1410 3592 curn
1420 3536 1528 3605 Deus(l
1541 3535 1697 3602 corsinio,
1711 3538 1768 3609 tt).

977 3646 980 3651 ·
1004 3629 1030 3681 n.
1051 3624 1187 3696 Numquid
1200 3630 1287 3679 tamon
1303 3624 1348 3680 vel
1362 3624 1421 3696 ipsa
1434 3625 1490 3693 jnm
1501 3624 1765 3681 sanctimoniasuffi-

969 3711 1088 3769 citiPax
1097 3729 1190 3785 quoqu
1202 3713 1367 3769 enecessaria
1378 3721 1428 3778 est,
1437 3713 1568 3783 Apostolo
1577 3718 1657 3783 teste,
1665 3712 1710 3785 qui
1717 3713 1766 3768 ait:

968 3804 1070 3860 Pacem
1086 3802 1235 3858 sectamini
1254 3818 1319 3858 curn
1333 3800 1472 3871 erunibus,
1488 3805 1516 3858 et
1534 3801 1768 3867 sanctimonium,

968 3893 1029 3948 sina
1043 3909 1100 3965 pua
1110 3907 1192 3948 nemo
1202 3871 1406 3948 videbitllcum
1418 3888 1508 3963 (Hebr.
1523 3906 1571 3956 ιιι,
1585 3892 1639 3962 11).
1655 3891 1718 3948 llaec
1728 3902 1769 3948 cst

968 3996 1028 4054 quae
1043 3980 1107 4036 iacit
1131 3978 1210 4034 unius
1228 3979 1309 4034 moris
1337 3978 1460 4034 babitare
1486 3976 1587 4035 iratres
1611 3980 1638 4034 in
1672 3995 1766 4050 ununt,

968 4086 1065 4128 novam
1081 4068 1174 4141 utique
1195 4068 1252 4142 regi
1266 4078 1371 4135 nostro,
1401 4083 1466 4125 vcro
1478 4069 1601 4140 pacifico,
1630 4068 1767 4126 aedificans

966 4160 1109 4226 civitatem,
1124 4174 1184 4232 quae
1203 4165 1229 4215 et
1251 4157 1310 4230 ipsa
1337 4158 1486 4215 ierusalem
1510 4158 1675 4227 nominetur,
1694 4160 1768 4231 quod

970 4258 1012 4305 est
1025 4251 1094 4308 visio
1119 4249 1211 4322 pacis.
1236 4249 1287 4306 Ubi
1303 4248 1375 4305 enim
1394 4247 1453 4304 sine
1481 4247 1583 4307 loedera
1597 4248 1680 4320 pacis,
1710 4249 1767 4303 siue

970 4338 1140 4395 observantia
1152 4336 1230 4410 legis,
1258 4336 1317 4394 sine
1333 4336 1475 4409 disciplina
1493 4344 1520 4393 et
1547 4336 1678 4412 regimine
1703 4354 1767 4393 ace-

971 4427 1049 4500 phala
1059 4427 1204 4484 multitudo
1218 4433 1382 4499 congregato
1396 4425 1486 4496 fuerit,
1505 4441 1560 4482 nnn
1576 4425 1702 4499 populus,
1719 4424 1768 4482 sed

972 4517 1181 4574 turba·vocatur
1196 4532 1202 4571 :
1219 4522 1326 4571 nonest
1340 4515 1445 4581 civitas,
1461 4514 1508 4570 sed
1523 4514 1667 4580 conlusio,
1683 4512 1768 4586 Baby-

971 4607 1059 4662 lonem
1069 4605 1189 4671 exhibet,
1204 4603 1239 4658 de
1254 4603 1403 4659 ierusalem
1416 4602 1498 4661 habet
1511 4600 1590 4660 nibil.
1605 4600 1659 4659 Sed
1672 4619 1768 4673 quent-

970 4693 1118 4751 admodum
1130 4690 1187 4748 lieri
1199 4705 1280 4763 posse
1289 4690 1438 4763 ridebitur,
1454 4698 1483 4747 nt
1498 4706 1544 4749 rex
1555 4699 1643 4748 tantus
1655 4689 1767 4748 10119

108 4788 181 4846 lil'nd
195 4788 268 4844 enirn
281 4803 315 4845 cs
338 4787 517 4857 Patre-istud
542 4802 577 4842 ιι
600 4785 720 4855 homine,
743 4785 801 4857 ipse
824 4794 916 4842 umen
969 4782 997 4839 in
1011 4796 1141 4854 sponsum
1166 4788 1292 4849 transeat,
1307 4779 1401 4838 civitas
1416 4781 1614 4853 'promoveatur
1635 4778 1663 4835 in
1682 4795 1768 4851 spon·

111 4886 261 4950 unumque
274 4883 343 4936 crat.
359 4876 437 4933 Unde
457 4873 620 4932 Bar-lona?
634 4872 705 4941 Quia
720 4889 774 4931 non
787 4889 851 4930 cero
866 4890 917 4930 neo
969 4873 1050 4927 sam?
1067 4869 1193 4927 Solahoc
1208 4877 1305 4941 potest,
1322 4885 1382 4943 quae
1392 4869 1456 4924 nibil
1473 4883 1525 4924 non
1542 4875 1637 4940 potest,
1653 4868 1769 4924 charitas

113 4966 241 5039 sangnis,
256 4966 303 5021 sed
328 4966 452 5022 Paterni
479 4964 551 5036 qnod
578 4963 683 5019 locutus
706 4972 749 5018 est
770 4962 913 5020 revelavit.
965 4960 1048 5018 furtis
1073 4967 1103 5016 ut
1132 4974 1215 5016 rnors.
1241 4958 1384 5028 Quomodo
1404 4974 1458 5012 non
1483 4956 1560 5012 tacite
1583 4952 1661 5012 ist'am
1685 4950 1768 5024 levct',

112 5056 195 5112 Unde
210 5055 347 5112 Satanas?
371 5054 441 5124 Quia
468 5053 559 5124 sapuit
580 5068 642 5124 quae
662 5059 741 5108 erant
765 5053 915 5119 bominum,
970 5064 1032 5123 quae
1043 5048 1122 5106 illum
1130 5049 1187 5121 jam
1200 5046 1471 5103 inclinavitillcrnm
1496 5046 1557 5101 binc
1577 5042 1627 5101 tib'l
1649 5046 1770 5104 nullate·

111 5161 173 5221 non
187 5160 248 5218 quac
261 5145 309 5202 liei
323 5143 436 5218 (Mattio
460 5159 518 5214 ιιι,
535 5145 579 5209 tt,
596 5144 653 5213 23).
669 5142 729 5196 lam
751 5140 775 5196 si
803 5149 916 5214 utraque
971 5155 1022 5194 nus
1036 5136 1204 5195 oovtsulenda
1229 5135 1373 5206 puerilia,
1392 5151 1475 5208 quam
1493 5133 1620 5205 diximus,
1643 5135 1769 5191 conside·

113 5233 339 5292 consideratione
369 5230 512 5307 diligenter
536 5230 738 5303 inspexerimus
771 5245 822 5287 nos
853 5229 918 5302 quid
973 5225 1093 5284 ratiotui
1109 5243 1116 5279 :
1134 5224 1274 5297 hicquam
1289 5222 1464 5296 potissimum
1476 5223 1541 5279 lidei
1564 5223 1772 5296 magnanimitas

115 5340 223 5392 sumus,
241 5324 338 5381 imoin
353 5338 417 5390 una,
432 5337 512 5394 quam
527 5319 604 5388 nihil,
622 5319 648 5375 in
664 5320 845 5391 alteraquam
859 5336 918 5374 ma·
973 5323 1119 5372 exercetur.
1139 5312 1451 5382 Deniqueetipseait:
1481 5314 1650 5385 Desponsavi
1660 5312 1773 5369 temtos·

113 5413 236 5488 gnificati
260 5431 268 5470 :
294 5413 396 5485 quippe
418 5425 468 5482 pro
491 5410 591 5482 quibus
609 5408 691 5466 etism
713 5408 920 5464 sollicitudinem
974 5406 1005 5461 ira
1017 5404 1072 5476 fida
1083 5403 1244 5475 desponsavi
1254 5405 1281 5457 tc
1296 5402 1443 5474 injudicio
1458 5403 1609 5474 ctjustr'tia
1619 5401 1700 5473 (ejus,
1718 5416 1772 5456 non

116 5509 195 5577 gerat
211 5512 282 5560 tanta
299 5503 437 5573 majestas,
453 5508 481 5557 et
501 5515 548 5557 cor
572 5515 650 5555 suum
674 5498 830 5572 apparuerit
856 5513 921 5570 erga
975 5501 1047 5550 tuam
1062 5491 1370 5565 intelligelocsponsaoi
1381 5495 1408 5549 tc
1422 5490 1775 5550 inmisericordioetmisc·
