3734 5948
176 250 230 313 th'l
638 247 666 305 S.
685 240 854 306 omittit
871 236 1007 300 ABBthS
1020 224 1343 295 dtthmtttattttsls
1767 226 1822 289 tot

177 380 288 436 laudant
304 393 351 434 aas
365 377 393 431 in
407 374 494 446 portis
510 388 594 444 opera
608 389 668 439 sua,
693 369 889 435 donecreniat,
910 382 973 424 cum
990 376 1015 456 fl
1032 352 1448 430 cumcxurpcrenthomincsin
1458 355 1824 430 nonsortcmoosdcplutis·

176 471 230 528 crit
244 466 388 537 unicuique
412 464 470 521 laus
490 464 587 522 abeo.
611 461 724 528 Videtis,
748 461 856 526 iratres,
869 463 970 532 quanta
1032 454 1095 510 sent
1105 465 1165 507 nos.
1181 447 1343 504 tonantem
1351 444 1539 516 pertransivit
1548 444 1647 500 animo
1656 450 1825 519 nostrnffon

176 567 217 616 est
245 555 335 614 unitas
353 552 565 624 Scripturarum,
594 567 675 624 quam
704 564 759 607 uno
788 563 870 605 seusu
888 557 917 600 et
931 547 970 601 eis
1023 534 1529 612 ntortpcrtransissetnnimcuostrc
1544 550 1649 606 equom
1664 536 1829 594 intolerabi-

176 646 238 702 dem
250 657 319 715 pene
330 641 420 698 verbis
435 639 470 696 de
484 638 647 697 beatitudine
656 640 800 711 loquantur
810 637 969 693 animarum.
1025 630 1097 696 lam,·
1108 624 1264 683 etaddunt:
1278 622 1444 681 Benedictus
1455 624 1601 690 Dominus,
1612 625 1660 697 qui
1678 625 1825 683 nondcdit

213 737 239 789 s.
255 733 313 788 lam
328 745 392 787 vero
407 745 487 786 nemo
508 746 540 786 ex
559 727 636 784 nobis
650 743 759 800 parvam
778 725 896 797 aliquam
924 739 970 780 re·
1023 719 1115 776 notin
1125 716 1284 788 ceptionem
1295 710 1427 770 dentibus
1437 713 1742 782 corum(l'snl.cxxu1,
1753 713 1823 785 ts).

177 823 336 896 quiem,aut
351 819 468 876 laetitiam
488 818 760 888 auspicetureorum,
775 815 822 889 qui
837 816 870 870 ab
898 813 972 870 omni
1024 806 1125 862 Sedet
1148 804 1312 874 verbaque
1339 803 1395 871 jam
1419 808 1540 873 ternpore
1568 817 1625 860 sate
1649 802 1825 860 resolutionis

175 911 288 984 penitus
319 906 443 965 m'olestia
468 907 545 964 liberi
573 908 722 978 recogitant
749 920 835 963 annos
862 918 925 960 suos
943 901 971 955 in
1023 897 1144 951 instante
1167 891 1328 966 loquebatur
1351 890 1509 962 Apostolus,
1533 890 1569 945 de
1593 906 1627 946 eo
1641 889 1669 946 in
1684 906 1740 963 quo
1754 907 1827 948 nunc

176 999 321 1058 dulcedine
335 1000 522 1065 animaesuae3
543 999 667 1054 laetantur
683 1012 733 1069 pro
752 996 849 1052 diebus
873 992 971 1066 quibua
1025 984 1139 1041 feliciter
1167 979 1315 1055 requiescit
1342 988 1414 1036 statu
1438 988 1611 1051 presumpta,
1641 980 1773 1038 videntur
1801 989 1828 1037 et

176 1089 308 1148 humiliati
332 1094 406 1153 sunt,
429 1088 507 1143 annis
529 1088 631 1161 quibua
648 1086 775 1144 uiderunt
795 1083 881 1150 mala,
908 1097 970 1138 eum
1025 1073 1136 1130 nancei
1159 1071 1242 1128 multo
1261 1068 1362 1125 melius
1385 1070 1556 1126 convenire:
1579 1085 1652 1125 nunc
1674 1069 1747 1125 enim
1769 1069 1828 1143 jam

174 1177 296 1252 jucunda
317 1175 498 1232 admiratione
527 1184 555 1231 et
587 1174 654 1230 mira
684 1172 853 1244 jucunditate
880 1169 971 1225 cousi·
1025 1177 1120 1217 secum
1140 1161 1280 1233 loquitur:
1299 1159 1560 1216 Bonumcertomen
1577 1160 1828 1228 certantem-sum

176 1264 405 1337 derantperieula
421 1279 481 1336 quae
501 1270 656 1327 eraserunt,
679 1261 787 1319 labores
814 1274 882 1334 quos
906 1273 971 1329 per-
1025 1251 1230 1313 consummaui,
1245 1248 1330 1318 fidem
1353 1248 1463 1303 tertavi
1483 1264 1493 1302 ι·
1516 1247 1549 1303 dt
1572 1249 1679 1321 reliquo
1703 1248 1828 1321 rtpoailo

176 1354 305 1418 tulerunt,
347 1352 494 1408 certamina
534 1367 596 1424 quae
635 1352 772 1416 vicerunt;
796 1355 824 1403 et
851 1362 900 1419 pro
929 1347 973 1401 his
1026 1344 1068 1397 est
1081 1339 1152 1395 mihi
1167 1354 1270 1396 corono
1279 1339 1416 1408 justitie,
1431 1351 1515 1408 quom
1529 1335 1627 1393 reddet
1640 1337 1714 1393 mihi
1727 1337 1828 1394 Domi-

176 1442 302 1501 omnibus
330 1452 403 1498 certa
434 1453 461 1497 et
483 1442 634 1497 indubitata
653 1439 705 1496 lide
731 1443 886 1508 exspectant
909 1437 972 1491 bea·
1025 1446 1081 1487 nus
1096 1431 1128 1484 in
1142 1429 1227 1485 illum
1242 1428 1315 1484 diem
1325 1426 1423 1498 iustus
1438 1424 1530 1497 judee
1543 1422 1584 1497 (ll
1598 1425 1667 1482 Tim.
1684 1441 1724 1494 tv,
1739 1427 1769 1498 t,
1787 1426 1828 1498 8).

178 1540 232 1590 ram
246 1529 630 1603 apem‚0tadvenrumgtoriae
643 1527 798 1600 magninet
813 1533 840 1583 et
853 1525 973 1584 salrato-
1026 1519 1090 1574 llaec
1103 1524 1177 1582 suat,
1191 1515 1253 1571 dico
1268 1513 1355 1581 uobis,
1372 1515 1476 1579 tratres,
1501 1514 1560 1569 hec
1582 1514 1663 1570 modo
1683 1521 1747 1570 sunt
1761 1516 1829 1571 uni-

177 1621 216 1678 ris
230 1621 283 1685 aui,
298 1619 344 1689 qui
359 1618 529 1675 resuscitabit
539 1626 566 1674 et
581 1616 969 1687 reiormabitcorporaeorum,
1026 1622 1105 1662 versa
1131 1613 1286 1661 sanctorum
1312 1600 1433 1676 negotio,
1458 1601 1503 1657 hit
1524 1603 1619 1668 cibus,
1644 1603 1688 1658 hit
1713 1618 1829 1661 domnus

176 1706 343 1781 configurata
359 1705 462 1780 proprii
476 1704 598 1777 corporis
612 1703 738 1762 claritati.
988 1657 1010 1737 Β
1025 1710 1120 1752 eorum
1137 1712 1144 1751 ζ
1158 1700 1185 1750 et
1198 1700 1341 1766 propterea
1360 1687 1471 1746 Ιθθθ
1485 1688 1569 1746 voluit
1582 1690 1702 1763 Spiritus
1715 1703 1829 1750 sanctus

213 1801 240 1854 6,
263 1795 369 1866 Quanta
388 1805 430 1852 est
450 1795 566 1851 felicitas
592 1810 700 1862 eorum,
730 1811 812 1868 quam
840 1794 971 1850 immensa
1025 1783 1108 1840 scribi
1123 1783 1204 1838 vetblt
1219 1798 1250 1837 etl
1275 1795 1335 1850 quae
1352 1779 1524 1850 protulimus,
1541 1790 1694 1852 caelel'flqtte
1714 1779 1828 1851 Similia,

178 1883 289 1944 territat
305 1884 352 1954 qui
374 1884 501 1940 nimirum
522 1882 620 1954 triplici
643 1883 754 1957 gaudio,
782 1883 814 1939 de
842 1881 972 1938 recorda.
1027 1881 1058 1928 ut
1070 1888 1105 1928 ex
1113 1870 1155 1926 his
1164 1870 1333 1942 aliquatenus
1342 1869 1525 1925 innotesceret
1534 1868 1613 1924 nobis
1626 1875 1711 1925 status
1721 1884 1828 1925 eorum.

178 1975 251 2035 tione
266 1982 406 2030 transactae
428 1972 546 2039 virtutis,
576 1973 611 2029 de
637 1971 802 2028 exhibitione
830 1970 973 2042 praesentis
1064 1965 1089 2015 8·
1107 1962 1201 2032 Longe
1224 1958 1302 2013 aliter
1325 1965 1416 2012 umen
1440 1954 1597 2011 afficiuntur
1619 1956 1648 2012 5¹1
1670 1956 1829 2027 huiusmtdi

178 2064 286 2138 qnietis,
306 2061 341 2119 de
362 2068 436 2118 certa
456 2059 657 2133 exspectatione
676 2059 775 2118 future
798 2074 973 2115 consumma·
1028 2047 1257 2116 meditationibus,
1279 2053 1306 2102 ⁸²
1328 2044 1414 2101 m1¹¹¹0
1428 2044 1731 2116 flmltfiffidelfflltsslub
1746 2061 1828 2117 (lum

178 2154 260 2211 tionis
274 2150 419 2208 exsultant.
435 2151 504 2206 Nam
523 2151 557 2205 de
572 2149 718 2206 iuturailla
742 2149 974 2205 consummatione
1028 2141 1123 2194 nostra
1149 2145 1195 2192 tul
1224 2135 1352 2205 0⁰til³li0
1379 2149 1494 2204 callere,
1520 2140 1566 2189 aul
1588 2133 1724 2205 explicare
1747 2143 1829 2206 (tutat

179 2242 310 2298 habemus
324 2255 417 2297 norem
432 2253 529 2295 eorum
542 2237 570 2291 in
589 2236 642 2292 fiae
655 2237 716 2308 rjus
733 2235 841 2306 psalmi,
858 2235 892 2290 de
919 2250 974 2304 qno
1028 2230 1124 2288 oratio.
1149 2227 1221 2283 Audi
1245 2226 1317 2282 euim
1337 2225 1475 2297 quomodo
1501 2224 1606 2280 laborat
1628 2225 1763 2296 propbeta
1784 2224 1829 2279 in·

179 2329 303 2399 superius
317 2329 504 2400 loquebamur.
519 2325 619 2383 Dicunt
639 2326 711 2381 euim
734 2324 847 2397 singulm
866 2323 973 2394 animae,
1029 2318 1149 2383 calcans,
1165 2324 1194 2370 et
1216 2313 1399 2383 multiplicans
1413 2312 1507 2380 verba,
1524 2328 1575 2369 aec
1589 2320 1679 2369 tamen
1692 2313 1732 2368 sio
1745 2311 1829 2382 digne

180 2418 450 2493 quibusjamdatum
465 2425 506 2472 est
524 2416 642 2471 adhaec
666 2415 786 2486 requiem
808 2413 973 2482 pervenire:
1029 2404 1206 2479 magnificare
1234 2403 1327 2459 velens
1356 2402 1429 2473 quod
1451 2401 1576 2460 intendit.
1593 2403 1681 2472 mmm
1704 2420 1828 2476 maqnc,

180 2511 213 2566 ln
225 2522 294 2580 pecc
308 2508 340 2562 in
354 2506 481 2578 idipsum
495 2505 637 2563 dormiam
651 2507 680 2560 ct
699 2506 893 2575 requiescom;
908 2521 976 2576 quc·
1028 2495 1125 2567 iuquit,
1149 2493 1307 2552 multitudo
1330 2491 1487 2549 dulcedinis
1509 2495 1576 2560 tuce,
1601 2492 1730 2561 Domine,
1742 2509 1831 2566 quom

179 2599 260 2653 niam
268 2595 631 2664 tu,llominc,sinpuloriter
641 2595 728 2664 inape
736 2592 913 2650 constituisti
922 2607 976 2648 aaa.
1029 2584 1203 2642 abscondisti
1231 2581 1398 2639 tementibus
1425 2581 1473 2637 te!
1494 2580 1564 2651 Quid
1589 2589 1683 2638 umen
1707 2582 1832 2640 addidit?

181 2683 369 2757 singulariter,
384 2682 505 2754 inquam,
520 2681 549 2737 in
562 2695 620 2752 spe,
631 2695 685 2736 non
702 2681 759 2751 jam
773 2679 844 2735 inter
857 2695 936 2751 spem
950 2688 977 2734 ct
1029 2673 1189 2747 Perfecisti,
1199 2673 1294 2745 inquit,
1306 2675 1346 2729 cis
1357 2673 1406 2745 qui
1420 2676 1537 2744 sperant
1550 2672 1581 2727 in
1593 2672 1669 2739 inin
1679 2678 1831 2746 conspeetu

181 2786 292 2837 metum,
307 2770 353 2827 nbi
368 2768 444 2841 prius
460 2785 513 2827 non
525 2767 582 2824 sine
596 2765 780 2824 sollicitudine
801 2778 828 2824 et
842 2767 977 2824 anxietme
1030 2765 1155 2835 filiorum
1171 2764 1318 2820 hominum
1332 2761 1420 2833 (1)εαὶ.
1436 2775 1507 2827 xxx,
1520 2762 1574 2829 tto).
1591 2761 1640 2817 Eat
1653 2773 1721 2832 ergo
1734 2760 1831 2816 multi-

180 2858 298 2930 plurima
319 2856 496 2915 fluctuabam.
515 2856 562 2912 Sic
573 2864 601 2911 et
626 2855 662 2911 de
677 2855 805 2924 presenti
822 2864 976 2910 sanctorum
1033 2854 1098 2910 tudo
1113 2853 1277 2919 dulcedinis,
1292 2866 1352 2920 quae
1371 2848 1530 2906 abscondita
1544 2858 1594 2917 eat,
1609 2864 1707 2923 tneque
1720 2848 1832 2922 quidem

180 2948 275 3021 requie
284 2949 415 3003 habemus
426 2946 453 3002 in
460 2945 513 3000 alio
523 2945 627 3016 psalmo
641 2944 770 3015 scriptum
781 2960 787 3001 :
800 2945 975 3009 Convertere,
992 2940 1015 3019 c
1030 2952 1057 2999 et
1071 2956 1171 3014 magna
1194 2941 1282 3009 ualde,
1299 2940 1414 2997 necdum
1438 2946 1527 2995 tamen
1544 2939 1673 3011 perlecta;
1698 2941 1832 3011 quoniam

180 3039 362 3102 animcmcn,
379 3038 410 3092 in
424 3036 549 3109 requiam
565 3039 655 3100 tunm,
670 3036 738 3107 quin
748 3035 883 3090 Dominus
901 3033 977 3090 benc
1031 3032 1059 3087 in
1073 3029 1218 3087 manifesto
1233 3029 1398 3101 perficietur,
1419 3044 1474 3085 non
1492 3029 1521 3084 in
1534 3027 1704 3094 abscondito,
1719 3030 1833 3100 quaudo

180 3130 249 3198 sccii
276 3126 338 3183 tihi.
368 3125 451 3194 Bene,
474 3125 594 3197 inquam,
615 3122 688 3189 iecit,
709 3120 835 3197 quamvis
862 3121 975 3178 nemum
1031 3136 1086 3176 nou
1102 3119 1153 3175 sub
1168 3118 1245 3174 altari
1261 3118 1434 3188 requiescent
1447 3117 1605 3184 sancti,sed
1619 3133 1700 3191 super
1713 3118 1832 3174 thronos

182 3213 593 3286 optimelleniqucandiquam
607 3212 694 3268 bene:
708 3213 778 3282 Quin
792 3213 977 3285 cripuitam'·
1032 3218 1160 3279 tanquam
1188 3209 1295 3280 iudices
1332 3208 1497 3264 residebunt.
1540 3208 1581 3263 ld
1611 3207 1732 3278 requiem
1759 3208 1833 3264 enim

181 3321 258 3360 annm
271 3303 515 3367 menmdcmortc,
527 3300 977 3373 oculosmcosolocrymis,pedcs
1030 3308 1119 3355 exutae
1137 3314 1152 3352 a
1175 3297 1336 3365 corporibus
1358 3297 1456 3352 animae
1473 3303 1574 3351 sancte
1587 3300 1713 3368 protinus
1731 3296 1832 3352 admit-

180 3408 256 3450 mcos
279 3391 394 3462 elapsu
408 3392 493 3461 (Psoi.
513 3405 587 3458 cxrv,
607 3392 635 3460 ’1,
656 3390 684 3460 8)
702 3388 754 3444 :id
772 3399 812 3444 est
831 3405 847 3444 a
870 3397 978 3461 peccato
1032 3394 1141 3455 tuntur;
1165 3387 1199 3441 ad
1221 3388 1330 3458 plenam
1354 3393 1445 3441 autem
1469 3383 1583 3457 gloriam
1607 3385 1684 3457 regni
1705 3400 1760 3441 non
1783 3385 1830 3440 ita.

182 3478 256 3534 omni
270 3485 321 3534 eta
335 3477 439 3549 peccati
458 3492 549 3548 poena,
568 3492 584 3531 a
599 3476 693 3532 timore
707 3493 814 3548 quoque
835 3484 861 3531 et
888 3493 904 3530 a
926 3493 977 3546 pe·
1031 3479 1070 3534 lle
1083 3481 1248 3551 conspectant
1258 3478 1343 3548 justi,
1364 3476 1403 3530 ait
1423 3472 1568 3546 Propheta,
1583 3490 1645 3532 cum
1659 3474 1750 3531 adhuc
1765 3474 1833 3530 deti·

182 3568 268 3625 riculo
282 3566 420 3625 recidendi
434 3565 543 3636 penitus
564 3565 694 3622 liberavit
721 3566 777 3621 lloc
803 3577 843 3623 est
871 3566 977 3622 suavis·
1030 3576 1139 3621 noratur
1154 3564 1181 3619 in
1195 3565 1320 3621 custodia
1340 3564 1464 3635 corporis
1478 3564 1572 3633 hujns,
1587 3563 1675 3620 donec
1690 3564 1832 3621 remitum

182 3657 281 3713 simum
294 3656 393 3711 enimse
411 3663 535 3723 stratum,
564 3652 638 3726 quod
658 3651 741 3708 nullis
759 3653 817 3722 jam
837 3653 906 3709 lavet
933 3663 980 3711 aut
1030 3652 1102 3710 mihi
1120 3653 1207 3721 (Ptol.
1223 3667 1298 3716 exat,
1315 3653 1353 3719 8).
1376 3652 1408 3707 lit
1421 3667 1474 3707 nox
1488 3651 1582 3707 diviua
1597 3651 1629 3706 ad
1644 3651 1750 3707 animas
1767 3667 1834 3706 san·

182 3747 251 3820 riget
278 3744 413 3814 lacrymis,
443 3742 552 3816 quando
580 3743 718 3815 absterget
754 3743 829 3798 Deus
870 3757 978 3799 omnem
1031 3751 1088 3797 ctas
1111 3755 1257 3812 corporum
1281 3755 1391 3796 suorum
1414 3739 1641 3796 resurrectionem
1663 3739 1830 3814 flagitantes.

182 3835 330 3906 lacrymam
345 3832 571 3904 aboculisejus.
595 3829 770 3898 Hoocubile,
791 3830 893 3901 inquo
922 3835 979 3904 jam
1032 3830 1178 3888 Sentinate
1191 3829 1335 3886 modicum
1347 3831 1557 3903 tempestiuum
1566 3831 1724 3902 impleatur
1733 3846 1834 3887 numa·

93 3968 96 3975 .
184 3937 239 3979 non
258 3921 463 3993 compungitur,
479 3936 527 3976 nec
541 3920 706 3977 convertitur
729 3921 756 3976 in
780 3935 901 3977 erumna
920 3937 978 3987 sua,
1032 3935 1082 3977 rats
1104 3922 1232 3990 fratrum
1256 3923 1413 3975 cuborum
1435 3919 1528 3991 (Apoc.
1553 3932 1593 3986 vr,
1618 3918 1673 3990 tt).
1698 3916 1752 3973 Sed
1776 3919 1834 3988 iam

183 4010 249 4066 dum
277 4007 422 4079 configitur
450 4008 538 4079 spina.
561 4008 635 4064 Exiit
665 4008 737 4065 euim
765 4009 801 4065 de
831 4016 902 4064 terra
923 4009 977 4078 illa,
1032 4022 1122 4063 sermo
1138 4005 1305 4063 claudendus
1320 4017 1387 4064 est:
1413 4015 1512 4063 vocant
1533 4008 1606 4063 enim
1619 4022 1671 4063 nos
1685 4006 1833 4063 mmmmm

183 4115 245 4173 qne
268 4097 362 4168 spinas
381 4097 407 4152 ei
433 4103 460 4151 et
486 4096 603 4153 tribulos
616 4096 796 4168 germinabat.
820 4097 877 4152 Hoc
901 4098 981 4169 plane
1032 4096 1121 4152 adhuc
1157 4095 1319 4152 celebranda
1356 4094 1497 4153 solemnia.
1533 4095 1612 4169 Quod
1649 4111 1716 4169 ergo
1749 4106 1834 4153 restat

148 4201 155 4209 ·
186 4195 297 4244 stratum
310 4185 418 4252 animae,
432 4185 504 4258 quod
529 4184 639 4242 minime
663 4187 720 4256 J'sm
740 4197 861 4243 versatur
889 4188 916 4242 in
938 4186 979 4242 in·
1034 4186 1123 4243 adbuc
1136 4184 1168 4240 de
1182 4185 1409 4253 eademmateria,
1426 4187 1545 4242 sermoni
1560 4186 1637 4242 alteri
1651 4201 1832 4244 reservemus.

187 4275 312 4332 firmitate
332 4277 412 4345 ejt1s3
441 4273 568 4347 quoniam
598 4274 726 4331 universa
749 4290 811 4346 quse
838 4273 979 4332 iufirmita-
1345 4274 1463 4332 stulto
1479 4276 1526 4333 lll.

189 4365 225 4422 tis
238 4374 324 4431 eraut,
354 4363 454 4434 pariter
480 4362 652 4420 transierunt.
677 4363 741 4420 tloec
772 4372 823 4430 est,
857 4363 979 4435 inquam,
1039 4363 1578 4434 Quosnodonnimcescnctoecruntsine
1586 4365 1832 4439 moculcctrnpn.

186 4453 283 4510 animae
304 4451 477 4510 suavisssima
503 4459 531 4508 et
560 4452 737 4510 saluberrima
765 4452 881 4525 requies,
910 4468 981 4509 con·
1073 4457 1098 4510 t.
1114 4453 1286 4519 advertistis,
1301 4451 1354 4508 nisi
1375 4452 1463 4520 iallor,
1479 4467 1510 4510 ex
1529 4453 1647 4526 hisquae
1662 4454 1834 4526 precedente

184 4542 295 4600 menda
309 4543 419 4610 munda,
434 4541 870 4614 quieta,sccum.snergobastae
884 4543 982 4598 animae
1034 4557 1159 4600 sermone
1186 4553 1250 4600 sunt
1276 4541 1357 4609 dicta,
1384 4549 1439 4599 tres
1473 4556 1534 4599 esse
1560 4549 1714 4600 sanctmum
1749 4551 1835 4601 status

183 4632 295 4689 culcitra
303 4630 477 4688 conscientie
491 4647 549 4687 sum
566 4631 680 4703 parites,
708 4631 747 4688 sit
768 4629 879 4703 capitde
903 4642 980 4688 tran·
1034 4632 1195 4698 animarum,
1217 4630 1336 4703 primum
1362 4631 1487 4690 videlicet
1508 4631 1537 4688 in
1560 4647 1675 4702 corpora
1698 4633 1835 4705 corrupti·

183 4719 531 4792 quillitas,sitopertorium
541 4718 982 4790 einssoeuritassutiubocinte·
1034 4721 1093 4788 bili,
1122 4719 1271 4777 secundam
1298 4721 1357 4776 sine
1379 4736 1505 4792 corpore,
1529 4721 1638 4777 tertium
1662 4720 1690 4777 in
1717 4736 1835 4795 corpore

183 4809 237 4867 rim
252 4814 338 4866 strato
351 4806 681 4877 dormiatdelectabiliter,
698 4807 979 4879 ieliciterrequiescat.
1032 4811 1091 4881 jam
1105 4807 1269 4884 glorificato.
1294 4811 1414 4867 Primum
1440 4810 1469 4866 in
1497 4809 1602 4878 militia,
1626 4811 1777 4867 secundum
1807 4811 1833 4867 in

219 4897 247 4952 l.
267 4897 326 4953 lam
353 4912 420 4954 aero
434 4899 468 4954 de
492 4897 679 4954 recordatione
708 4903 848 4953 transactae
876 4897 981 4954 uirtutis
1034 4900 1137 4972 requie,
1161 4899 1271 4956 tertium
1292 4900 1322 4955 in
1345 4899 1511 4957 beatitudine
1538 4907 1747 4968 consummatur
1774 4901 1833 4974 pri·

185 4985 271 5040 babos
285 4986 313 5042 in
340 4985 442 5056 psalmo
464 4986 615 5043 canusima
636 4982 765 5043 vicesimo
789 4986 867 5042 tertio
896 4985 982 5043 mani·
1034 5005 1108 5046 mum
1123 4989 1242 5062 denique
1263 4989 1291 5046 in
1315 4989 1506 5056 tabernaculis,
1522 4990 1670 5046 meandum
1694 4989 1723 5046 iu
1747 4991 1832 5057 atriis,

184 5070 254 5128 leste
268 5075 351 5131 verba
365 5090 469 5144 eorum,
485 5091 547 5147 qum
562 5074 687 5146 superius
696 5089 804 5148 quoqne
817 5091 982 5134 commemo-
1033 5079 1142 5136 tertium
1157 5078 1184 5134 in
1195 5080 1275 5135 domo
1285 5078 1344 5134 Dei.
1357 5077 1444 5144 Quem
1454 5079 1560 5136 dilecto
1570 5077 1757 5136 tobmmoculn
1770 5083 1833 5143 tun,

183 5161 250 5218 rari.
267 5162 445 5220 Conciderant
464 5164 535 5220 enim
560 5172 588 5219 at
611 5164 696 5219 malta
722 5178 784 5221 cum
804 5165 981 5221 admiratione
1034 5170 1154 5225 Domina
1164 5167 1326 5226 uirtutum!
1341 5165 1427 5221 multo
1441 5166 1531 5238 magis
1545 5173 1637 5222 tamen
1651 5165 1720 5223 atria
1735 5181 1835 5223 coneu-

182 5250 377 5324 rerugitaut,a
401 5253 502 5323 quibus
526 5251 638 5326 laqueis,
669 5253 830 5327 quantisque
854 5255 981 5325 periculis
1034 5257 1176 5331 placibilia,
1197 5256 1347 5313 meandum
1371 5256 1444 5326 quod
1465 5256 1539 5312 addit
1564 5254 1577 5313 ι’
1598 5257 1780 5331 concupiscit
1806 5261 1834 5316 ct

182 5338 275 5397 divino
291 5342 437 5398 meruerint
453 5339 554 5398 auxilio
569 5341 688 5406 liberari,
716 5354 743 5399 et
768 5342 935 5400 exsultantes
952 5343 980 5399 in
1034 5348 1129 5418 deficit
1142 5347 1242 5405 animo
1262 5359 1326 5401 meo
1340 5345 1372 5400 in
1384 5347 1463 5403 atrio
1476 5346 1593 5405 Domini
1608 5347 1697 5416 (Pani.
1714 5361 1833 5412 uxatn,

183 5426 297 5487 homino
310 5429 406 5488 dicunt
420 5447 429 5487 ε
445 5432 505 5488 hut
519 5432 733 5504 qaiallominus
751 5437 815 5490 erat
835 5436 867 5489 in
889 5432 978 5500 nolin
1035 5438 1061 5499 t,
1075 5435 1113 5505 t).
1129 5432 1325 5506 sedquoniam
1344 5432 1373 5489 in
1394 5433 1462 5506 ipsis
1479 5447 1589 5507 quoqne
1607 5435 1685 5492 atriis
1707 5434 1833 5492 nonnul

183 5516 261 5575 dicet
272 5535 351 5577 nunc
365 5520 462 5591 lsrael,
473 5521 532 5578 nni
545 5523 829 5597 qutobominuaernt
842 5523 875 5580 in
888 5521 978 5597 nobis,
1033 5521 1085 5589 lna,
1099 5530 1131 5579 ut
1148 5521 1237 5590 audis,
1261 5520 1384 5580 delectus
1406 5530 1458 5588 est,
1483 5522 1554 5582 beati
1572 5522 1685 5582 omnmo
1707 5520 1766 5590 nui-
1781 5523 1831 5579 ba-
