3734 5948
68 264 136 324 1065
546 262 549 266 ’
687 255 861 319 θθθθθθθθ
882 255 916 318 ut
936 256 1085 318 utullus.
1640 264 1710 326 1055

65 392 136 447 enim
159 397 201 447 est
226 397 356 445 turturem
380 396 500 457 tempore
523 401 580 441 suae
599 384 747 457 viduitatis,
761 393 862 441 sanctae
877 396 901 476 Α
917 383 1028 454 (hatti.
1045 397 1085 454 ur,
1097 383 1142 447 to,
1155 384 1210 452 ιθ).
1228 384 1266 439 lta
1280 383 1339 440 ιιοιι
1350 384 1404 438 duo
1420 386 1520 458 ubique
1532 389 1644 461 pariter,
1657 404 1710 446 aox
1779 425 1782 429 -

67 478 201 536 uiduitatis
219 492 292 549 opus
316 483 424 532 strenue
446 483 525 548 atque
555 473 756 545 infatigabiliter
770 490 773 493 ·
787 489 863 530 exse·
916 479 942 526 et
960 470 1079 543 signum,
1096 471 1130 526 ad
1145 471 1363 528 introducendam
1376 471 1460 528 fidem
1473 489 1505 529 ex
1521 475 1611 531 diuina
1625 477 1710 550 largi·

65 576 199 637 quantem.
217 557 320 621 Videas
330 563 431 636 ubique
445 561 622 636 singularem,
638 562 738 635 ubique
751 577 863 635 gemeu-
917 568 971 616 tate
989 568 1155 617 concurrunt
1170 579 1176 615 :
1194 570 1223 617 ut
1242 562 1311 617 latus
1329 562 1364 618 ad
1383 562 1499 618 auinram
1519 579 1567 634 per
1581 571 1710 638 utrasque

66 665 117 712 tem
133 654 225 710 audias
238 670 244 720 ;
260 667 310 707 nec
325 667 444 723 unquam
456 651 484 705 in
499 651 580 706 uiridi
601 665 678 707 ramo
697 650 863 708 residentem
917 650 1045 706 fenestras
1060 651 1198 724 ingressus
1213 654 1303 720 pateat
1315 652 1433 708 ueritati.

66 743 225 814 prospicies,
240 750 269 797 nt
295 750 321 795 tu
345 743 379 796 ab
397 755 430 796 eo
454 738 540 795 discas
562 739 729 810 uoluptatum
750 739 863 795 virentia
954 739 995 792 tu.
1013 737 1140 808 Sequitur
1158 757 1165 791 ι
1183 740 1265 795 Ficus
1287 741 1408 810 protulit
1429 756 1537 812 pressos
1557 758 1631 799 suos.
1646 742 1707 798 Non

67 830 197 887 virulenta
211 830 305 885 uitare.
323 829 399 883 Adde
419 827 492 899 quod
514 828 539 882 in
553 827 628 902 jugis
642 829 771 885 montium
790 837 816 882 et
835 827 863 883 in
916 827 1090 882 comedamus
1103 842 1135 882 ex
1158 827 1198 882 eis
1218 846 1224 883 1
1244 843 1294 882 nec
1309 829 1380 882 enim
1398 829 1454 885 esui
1476 831 1579 885 habiles
1596 838 1659 885 sunl
1677 832 1713 887 ob

64 917 264 974 summitatibus
285 918 412 973 arborum
442 917 606 987 frequentior
629 915 666 969 illi
693 915 863 972 conuersatio
917 916 1135 971 immaturitatem
1151 918 1201 972 sui.
1213 917 1345 972 Bouarum
1357 917 1455 972 ficuum
1471 919 1567 975 habent
1581 920 1710 989 speciem,

64 1017 122 1062 est:
140 1015 178 1074 ut,
195 1006 269 1079 quod
284 1007 326 1061 uel
343 1007 458 1062 maxime
476 1007 644 1078 propositum
659 1005 805 1076 pudicitiae,
816 1006 864 1060 de-
917 1005 964 1060 sed
988 1002 1200 1069 similitudinem,
1226 1019 1280 1060 non
1301 1021 1437 1075 saporem,
1459 1007 1527 1062 forte
1558 1008 1714 1079 hypocritas

65 1107 116 1159 cet,
130 1095 225 1152 doceat
248 1111 299 1151 nos
322 1103 429 1151 terrena
451 1094 601 1165 despicere,
622 1101 649 1148 et
668 1110 759 1151 amare
777 1094 863 1150 coele-
917 1092 1102 1163 designantes.
1118 1094 1178 1148 Nou
1200 1093 1358 1161 abjiciamus
1391 1097 1573 1158 tamenafias
1602 1094 1713 1152 forsitan

65 1182 126 1239 stia.
918 1181 960 1237 bis
974 1196 1043 1252 opus
1053 1181 1223 1238 habebimus.
1235 1182 1363 1254 Alioquin
1378 1185 1442 1238 satis
1453 1201 1500 1255 per
1514 1201 1543 1240 se
1557 1185 1632 1256 ipsos
1646 1185 1714 1242 levi-

102 1274 129 1328 8.
146 1270 184 1325 Ex
209 1269 309 1342 quibus
331 1269 481 1343 colligitur,
507 1270 579 1341 quod
610 1285 662 1327 uox
690 1268 724 1324 sit
752 1269 864 1324 turturis
919 1275 1092 1336 tractante
1112 1277 1217 1338 tempus
1238 1271 1346 1337 cadent,
1362 1271 1429 1327 sicut
1453 1271 1546 1326 fenum
1572 1281 1713 1338 tectorum,

65 1359 146 1413 etiam
169 1357 323 1428 pradicatio
336 1358 478 1414 castitatis.
494 1359 589 1428 Neque
604 1358 676 1415 enirn
696 1373 713 1412 a
732 1357 864 1427 principio
919 1356 991 1428 quod
1007 1357 1164 1429 priusquam
1179 1356 1306 1414 evellatur
1319 1359 1422 1415 exaruit
1436 1360 1522 1432 (Psoi.
1532 1376 1649 1426 uxxvru,
1661 1364 1689 1433 6)
1700 1363 1711 1415 ':

65 1461 117 1503 vox
141 1445 190 1500 ista
214 1444 242 1500 in
264 1446 345 1503 terris
362 1446 453 1502 audita
468 1445 526 1515 fuit,
544 1446 591 1502 sed
608 1445 696 1517 magis
710 1446 753 1501 illa
770 1462 777 1502 :
797 1446 864 1502 Cre·
918 1447 990 1521 quod
1006 1461 1039 1502 co
1056 1446 1091 1501 de
1111 1447 1259 1518 hypocritis
1278 1446 1379 1504 dictum
1395 1464 1466 1505 reor.
1482 1451 1543 1505 Non
1556 1451 1614 1505 siue
1632 1465 1715 1506 causa

65 1538 145 1601 scite,
160 1539 189 1590 cf
204 1536 452 1607 multiplicamini,
469 1543 495 1593 ct
509 1536 615 1608 replete
630 1539 737 1592 ferram
751 1533 830 1606 (Ge-u.
846 1550 866 1619 r,
922 1544 1009 1591 tamen
1034 1535 1061 1589 in
1084 1536 1203 1591 carmine
1222 1537 1333 1605 nuptiali
1347 1552 1439 1594 eorum
1458 1538 1560 1594 mentio
1582 1540 1649 1595 facta
1663 1551 1712 1596 est.

65 1624 122 1694 28).
141 1624 281 1681 lucassnm
295 1624 417 1696 profecto
431 1638 486 1681 uox
501 1624 546 1681 illa
569 1623 705 1697 pudicitiae
719 1623 863 1689 sonuisset,
921 1623 1006 1678 Erunt
1028 1622 1085 1678 sino
1104 1621 1198 1689 dubio,
1212 1623 1263 1678 etsi
1277 1639 1330 1678 nou
1354 1624 1424 1690 esui,
1440 1625 1501 1681 usui
1520 1626 1713 1699 qualicunque.

65 1710 180 1768 necdum
195 1712 336 1783 propalata
346 1712 546 1783 resurgentium
560 1712 647 1784 patria
658 1731 665 1763 ι
676 1712 703 1766 in
717 1726 769 1783 qua
784 1711 865 1783 longa
919 1711 999 1766 liulta
1008 1710 1034 1764 in
1045 1710 1147 1782 nuptiis
1159 1721 1256 1780 praeter
1265 1713 1349 1783 dapes
1360 1715 1510 1771 necessarie
1524 1724 1712 1786 procurantur.

66 1797 173 1855 felicius
187 1797 313 1854 homines
327 1814 415 1871 neque
430 1800 540 1865 nubent,
554 1814 640 1872 neque
655 1801 801 1864 nubentur,
816 1797 865 1856 sed
919 1800 979 1871 Ego
1002 1814 1067 1855 sero
1090 1800 1159 1854 istud
1184 1799 1252 1855 adeo
1277 1801 1386 1856 minime
1412 1806 1629 1873 pratereundum
1652 1805 1713 1862 exi·

65 1893 130 1942 sunt
144 1887 213 1944 sicut
226 1886 316 1959 angeli
331 1888 381 1943 Dei
393 1890 419 1943 in
429 1888 591 1958 coeHsfluc.
603 1904 654 1952 xx,
665 1891 710 1953 35,
724 1888 779 1958 36).
790 1888 866 1944 Τοοο
919 1888 1009 1956 οιὶιοο,
1025 1894 1055 1941 ut
1077 1885 1206 1958 quidquid
1226 1886 1291 1942 illud
1314 1897 1365 1953 est,
1380 1886 1451 1944 inter
1469 1891 1606 1963 angustias
1621 1901 1714 1948 extra-

67 1974 127 2031 roci
149 1974 189 2029 illi
213 1981 321 2044 tempus
344 1975 428 2031 luisse
453 1982 517 2033 tuuc
538 1975 622 2042 dicas,
637 1991 699 2032 cum
723 1975 866 2033 maledictu
920 1975 1039 2032 mitatum
1055 1974 1186 2032 sermonis
1200 1977 1282 2046 hujus
1295 1977 1430 2033 discutere
1445 1977 1542 2045 nolim;
1555 1980 1601 2034 sed
1618 1979 1715 2037 differo

65 2062 157 2120 omnis
180 2063 339 2132 subjacebat
359 2064 458 2120 sterilis
479 2064 508 2120 in
525 2064 616 2130 lsrael,
631 2080 690 2120 cum
707 2063 867 2121 Patriarcbae
921 2066 947 2120 in
962 2064 1036 2121 diem
1050 2064 1177 2129 alterum,
1193 2072 1221 2121 et
1234 2066 1329 2121 horam
1350 2066 1512 2123 liberiorem.
1529 2069 1571 2123 bn
1587 2083 1651 2125 vero
1663 2085 1715 2125 ne-

66 2151 120 2223 ipsi
135 2151 226 2220 plures
241 2152 319 2207 simul
333 2151 470 2209 habebant
483 2168 664 2224 morcarum
678 2154 762 2212 frater
776 2152 867 2210 fratris
920 2155 1047 2225 cessarie,
1066 2153 1142 2210 uobis
1169 2162 1231 2209 tuuc
1255 2152 1371 2224 experiri
1399 2155 1511 2212 licebit:
1528 2165 1629 2213 tantum
1650 2156 1716 2212 mihi

66 2240 171 2312 absque
185 2239 280 2297 liberis
293 2240 415 2299 defuncti
429 2258 521 2299 semen
534 2242 667 2300 suscitare
675 2258 712 2298 ex
725 2242 787 2316 legs
797 2258 868 2299 rom·
921 2242 1149 2314 opportunitatem
1168 2241 1375 2314 facultatemque
1398 2243 1536 2300 obtineant
1550 2254 1612 2303 rota
1625 2252 1717 2303 restra

68 2327 243 2401 pellebatur?
257 2331 301 2395 nt,
318 2329 364 2386 ubi
386 2329 505 2387 insonuit
518 2346 552 2387 ex
566 2346 614 2386 ore
627 2330 744 2388 coelestis
758 2329 869 2387 turturis
921 2331 955 2386 ad
980 2329 1171 2400 proferendum
1194 2329 1266 2402 quod
1291 2332 1389 2399 sentio,
1406 2331 1433 2386 in
1457 2342 1572 2388 vestram
1597 2333 1717 2405 ipsorum
1813 2314 1821 2327 ⁸

67 2417 266 2475 commendatio
290 2418 335 2474 illa
360 2418 526 2490 spadonum,
555 2418 601 2491 qui
628 2436 659 2477 se
685 2427 869 2476 castraverunt
921 2417 1138 2486 aedifxcatinnem,
1148 2418 1175 2472 in
1191 2419 1296 2474 laudem
1310 2428 1338 2475 et
1351 2419 1465 2491 gloriam
1480 2422 1574 2491 sponsi
1590 2422 1717 2478 Ecclesiae

68 2513 313 2580 propterregnum
327 2505 377 2562 Dei
392 2506 503 2577 (haiil.
521 2522 581 2578 xix,
600 2507 660 2580 lfl);
677 2507 784 2565 etitem
798 2506 868 2564 alte-
921 2508 984 2563 lesu
1000 2506 1099 2562 Christi
1121 2506 1229 2562 Domini
1246 2505 1293 2578 qui
1314 2515 1356 2562 est
1376 2525 1458 2578 super
1481 2511 1571 2564 omnia
1587 2512 1719 2566 lleusbe·
1813 2520 1816 2525 '

69 2595 127 2652 rins
141 2596 265 2665 eiusdem
279 2595 437 2651 castissimae
451 2597 564 2652 turturis
577 2596 720 2653 consilium
734 2597 768 2654 de
782 2598 868 2669 uirgi-
922 2595 1046 2650 nedictus
1062 2594 1090 2648 in
1103 2594 1212 2650 saecula,
1228 2594 1327 2650 Anien.

69 2683 151 2738 nibus
169 2683 269 2755 ubique
285 2683 400 2740 invaluit
414 2684 442 2754 (f
455 2685 515 2743 Cor.
532 2700 581 2751 ιιι,
595 2684 653 2754 ab),
670 2691 733 2740 tunc
752 2683 869 2756 primum
1225 2701 1344 2758 gssngq)
1361 2703 1415 2757 gx,

68 2770 123 2827 dici
146 2773 280 2829 ueraciter
304 2775 401 2843 potuit,
416 2771 478 2844 quia
503 2789 558 2830 voc
576 2775 700 2830 turtinis
715 2772 813 2830 andita
827 2776 870 2830 cst
925 2793 964 2848 ῃ,
985 2790 1190 2848 ,mansitare
1213 2790 1385 2863 Jggoemm,
1402 2807 1486 2864 quam
1509 2793 1721 2884 compugerunt

70 2864 102 2917 in
122 2863 324 2919 fenenestras.
960 2877 1123 2919 mensuram
1137 2866 1255 2934 patrum
1266 2877 1384 2919 suorum
1397 2863 1547 2921 occidendo
1563 2863 1719 2921 christum.

107 2951 135 3005 9.
150 2948 234 3024 Ergo,
250 2949 274 3004 si
287 2949 314 3004 in
331 2959 402 3006 terra
416 2957 508 3008 nostra
526 2957 555 3006 et
576 2950 658 3008 flores
678 2960 870 3023 apparuerunt,
886 2936 909 3015 0
960 2954 986 3006 l.
1002 2953 1085 3007 Ficus
1097 2953 1220 3024 protulit
1234 2965 1340 3021 pressos
1352 2967 1417 3008 suos
1427 2951 1551 3022 (Cautio.
1563 2966 1594 3020 ιι,
1610 2953 1665 3022 ts).
1680 2953 1721 3008 Ex

71 3045 99 3095 et
122 3053 177 3095 vox
201 3037 314 3094 turturis
337 3039 428 3094 audita
447 3047 505 3108 est3
521 3038 642 3111 profecto
657 3039 757 3096 etuisu
771 3038 872 3098 ueritas
925 3039 1112 3112 superioribus
1136 3037 1235 3110 pendet
1263 3053 1383 3110 praesens
1403 3039 1488 3095 locus.
1508 3038 1617 3094 Dixerat
1647 3040 1721 3095 enim

70 3134 208 3198 comperta
230 3137 279 3193 est,
303 3134 330 3182 et
352 3128 455 3184 auditu,
473 3128 531 3183 Vox
559 3129 660 3201 quippe
687 3127 805 3197 auditur,
821 3127 873 3186 ssus
926 3136 1033 3199 tempus
1053 3126 1199 3199 putationis
1222 3126 1339 3195 venisse,
1355 3133 1408 3181 taor
1423 3142 1455 3181 ex
1474 3124 1587 3183 floribus
1605 3127 1652 3201 qui
1663 3128 1722 3198 jam
1758 3118 1764 3130 ’

71 3215 200 3271 cernitur.
217 3216 278 3271 Ftos
297 3215 458 3272 miraculum
472 3225 523 3288 est,
540 3226 568 3271 ut
582 3225 675 3273 nostra
689 3216 814 3288 superior
827 3215 871 3271 in·
925 3214 1100 3286 apparebant,
1116 3229 1197 3287 quam
1210 3231 1243 3270 ex
1257 3214 1349 3270 audita
1362 3204 1472 3270 turturis
1490 3228 1559 3271 voce
1576 3215 1629 3272 hoc
1643 3230 1721 3272 asse-

73 3305 231 3374 terpretatio
247 3304 337 3369 habet,
353 3307 424 3375 quod
448 3304 508 3359 voci
530 3305 660 3361 accedens
675 3304 792 3360 fructum
807 3320 871 3375 par·
926 3320 999 3361 rens.
1013 3304 1044 3359 ld
1071 3305 1160 3376 ipsum
1186 3304 1274 3361 adhuc
1302 3320 1336 3361 ex
1359 3319 1518 3378 grossorum
1544 3305 1722 3376 productione

73 3390 138 3446 turit
162 3390 237 3447 fidei.
254 3393 312 3447 Etsi
332 3392 400 3447 tides
418 3391 569 3460 exauditu,
585 3394 633 3448 sed
647 3409 680 3448 ex
695 3393 755 3450 risu
769 3392 872 3450 coufir-
926 3391 1056 3458 affirmem
1072 3394 1206 3464 quianon
1228 3394 1315 3449 solum
1333 3409 1367 3449 ex
1385 3392 1497 3452 floribus
1512 3400 1540 3449 et
1553 3407 1619 3450 uoce
1635 3401 1724 3452 turtu-

72 3479 156 3535 matio
180 3487 228 3534 est.
255 3479 352 3535 Sonuit
369 3495 431 3548 uox,
446 3478 581 3550 splenduit
594 3480 656 3545 flos,
671 3489 700 3537 et
723 3481 825 3538 ueritas
839 3483 873 3538 de
925 3483 963 3538 ris
984 3480 1197 3554 experimentum
1224 3482 1330 3554 capitur
1359 3482 1501 3552 temporis;
1516 3482 1619 3553 capitur
1639 3493 1663 3537 et
1689 3497 1722 3536 ex

74 3579 145 3624 terra
159 3576 219 3625 orta
236 3576 277 3623 est
299 3568 385 3639 (Paul.
405 3582 525 3634 uxxxrv,
540 3571 584 3640 ιθ)
600 3586 649 3640 per
668 3569 789 3626 fidelium
805 3585 873 3627 con·
928 3571 989 3626 ficu.
1010 3570 1072 3626 Non
1091 3568 1165 3625 enirn
1183 3584 1238 3626 non
1259 3580 1300 3625 est
1313 3584 1359 3624 aer
1379 3569 1561 3640 indulgentior
1575 3578 1647 3634 tunc,
1661 3583 1724 3622 cum

74 3655 231 3725 fessionem,
247 3656 333 3714 verbo
347 3655 477 3728 signoque
496 3656 597 3727 pariter
610 3658 832 3715 concurrentibus
845 3675 874 3714 ιιι
927 3657 996 3714 ficus
1011 3672 1124 3732 grossos
1147 3671 1213 3713 snos
1236 3655 1385 3728 protulerit.
1399 3656 1481 3712 ficus
1503 3655 1585 3711 flores
1603 3669 1658 3711 non
1672 3656 1724 3710 ha-

77 3743 263 3800 testimonium
287 3742 362 3798 fidei.
387 3743 552 3801 Testimonia
571 3745 622 3801 ista
646 3746 788 3803 credibilia
805 3748 874 3804 facta
927 3749 982 3812 bet,
998 3748 1045 3802 sed
1061 3759 1111 3818 pro
1125 3743 1238 3800 floribus
1251 3758 1363 3816 grossos
1376 3742 1457 3798 mittit
1470 3750 1590 3814 tempore
1604 3756 1658 3815 quo
1671 3748 1725 3800 coe'·

74 3838 138 3889 sunt
163 3830 254 3899 niuis,
274 3830 338 3887 dum
362 3830 413 3888 ilos
439 3832 509 3899 roci,
524 3833 583 3889 auri
606 3835 700 3891 oculus
721 3840 871 3895 attestatur.
929 3846 992 3893 teras
1007 3833 1118 3890 arbores
1131 3833 1238 3889 florent.
1254 3833 1286 3888 llt
1300 3832 1438 3905 quomodo
1453 3831 1536 3889 flores
1549 3825 1726 3905 apparent'et

75 3920 176 3977 Audita
203 3919 259 3978 risa
288 3919 459 3990 confirmant,
488 3929 517 3977 ut
544 3922 662 3980 duorum
690 3923 873 3980 testimonium
929 3925 1076 3987 transeunt,
1091 3919 1125 3976 ad
1139 3920 1206 3976 nihil
1221 3920 1313 3991 utiles,
1330 3920 1384 3975 nisi
1402 3918 1475 3991 qnod
1490 3919 1607 3977 secuturi
1623 3918 1726 3976 fructus

75 4009 159 4081 (auris
179 4009 277 4081 loquor
291 4017 320 4065 et
333 4008 417 4079 oculi)
427 4017 515 4066 ratum
529 4011 575 4069 sit.
586 4012 733 4083 Propterea
742 4012 875 4070 Dominus
927 4009 1037 4082 qnidam
1052 4008 1197 4082 prenuntii
1212 4017 1291 4079 sunt;
1307 4007 1343 4064 ita
1356 4017 1384 4065 et
1402 4007 1502 4082 grossi.
1519 4007 1660 4074 Orinntur,
1675 4008 1725 4062 sed

75 4099 166 4153 aiebat
181 4113 188 4154 :
206 4100 258 4166 fic,
274 4100 439 4157 renuntiate
452 4100 556 4158 loanni
569 4098 672 4157 lm
693 4099 765 4173 (eius
776 4116 875 4173 nempe
929 4102 1071 4155 immature
1094 4098 1203 4172 cadunt,
1220 4103 1249 4156 et
1272 4098 1338 4156 daut
1362 4097 1451 4155 locum
1478 4096 1659 4160 maturandis,
1672 4095 1724 4165 ipsi

75 4183 215 4257 discipulis
232 4187 405 4259 loquebatur)
419 4205 483 4262 quae
495 4188 617 4247 undulis
629 4195 659 4247 ct
672 4191 782 4249 vidulis
796 4191 874 4263 (luc.
931 4189 1040 4246 minime
1055 4187 1158 4244 habiles
1172 4188 1206 4243 ad
1221 4187 1396 4244 uescendum.
1407 4187 1443 4241 Et
1455 4185 1519 4242 hinc
1531 4198 1609 4260 ergo,
1619 4191 1649 4239 ut
1658 4181 1725 4252 dixi,

77 4289 124 4342 vu,
140 4275 196 4343 22),
212 4273 269 4331 Nec
282 4274 392 4331 breuius
406 4275 467 4346 illis,
482 4292 535 4333 nec
554 4278 663 4350 planius
677 4277 794 4334 intimari
811 4277 874 4334 fidei
930 4279 1011 4337 sumit
1039 4292 1158 4350 sponsus
1184 4276 1398 4348 experimentum
1428 4273 1567 4345 temporis,
1589 4281 1617 4329 et
1641 4287 1725 4346 argn-

77 4361 163 4418 raluit
184 4362 329 4419 certitudo.
349 4363 452 4419 Eadem
474 4381 540 4421 sane
558 4367 586 4421 iu
610 4367 685 4424 brcri
709 4367 789 4424 etiam
811 4368 876 4424 uni·
890 4317 915 4396 Β
930 4376 1049 4445 mentum
1065 4365 1209 4431 suasionis,
1223 4371 1253 4421 ut
1266 4379 1321 4419 non
1334 4361 1480 4435 pigritetur
1499 4375 1610 4434 pergere
1626 4376 1726 4432 sponsa

77 4457 253 4509 rersaeterrae
266 4451 411 4523 persuasio
425 4450 495 4508 facta
509 4462 560 4520 est,
575 4457 709 4512 eteodem
722 4459 876 4531 argumenti
929 4457 962 4513 ad
987 4455 1089 4521 uueaa,
1104 4455 1168 4525 quia
1191 4467 1247 4508 non
1273 4450 1343 4521 perit
1367 4464 1461 4520 opera,
1480 4464 1542 4522 quae
1567 4448 1728 4522 tempestiua
1822 4461 1824 4464 ⁴

77 4539 252 4610 compendio.
269 4540 336 4609 Quoe
349 4540 586 4613 audistis,inquit,
601 4548 628 4601 et
638 4544 759 4601 uidetis.
775 4544 799 4603 0
813 4561 875 4604 rer·
930 4546 1014 4601 uenit.
1028 4544 1062 4599 Bt
1077 4543 1165 4598 littera
1178 4541 1287 4615 quidem
1302 4539 1352 4594 sic.

79 4630 142 4683 bum
163 4626 360 4697 abbreviatum,
375 4637 492 4686 attamen
515 4629 606 4688 riuum
626 4637 653 4688 ct
672 4631 876 4691 efficaxlllaud
966 4637 993 4688 θ.
1017 4631 1087 4701 Quid
1111 4644 1175 4687 uero
1202 4628 1334 4702 spiritus?
1349 4634 1379 4683 nt
1407 4628 1487 4700 plane
1510 4627 1564 4686 hoc
1589 4625 1650 4683 loco
1673 4640 1728 4682 non

77 4716 177 4773 dubius
194 4716 317 4788 profecto
330 4732 433 4790 assero,
444 4719 517 4790 quod
532 4719 644 4776 auribus
657 4721 798 4793 oculisque
812 4738 878 4794 per·
931 4722 1012 4780 ficum
1026 4721 1188 4786 intueamur,
1204 4718 1251 4776 sed
1278 4717 1425 4789 populum:
1442 4731 1537 4787 nempe
1559 4717 1593 4771 de
1611 4715 1729 4771 homini·

78 4806 147 4876 cepi.
173 4806 281 4863 Intonat
304 4805 369 4861 tuba
393 4807 528 4875 salutaris,
544 4820 685 4868 coruscant
698 4810 836 4879 miracula,
851 4820 878 4868 et
932 4814 983 4868 bus
996 4826 1059 4868 cura
1083 4817 1126 4865 est
1140 4811 1206 4874 Deo,
1225 4822 1279 4863 non
1298 4806 1332 4862 de
1353 4804 1505 4862 arboribus.
1519 4805 1589 4860 Vere
1602 4803 1668 4860 ficus
1686 4812 1728 4860 est

78 4893 197 4949 mundus
210 4895 306 4951 credit.
329 4894 389 4951 Cito
407 4895 582 4966 persuadetur
596 4899 671 4970 quod
689 4898 797 4968 dicitur,
812 4901 878 4956 dum
932 4903 1057 4973 populus,
1075 4899 1179 4973 fragilis
1203 4911 1293 4966 carne,
1310 4895 1437 4968 paruulus
1460 4909 1550 4962 sensu,
1566 4892 1658 4949 animo
1675 4894 1727 4947 hu-

77 4981 153 5050 quod
175 4991 308 5053 stupetur,
325 4982 487 5040 ostenditur.
513 4985 600 5042 Habes
621 4993 710 5042 autem
730 4987 793 5060 quia
808 5006 879 5061 pro·
932 4991 1016 5058 milis,
1029 4989 1107 5059 cujus
1121 4987 1198 5059 primi
1214 4986 1326 5051 fructus,
1343 4993 1372 5039 ut
1387 4981 1492 5038 interim
1507 4981 1610 5037 nomini
1626 4981 1729 5037 alluda-

80 5070 154 5141 fcett‘
164 5073 280 5141 apostoli
291 5073 520 5144 praedicaverunt
530 5072 643 5146 ubique,
655 5077 773 5134 Domino
782 5093 879 5149 coope-
933 5095 1004 5146 mus,
1020 5078 1108 5151 grossi
1132 5076 1226 5147 utiquc
1248 5083 1274 5131 et
1298 5072 1407 5130 terreni.
1424 5071 1481 5126 Nec
1503 5070 1576 5125 enim
1590 5070 1730 5142 popularis

79 5163 175 5229 rante,
187 5163 213 5216 ct
229 5177 387 5218 sermonem
397 5163 586 5232 confirmante
599 5165 778 5234 sequentibus
792 5166 880 5238 signis
934 5174 976 5223 est
990 5165 1072 5222 studii
1086 5166 1204 5236 primum
1223 5178 1345 5235 quaerere
1365 5177 1477 5234 regnum
1495 5158 1543 5213 Dei
1559 5167 1586 5214 et
1597 5158 1728 5228 justitiam

79 5249 182 5321 (Marc.
198 5264 257 5313 ιιι,
274 5249 331 5321 20).
348 5250 436 5306 llabss
455 5250 484 5306 in
507 5260 599 5308 monte
617 5253 749 5321 stupenda
763 5253 882 5310 claritate
935 5257 994 5325 ejus
1009 5253 1117 5323 (dorth.
1134 5269 1173 5318 ιι,
1189 5253 1251 5323 33);
1268 5252 1327 5317 sed,
1342 5257 1371 5304 ut
1386 5250 1422 5304 ait
1442 5248 1597 5319 Apostolus,
1612 5247 1731 5322 cogitare

81 5335 315 5408 transfiguratum,
331 5345 358 5393 et
382 5337 557 5395 nihilominus
580 5355 697 5412 superna
713 5340 881 5400 testificatum
936 5357 996 5416 quar
1022 5340 1114 5397 mundi
1142 5346 1215 5406 sunt,
1230 5340 1367 5410 quomodo
1391 5337 1513 5408 placeant
1536 5334 1677 5407 uxoribus,
1691 5336 1733 5394 uel

81 5440 149 5482 voce
163 5424 276 5493 (Mettis.
295 5441 365 5490 xvir,
380 5428 451 5498 θ-θ).
468 5428 555 5485 Habes
577 5429 604 5484 in
628 5429 746 5486 lordane
759 5429 883 5488 similiter
938 5429 991 5485 illae
1006 5428 1081 5487 uiris.
1095 5425 1313 5484 Tribulationem
1327 5426 1417 5481 tarnis
1431 5425 1566 5480 habebunt
1580 5422 1735 5507 hujusmodi

81 5521 112 5568 et
134 5515 286 5571 columbam
309 5515 508 5586 designantem,
525 5527 553 5575 et
575 5532 669 5577 rocem
693 5518 882 5578 testificantem
937 5520 964 5589 (l
973 5518 1033 5576 Cor.
1052 5531 1100 5587 ru,
1117 5518 1161 5581 ³³,
1178 5517 1239 5586 28);
1259 5513 1307 5571 sed
1322 5514 1349 5569 in
1364 5511 1520 5572 novissimis
1534 5526 1587 5570 οοιι
1605 5527 1738 5582 negamus

174 5621 295 5678 Parnon.
316 5621 491 5679 cdxxxffl.
1615 5622 1649 5676 3⁴
