3734 5948
114 262 183 327 1103
591 262 618 319 S.
647 250 814 322 ueflulubl
836 256 973 320 ABBA'llS
990 258 1299 322 utana-tattaeus

113 392 147 450 Et
160 406 232 447 nunc
254 387 360 458 quidem
382 384 543 457 principium
556 387 699 443 verbonrm
724 389 904 458 ejusquantae
922 400 944 478 Α
961 385 1042 442 citato
1064 388 1207 445 verborum
1231 390 1350 459 ebulliat,
1366 389 1514 447 dnmmodo
1535 404 1571 446 ex
1592 389 1654 447 hoe

112 478 253 536 suavitatis
272 475 379 547 insigne
403 474 532 545 praetert‘l
548 477 613 531 Nam
632 477 695 533 vide
709 476 788 547 quale
803 474 903 546 priuci-
962 477 1004 532 sui
1023 477 1158 533 sentiatde
1171 477 1339 557 trimentnm.
1355 478 1492 536 Interdum
1507 494 1560 536 nec
1573 479 1660 535 rerba

113 569 185 638 pium
208 565 320 620 dederit.
336 565 473 629 Dilectus,
498 564 593 637 inquit,
607 580 688 621 meus
708 566 791 635 estut,
807 568 836 622 et
858 581 905 637 ego
959 566 1003 631 rit,
1015 567 1152 623 interdum
1175 582 1226 624 nee
1248 583 1328 623 voces
1347 567 1458 623 omniuo
1476 566 1557 632 ullas,
1575 566 1652 624 solis

47 670 55 677 ·
112 655 167 710 itti.
184 654 303 723 Simplex
327 669 377 709 vox
394 655 509 723 ridetur,
526 655 655 725 quoniam
679 654 903 719 suavitersonat;
961 661 1103 711 contentus
1127 655 1264 727 suspiriis.
1279 655 1345 711 lude
1372 664 1413 712 est
1439 657 1512 729 quod
1538 668 1649 726 sponsa

111 744 158 799 sed
178 743 212 798 de
231 743 283 797 huc
298 741 432 796 ridebitur
446 749 550 812 postea.
960 758 1052 800 amore
1071 742 1200 818 llagraru,
1215 742 1296 815 idque
1318 743 1470 800 incredibili
1500 745 1600 811 modo,
1623 758 1659 801 ss

146 835 173 886 2.
195 830 274 885 Nunc
287 845 353 886 vcro
372 847 387 884 a
401 829 547 886 dilectione
564 831 668 902 incipit,
680 832 713 887 de
727 831 825 889 dilecto
839 845 906 902 pro·
960 831 1088 902 raptanda
1099 832 1338 905 quantulacunque
1350 830 1542 903 evaporatione
1557 829 1660 888 ardori

111 919 242 990 sequitur,
258 918 323 973 nibil
346 918 420 973 aliud
435 934 465 973 se
480 920 549 975 scire
565 920 686 976 indicans
700 919 752 975 nisi
766 919 904 975 dilectum.
959 920 1069 992 patitur,
1080 934 1134 976 non
1145 920 1298 976 considerat
1312 920 1387 991 qnid,
1403 920 1518 992 qualiter
1532 920 1660 992 eloquctr

110 1008 186 1063 Patet
199 1007 297 1078 dequo
313 1022 401 1063 sermo
418 1025 424 1060 :
440 1023 501 1063 cum
517 1023 570 1080 quo
586 1024 639 1065 uon
654 1010 701 1064 ita.
716 1010 777 1065 Non
790 1008 862 1065 enim
877 1017 907 1062 nt
959 1008 1110 1083 quidquid,
1126 1009 1153 1066 in
1177 1011 1289 1066 briccam
1313 1010 1425 1076 venerit,
1444 1024 1538 1065 amore
1562 1024 1659 1081 urgan

110 1111 171 1151 cum
189 1095 250 1167 ipso
262 1095 358 1151 eodem
373 1095 455 1150 inerit
469 1097 570 1152 sentire
584 1097 757 1167 permittitur,
773 1098 907 1168 cumipse
960 1098 1092 1170 enuntiat,
1108 1099 1156 1157 sed
1179 1106 1292 1156 eructat.
1309 1097 1412 1168 Quidni
1435 1104 1543 1155 eructet
1555 1096 1603 1155 sic
1619 1094 1660 1156 ml

106 1187 162 1254 jam
178 1200 231 1240 uon
255 1185 382 1241 adiuerit.
403 1186 499 1257 Neque
523 1186 549 1240 id
577 1189 689 1243 dubium
707 1205 713 1244 :
730 1202 827 1260 nempe
842 1201 906 1243 mox
960 1189 998 1245 sio
1012 1189 1139 1260 repleta?

108 1299 169 1339 eum
181 1298 306 1340 revocare
319 1284 437 1352 videtur,
449 1293 477 1338 et
488 1285 564 1355 qnasi
576 1293 636 1355 post
650 1295 754 1358 tergum
769 1284 905 1343 clamare:
996 1280 1024 1333 4·
1040 1278 1154 1334 ”evolve
1165 1287 1266 1333 textum
1285 1274 1452 1348 (111111111ῑωὶ1
1472 1275 1556 1344 bajus
1573 1275 1611 1331 ab
1621 1275 1660 1348 illl

112 1375 266 1441 Revertens,
279 1371 523 1443 inquiens,ditcete
533 1374 585 1428 mi.
596 1373 672 1428 Unde
687 1371 843 1429 adducimur
851 1387 905 1428 non
961 1367 1007 1421 dio
1032 1382 1118 1438 usque
1142 1366 1204 1431 bric,
1220 1372 1247 1421 et
1267 1365 1329 1423 vide
1349 1366 1372 1421 si
1387 1372 1460 1421 tauta
1475 1362 1657 1436 aspisatim,

110 1457 182 1514 eliud
206 1474 271 1514 sane
291 1459 438 1529 conjicere,
459 1459 512 1515 nisi
536 1460 610 1532 quod
631 1458 714 1517 linitis
735 1460 825 1516 verbis
850 1461 907 1515 suis
962 1456 1011 1511 trac
1035 1457 1093 1512 vice
1114 1456 1143 1510 in
1167 1454 1270 1512 cunctis
1290 1453 1490 1510 visitationibus
1510 1461 1537 1508 et
1552 1451 1660 1513 attonat

110 1546 155 1602 illc
168 1550 266 1603 iterum
281 1563 331 1603 suo
346 1562 420 1602 more
439 1565 470 1605 se
491 1549 679 1619 absentaverit,
695 1557 722 1605 et
740 1549 904 1606 illareman-
961 1543 1055 1616 sponsi
1069 1544 1148 1616 copie
1161 1545 1221 1613 ejus
1235 1541 1342 1600 indulta
1353 1541 1455 1609 =luerit;
1467 1550 1495 1598 et
1506 1540 1529 1597 si
1539 1542 1660 1615 unquam

109 1636 174 1690 serit
185 1635 361 1692 nibilominus
369 1635 403 1690 de
415 1651 449 1692 eo
458 1637 584 1707 loquens,
597 1637 644 1708 qui
656 1654 796 1710 nunquam
807 1639 905 1695 absens
958 1632 1056 1705 ipsius,
1071 1647 1127 1688 11011
1151 1630 1232 1687 modo
1257 1639 1311 1685 11111
1331 1629 1440 1695 multos,
1454 1627 1502 1683 1θᾶ
1516 1638 1545 1686 01
1562 1630 1660 1702 lami!

108 1730 149 1778 est
163 1723 224 1778 sibi.
240 1724 281 1777 lte
294 1733 335 1779 est
350 1741 357 1777 :
372 1725 399 1777 in
415 1739 462 1779 ore
476 1725 596 1792 retinuit,
610 1726 655 1797 qui
670 1743 724 1782 non
737 1727 905 1783 recedebata
920 1676 943 1755 B
960 1736 1101 1778 sermones
1124 1722 1266 1792 acceperit.
1283 1717 1350 1789 Quae
1373 1733 1439 1790 ergo
1464 1716 1627 1787 repleverat
1646 1718 1660 1776 ir

28 1838 33 1846 ·
108 1813 201 1877 corde,
222 1827 271 1867 uec
292 1811 401 1881 quando
420 1815 575 1868 recedebat.
590 1813 668 1883 Quod
683 1815 719 1870 dc
732 1831 780 1872 ora
793 1817 858 1887 exit,
872 1819 906 1873 de
960 1810 1127 1867 desiderium
1151 1827 1239 1877 suum,
1264 1808 1329 1883 quid
1355 1808 1453 1864 mirum
1479 1806 1502 1862 si
1536 1818 1651 1865 romum

108 1901 190 1957 corde
203 1899 315 1955 renitet
325 1900 531 1955 exabundantia
546 1903 637 1958 cordis
651 1919 681 1959 os
694 1903 813 1975 loquitur
827 1905 903 1974 (luc.
959 1916 1040 1973 quam
1054 1902 1165 1957 verbum
1184 1899 1270 1956 secit‘l
1288 1899 1323 1954 Et
1338 1900 1361 1954 si
1380 1897 1490 1955 verbum
1506 1894 1612 1954 iecisse
1623 1894 1660 1954 db

107 2004 146 2061 vr,
164 1990 221 2059 uo).
237 1989 310 2060 Ergo
327 1989 444 2060 loquitur
459 1991 493 2045 de
512 1990 624 2059 dilecto,
638 1999 669 2047 ut
687 2008 749 2048 vere
767 1993 863 2049 dilecta
878 2003 905 2050 et
959 1995 1013 2055 tur,
1024 1997 1173 2046 eructatum
1189 1997 1254 2060 puta
1268 1996 1296 2043 et
1310 2002 1364 2044 nou
1378 1988 1559 2042 subornatum
1568 1986 1660 2057 (uteba,

105 2092 172 2133 vere
186 2075 334 2149 diligenda,
350 2077 477 2149 qnoniam
497 2080 587 2152 diligit
610 2079 735 2136 multum.
751 2080 904 2146 Quaerimus
958 2079 1174 2148 subordinatum)
1187 2088 1231 2134 ant
1254 2075 1474 2149 praeordinatum.
1487 2075 1552 2132 Nec
1569 2074 1644 2133 euim

107 2182 168 2223 euni
183 2181 236 2237 quo
253 2183 260 2225 :
277 2181 340 2221 nam
356 2168 391 2223 de
412 2183 476 2238 quo,
495 2168 632 2225 novimus.
651 2170 685 2224 Et
701 2185 755 2226 non
774 2173 902 2237 occurrit,
959 2168 1080 2238 rapinam
1102 2169 1246 2224 arbitratur
1268 2167 1319 2223 sibi
1342 2173 1437 2236 aptare
1465 2162 1611 2237 Prophetae
1631 2162 1661 2220 di

106 2253 157 2308 nisi
172 2252 241 2309 torte
260 2269 323 2310 cum
341 2254 562 2327 adolescentulisf,
578 2271 638 2328 quae¹
661 2274 676 2312 a
699 2266 784 2317 matre
807 2261 903 2316 abesse
959 2257 1108 2314 Eructavit
1122 2273 1170 2313 eor
1182 2272 1280 2314 meum
1298 2254 1412 2312 vebum
1423 2251 1512 2324 (Prot.
1527 2266 1597 2309 ων
1608 2250 1660 2324 {lp

107 2358 160 2399 nou
175 2352 299 2414 possunt,
310 2345 356 2400 ubi
369 2343 526 2401 discesserit
539 2361 667 2418 sponsus.
683 2347 736 2403 Sed
753 2346 858 2417 melius,
874 2358 903 2403 ut
957 2346 1049 2401 eodem
1062 2345 1164 2415 repleta
1173 2345 1278 2415 spiritu.
1290 2344 1416 2400 [tilectus
1425 2339 1599 2408 nauseatus,
1608 2343 1660 2399 att

106 2431 212 2503 opinor,
227 2435 361 2489 sentimus
383 2434 595 2506 aerumpnam,
613 2442 640 2490 et
657 2450 713 2490 non
735 2450 798 2492 curn
817 2437 902 2492 altero
957 2434 1031 2490 Nihil
1045 2433 1245 2506 consequentia
1260 2433 1351 2499 habet,
1364 2431 1439 2487 deest
1453 2429 1584 2487 orationi.
1594 2428 1660 2500 Quid

106 2521 146 2576 sie
165 2520 294 2590 locutam,
311 2522 460 2592 praesertim
479 2524 555 2597 quod
575 2531 710 2580 truncaet
732 2526 903 2581 miuuscon·
959 2524 1062 2583 linctus
1090 2529 1141 2580 est.
1169 2520 1241 2590 Quid
1268 2530 1297 2576 tu
1323 2521 1350 2576 iu
1380 2528 1456 2578 ructu
1481 2518 1585 2593 queris
1610 2534 1660 2579 ors

107 2607 196 2665 tineas
210 2609 361 2665 inueniatur
376 2610 434 2681 ipsa
455 2610 569 2680 locutio,
585 2610 752 2668 insufficiens
766 2613 846 2684 plane
869 2613 903 2669 ad
956 2615 1105 2684 juncturas,
1122 2610 1252 2667 solemnia
1272 2608 1443 2666 dictionum?
1466 2604 1543 2678 Quas
1568 2617 1598 2664 tu
1614 2612 1660 2665 tus

106 2694 220 2752 dandam
234 2696 438 2772 intelligentiam
449 2700 576 2765 auditori,
588 2701 623 2755 ob
638 2717 718 2773 quam
730 2701 773 2758 vel
787 2702 903 2759 maxime
957 2703 1033 2775 leges
1045 2701 1164 2775 imponis
1177 2700 1221 2754 vel
1241 2697 1377 2772 regulas?
1390 2697 1450 2753 Nou
1469 2696 1570 2771 recipit
1583 2702 1660 2755 tuam

104 2783 217 2842 inuicem
232 2785 378 2858 loquimur.
390 2788 515 2845 Dilectus
527 2804 606 2847 meets
615 2789 805 2862 mibi,iuquit‚
820 2797 903 2865 ete-po
958 2789 1100 2861 rationem,
1124 2805 1178 2846 non
1198 2805 1213 2843 a
1238 2794 1264 2845 te
1285 2784 1511 2857 compositionem
1536 2792 1660 2858 exspenu

104 2874 161 2928 itti.
178 2875 238 2930 Nou
253 2875 337 2948 plus?
350 2877 451 2932 Pendet
469 2880 575 2949 orati03
592 2879 645 2934 imo
659 2894 715 2935 non
731 2879 840 2951 pendet,
857 2880 903 2935 sed
958 2878 1189 2949 commoditatem,
1203 2891 1257 2931 non
1272 2874 1500 2948 opportunitatem
1523 2874 1660 2947 requirit.

103 2961 769 3036 delicit.Suspenditurauditor,neceruditur,sed
780 2969 903 3039 erigitur.
919 2951 942 3029 B
958 2984 989 3024 ex
1005 2968 1178 3033 intimis,non
1188 2966 1270 3020 modo
1284 2979 1345 3020 cunr
1358 2976 1413 3019 nou
1425 2960 1475 3027 ris,
1486 2962 1537 3019 sed
1547 2960 1656 3021 etcum

139 3056 165 3107 3.
186 3051 256 3121 Quid
270 3063 312 3108 est
328 3053 380 3110 hoc
394 3055 467 3126 quod
482 3056 557 3122 dicit,
570 3055 614 3112 ille
628 3058 710 3122 ratiti,
728 3063 817 3130 elego
832 3058 902 3113 itti?
958 3055 1087 3128 erumpit,
1103 3055 1215 3110 evulsus
1230 3053 1414 3125 potiusquam
1428 3050 1557 3107 emissus.
1570 3050 1660 3109 Tamt

102 3139 245 3195 Nescimus
273 3140 337 3212 quid
362 3141 490 3214 loquitur,
506 3145 569 3214 quia
594 3159 647 3199 nou
675 3142 808 3201 sentimus
829 3147 900 3217 quod
958 3136 1660 3215 remportatrnctus,quandoquebonuur,quaudot

104 3227 192 3283 sentit.
209 3227 232 3282 0
251 3240 343 3284 sancta
362 3231 461 3295 anima,
479 3230 545 3303 quid
561 3242 621 3287 tuus
638 3234 683 3289 ille
708 3235 766 3301 tibi,
784 3234 849 3306 quid
872 3245 899 3289 tu
959 3236 1081 3305 lum,pro
1097 3226 1504 3303 vasorumequibussseeodit,
1515 3228 1660 3307 contrarii

105 3315 171 3369 illi‘l
184 3315 324 3383 Quaenam,
337 3334 438 3389 quaeso,
451 3321 509 3375 laec
523 3321 653 3378 intervos
664 3332 717 3379 um
731 3323 902 3379 tuirriliariter
957 3323 1065 3380 talibus.
1081 3321 1204 3394 Denique
1218 3322 1307 3377 bonus
1321 3320 1402 3377 homo
1420 3318 1453 3374 de
1470 3317 1545 3373 bono
1561 3316 1660 3375 thena

105 3401 340 3475 favorabiliterque
359 3406 514 3464 discurrens
534 3410 671 3473 exlribitio
693 3422 719 3467 et
741 3412 902 3469 redlribitio‘.l
955 3404 1657 3484 pratereundum,ermalusmstumtttattt.xu.att

105 3489 166 3546 Tibi
179 3489 234 3563 ille,
251 3499 332 3566 tuque
347 3494 466 3551 vicissim
481 3496 530 3551 illi.
548 3496 599 3552 Sed
622 3499 711 3571 quid?
730 3500 759 3553 ld
774 3500 863 3571 ipsunr
877 3501 901 3557 ei
956 3517 1004 3558 vas
1024 3516 1124 3570 sponsa
1143 3498 1249 3556 Domini
1263 3497 1324 3562 mei,
1341 3504 1368 3552 et
1383 3496 1470 3552 bonas
1485 3492 1554 3549 milri
1569 3496 1642 3553 odor
1658 3520 1660 3543 ι

104 3587 144 3646 tu,
161 3580 234 3650 quod
253 3580 302 3635 tibi
318 3582 373 3649 ille,
389 3599 421 3638 an
435 3584 534 3639 aliud?
552 3586 580 3641 Si
597 3586 684 3659 nobis,
700 3588 723 3643 si
737 3589 771 3643 ad
785 3598 901 3646 nostrum
994 3593 1021 3645 5.
1037 3589 1146 3645 Gratias
1161 3605 1211 3663 ago
1226 3588 1283 3654 tibi,
1295 3583 1411 3643 Domine
1424 3584 1500 3653 lesu,
1514 3583 1565 3656 qui
1581 3582 1660 3640 orodi

104 3667 447 3745 loquerisintelligentiam
460 3675 602 3731 evidenter
615 3677 687 3750 quod
699 3678 784 3734 sentis
794 3677 901 3743 edicito,
959 3697 989 3735 es
1014 3679 1153 3735 admittere
1177 3676 1273 3733 saltem
1297 3676 1332 3731 ad
1356 3672 1536 3731 mumadam.
1565 3670 1660 3745 lu,lt

105 3756 251 3829 Quousque
265 3760 369 3817 animas
383 3774 492 3819 nostres
508 3765 605 3820 tollis‘l
618 3765 661 3821 An
677 3770 827 3825 seeundum
841 3784 904 3839 pro·
965 3784 1026 3825 nani
1041 3776 1070 3825 et
1087 3766 1177 3823 catelli
1194 3766 1277 3822 edunt
1289 3764 1324 3818 de
1338 3761 1416 3819 miris
1433 3777 1494 3836 quae
1506 3760 1611 3819 eadunt
1622 3758 1657 3819 de

106 3848 212 3916 piretum
240 3859 375 3906 secretum
404 3863 480 3908 tuum
500 3855 571 3911 tibii
599 3856 664 3928 (lsu.
690 3874 767 3924 xxrv,
789 3861 846 3929 lb.)
866 3862 904 3916 lta
958 3857 1132 3915 dominorum
1154 3871 1264 3912 suorum
1289 3851 1402 3922 (datura
1427 3866 1475 3916 xv,
1492 3852 1553 3919 Ἠ).
1578 3848 1653 3921 libi,

106 3942 165 3990 est:
181 3935 293 3992 allectus
308 3939 412 3996 loeutus
423 3952 475 4008 est,
486 3957 539 3997 non
558 3945 721 4014 intellectus,
738 3957 765 4003 et
779 3948 839 4005 ideo
850 3965 902 4005 non
958 3950 1029 4004 benc
1048 3944 1154 4001 redolet
1168 3952 1264 4000 ructus
1276 3939 1384 3999 dilectae
1405 3947 1470 4005 tuae,
1486 3947 1514 3994 et
1538 3937 1578 3995 de
1598 3938 1660 4012 plu

106 4024 140 4079 ad
155 4023 328 4084 intellectum.
346 4027 388 4084 dd
403 4030 468 4101 quid
480 4033 740 4105 ergoradtt'sot
759 4036 837 4099 nibil,
852 4039 904 4093 nisi
963 4037 1033 4106 ejus,
1054 4033 1178 4106 quamuis
1202 4029 1338 4087 nrodieum
1361 4027 1436 4101 quid,
1471 4034 1618 4099 gratanter
1648 4040 1660 4083 a

106 4114 177 4185 quod
192 4115 350 4172 mirabiliter
371 4118 516 4189 delectata,
532 4131 559 4178 et
572 4122 671 4180 allecta
683 4126 857 4183 veliementer
870 4127 904 4182 ad
962 4125 1116 4182 blemoriam
1139 4120 1312 4179 abundantiae
1335 4115 1476 4175 suavitatis
1494 4123 1554 4172 tuse
1570 4124 1660 4175 eruas

107 4202 273 4262 desideratos
301 4205 410 4277 altatus,
432 4206 512 4264 finem
532 4210 578 4267 illo
602 4213 720 4270 iaciente
739 4229 790 4272 uec
815 4226 902 4272 tacere
918 4226 941 4303 ῃ
958 4222 985 4272 et
1009 4213 1100 4271 nescio
1119 4212 1184 4284 quid
1211 4206 1347 4266 inellabile
1366 4214 1418 4262 tuae
1433 4204 1605 4278 dignationis
1626 4214 1656 4263 et

105 4295 217 4352 omnino
237 4296 334 4370 quivit,
351 4313 401 4354 nec
429 4308 515 4354 tamen
541 4302 612 4372 quod
628 4304 710 4359 sensit
735 4305 897 4378 exprimere.
954 4307 1084 4364 odoratus
1102 4318 1163 4357 snm
1180 4301 1207 4355 in
1220 4314 1288 4356 vnce
1302 4300 1352 4353 ists
1367 4314 1373 4355 :
1389 4295 1516 4352 Dilectus
1535 4312 1622 4354 meras
1637 4310 1660 4353 tt

105 4383 200 4458 Neque
218 4386 288 4441 enim
313 4397 342 4442 ut
366 4388 530 4459 exprimeret
557 4392 596 4448 sic
620 4394 709 4449 locuta
728 4406 778 4463 est,
800 4398 846 4451 sed
866 4413 899 4451 ne
954 4413 1001 4471 epo
1016 4396 1073 4452 itti.
1099 4394 1162 4466 lpsa
1180 4400 1211 4448 ut
1224 4390 1337 4464 dignum
1350 4395 1401 4457 est,
1415 4385 1547 4456 epuletur
1560 4395 1590 4443 et
1609 4402 1660 4445 exa

106 4480 214 4529 taceret.
229 4474 268 4530 Ex
288 4476 450 4531 abundantia
470 4477 559 4534 cordis
586 4494 618 4535 os
642 4482 757 4538 locutum
781 4488 834 4547 est,
852 4484 899 4539 sed
953 4493 1101 4555 conspectu
1118 4491 1172 4550 tuo,
1188 4489 1215 4536 et
1237 4480 1385 4536 delectetur
1403 4476 1430 4531 in
1445 4474 1540 4531 laetitia
1556 4492 1565 4531 a
1580 4490 1660 4534 verm

105 4576 160 4618 non
175 4578 224 4633 pro
237 4564 414 4623 abundantia.
426 4568 530 4626 llebent
544 4585 606 4625 suas
619 4585 699 4627 voces
712 4570 839 4638 allectus,
854 4589 901 4641 per
955 4575 994 4632 sia
1008 4573 1058 4631 ribi
1067 4570 1190 4636 excedat,
1203 4567 1333 4625 utsobria
1346 4565 1381 4621 sit
1396 4564 1484 4621 nobis.
1499 4564 1566 4634 lpas
1580 4578 1654 4639 argo

105 4666 172 4722 quas
193 4668 231 4719 se,
252 4653 332 4709 etiarn
357 4671 418 4710 cum
443 4659 547 4724 uolunt,
564 4659 680 4730 produnt
697 4676 704 4713 ι
720 4662 810 4727 timor,
826 4660 900 4717 verbi
956 4672 1001 4720 tur
1016 4663 1043 4718 in
1067 4660 1147 4716 bunis
1161 4659 1260 4714 domus
1274 4665 1337 4727 tnae,
1352 4663 1380 4711 et
1400 4658 1523 4709 tumente
1542 4651 1660 4727 voluph

104 4757 193 4810 caum,
210 4740 392 4809 meticulosas,
413 4745 490 4801 dolor
502 4747 696 4819 gemebundas,
711 4765 788 4807 amor
798 4750 899 4820 jncun-
953 4760 1063 4823 potetur
1080 4769 1087 4806 :
1103 4749 1162 4816 sed,
1184 4762 1287 4816 quaeso,
1297 4742 1438 4817 perveniat
1450 4740 1486 4797 ad
1501 4757 1547 4798 me
1562 4757 1660 4817 pauper

104 4830 162 4884 das.
178 4830 304 4902 Nunquid
316 4832 462 4888 dolentium
478 4838 611 4906 planctus,
628 4839 897 4894 maurentiumresiu-
953 4841 1041 4897 tenuis
1062 4839 1131 4895 odor
1150 4845 1289 4893 erutunte
1304 4833 1361 4899 illa,
1377 4848 1440 4887 cnm
1458 4828 1560 4887 satiata
1579 4830 1660 4889 tuere

104 4921 193 4992 gultus
207 4920 248 4974 rel
262 4922 389 4993 gemitus,
404 4938 604 4994 percussorum,
616 4922 734 4997 itemque
744 4929 898 4997 paventium
953 4929 1017 4985 milri
1031 4924 1163 4985 eructavit
1180 4927 1298 4998 Moyses,
1314 4929 1341 4979 et
1361 4921 1448 4976 bouus
1461 4919 1535 4976 odor
1546 4919 1579 4976 iu
1600 4926 1660 4977 ruet

104 5007 207 5062 subitus
221 5014 248 5064 et
271 5007 395 5065 etteratas
410 5011 616 5082 clamitationes,
633 5030 681 5071 seu
701 5015 780 5070 etiam
795 5025 898 5071 satura·
954 5018 1070 5074 creantis
1084 5015 1230 5088 potentiae:
1248 5017 1280 5070 ln
1291 5011 1442 5087 principio,
1458 5008 1559 5082 insuit,
1569 5012 1660 5071 cmvi

104 5104 193 5153 torum
213 5108 316 5169 ructus,
332 5108 378 5157 aut
397 5117 462 5158 usus
483 5111 569 5169 creat,
584 5112 629 5159 aut
643 5104 709 5160 ratio
728 5106 837 5177 excitat,
852 5110 899 5160 aut
950 5109 1053 5166 caetu-m
1067 5111 1096 5163 et
1111 5111 1220 5162 terrum
1235 5104 1316 5174 (Gen.
1329 5117 1348 5167 r,
1361 5102 1398 5171 l).
1419 5100 1490 5156 Beue
1504 5098 1595 5156 isaias
1606 5118 1615 5161 ε
1626 5114 1660 5159 na

75 5209 77 5215 ·
103 5184 898 5264 deliberatioordinat,aarpraemeditatiotormattEjusmodi
950 5197 1091 5252 vissimum
1107 5193 1265 5251 redimentis
1282 5189 1474 5246 misericordie
1488 5187 1610 5244 odorem
1623 5188 1660 5247 det

102 5284 203 5333 certum
220 5285 270 5343 rst,
289 5293 343 5335 uon
357 5288 424 5336 nutu
448 5283 558 5352 prodire
578 5283 670 5349 animi,
685 5286 734 5340 sed
753 5299 896 5357 erumpere
950 5295 1088 5343 eructans:
1101 5284 1230 5341 Tradidit
1238 5284 1268 5338 ia
1278 5285 1400 5337 mortem
1410 5278 1541 5334 animum
1552 5294 1660 5345 mrum

102 5374 185 5421 motu.
204 5366 248 5422 Sic
276 5365 392 5437 tlagram
419 5387 450 5428 ac
473 5373 621 5428 vehemens
644 5388 731 5441 unior,
746 5373 894 5446 prasertim
950 5375 1095 5432 sceleratis
1116 5375 1267 5446 reputatus
1280 5372 1372 5441 est,et
1387 5368 1448 5442 ipae
1463 5372 1590 5439 peccata
1607 5364 1660 5449 nsi

103 5453 298 5520 (ticinensum
317 5471 347 5510 se
374 5457 441 5513 intra
465 5476 493 5513 so
512 5462 639 5517 colribere
662 5477 715 5516 non
739 5464 823 5539 valet,
842 5478 894 5518 non
952 5456 1582 5536 rotie,etprorranagreaorttascanamellas.
1595 5470 1656 5529 ιιι,-

102 5542 225 5611 attendit,
241 5559 295 5615 quo
311 5544 416 5618 ordine,
432 5563 484 5619 qua
500 5548 570 5622 lege,
585 5564 671 5620 querc
685 5551 755 5606 serie
768 5566 816 5607 seu
831 5567 896 5623 pou·
950 5546 1530 5624 nonperirentQuidaequemisericordiam
1538 5546 1660 5605 redolet!
