3734 5948
156 248 227 332 tots
681 267 708 326 s.
728 252 896 330 nsnvtnut
915 245 1053 329 mutim
1067 261 1377 326 conmonuemus
1748 252 1804 318 tur

156 390 285 465 mysterio
303 388 415 447 tuot
425 387 558 444 manduco
569 388 649 445 eam?
663 388 696 445 lit
709 397 801 448 sanctu
819 391 953 449 nihilomi-
968 405 993 487 fl
1010 391 1058 447 red
1066 405 1146 447 nuuc
1154 390 1218 461 jum
1246 385 1442 444 munivimus
1456 381 1496 454 (il
1508 380 1571 440 Gor.
1584 394 1617 438 v.
1635 379 1702 451 16).
1718 380 1806 438 astu

158 500 211 541 uus
238 481 319 550 Virgo
347 477 410 533 lidei
442 477 541 550 etipse
569 486 680 551 experta
692 488 734 536 est
752 483 892 549 umbram,
907 484 953 539 cui
1004 479 1069 538 ille:
1084 491 1214 535 uosvero
1237 472 1286 548 qui
1302 473 1424 530 nondum
1451 471 1478 527 iu
1496 469 1677 545 pentinum,
1696 468 1807 527 nonin

158 571 310 627 dictumest
326 569 469 624 :diiecto
483 585 546 642 quie
556 569 702 625 credidisti
711 568 889 642 (tuenti).
898 572 953 628 Sui
1007 571 1042 626 ad
1075 567 1182 623 tertium
1202 566 1299 622 coelum
1323 562 1399 633 rapui
1425 560 1584 627 meruimus,
1610 557 1724 615 Christi
1748 559 1809 615 iute-

158 658 258 718 umdru
272 658 429 728 ejusquem
438 657 662 716 desideraveram
673 659 742 715 sedi.
756 660 788 714 lit
799 664 931 731 propbeta
944 677 950 715 :
1008 659 1059 714 rim
1078 672 1159 714 carue
1173 669 1325 728 pascamur,
1343 650 1473 724 mysteria
1495 663 1677 717 veneremur,
1699 649 1809 720 nemph

160 748 294 821 Spiritus,
305 744 402 816 inquit,
418 752 486 803 oute
499 749 604 818 taciem
618 752 745 804 uestram
758 749 887 805 Christus
901 751 954 806 Do-
1007 757 1153 815 sectemur,
1168 743 1249 800 fidem
1264 756 1422 806 servemus;
1447 746 1475 795 ct
1495 737 1616 797 vivimus
1630 736 1765 810 prolecto
1787 737 1809 793 it

159 836 273 901 minum
287 835 320 890 in
334 834 436 890 umbra
445 850 507 907 esur
520 837 646 893 vivemus
670 835 748 908 (209)
762 839 842 893 iuter
856 840 953 910 pentes
1007 836 1113 892 umbra.

161 923 276 994 (Tireu.
291 939 329 991 vv,
346 926 404 992 itt).
419 923 450 978 ln
463 925 560 981 umbra
572 927 599 982 ln
621 923 758 998 gentibus,
774 926 800 980 iu
820 927 881 984 luce
894 941 957 984 cnm
1047 928 1072 981 i.
1091 926 1124 980 lu
1137 921 1239 979 umbro
1252 922 1314 993 ejus
1327 934 1410 994 quem
1419 916 1649 976 muerouerom
1663 915 1738 974 sedi.
1753 915 1811 973 For·

161 1011 277 1083 augelis.
293 1012 322 1066 ln
342 1011 687 1085 umbrasumus,quand1n
704 1012 958 1083 perfidemambu·
1012 1013 1092 1070 tussis
1106 1010 1210 1067 felicius
1237 1008 1339 1082 aliquid
1357 1007 1410 1064 istu
1431 1014 1570 1077 expertem
1592 1021 1625 1062 se
1640 1003 1811 1080 minen

163 1099 260 1166 lamus,
276 1106 303 1153 et
318 1114 371 1155 uon
385 1116 435 1170 per
444 1100 576 1172 speciem3
592 1107 618 1155 et
632 1100 693 1156 ideo
705 1100 834 1170 instusiu
849 1102 957 1170 umbra,
1012 1118 1054 1171 ea,
1065 1101 1138 1174 qnod
1154 1115 1185 1155 se
1198 1098 1226 1153 in
1239 1099 1336 1155 umbra
1348 1095 1427 1152 dicit:
1448 1111 1513 1162 non,
1527 1102 1557 1151 ut
1575 1095 1732 1167 propbeta,
1744 1093 1813 1152 vive·

162 1186 257 1261 quiex
272 1186 416 1245 iidevivit.
432 1190 465 1242 tt
482 1187 529 1260 qni
557 1187 624 1245 vivit
642 1204 676 1243 ex
695 1189 845 1255 intellectu,
860 1191 958 1246 beatus
1012 1209 1053 1258 re,
1069 1190 1117 1247 sed
1130 1187 1243 1246 sedisse.
1256 1186 1358 1243 Sedere
1371 1185 1441 1242 enim
1459 1184 1602 1258 qniesoere
1618 1193 1677 1240 est.
1695 1185 1762 1240 Plus
1777 1192 1815 1241 est

164 1282 220 1344 est;
236 1276 300 1346 qnia
316 1290 368 1330 non
388 1275 414 1331 in
430 1276 525 1331 umbra
537 1276 606 1346 jam,
625 1278 673 1332 sed
688 1277 715 1332 iu
729 1277 842 1334 lumine.
865 1280 959 1334 iustus
1014 1287 1102 1336 antem
1114 1278 1255 1352 quiescere
1269 1277 1296 1331 iu
1310 1275 1410 1331 umbra
1420 1289 1501 1347 qnam
1513 1272 1617 1343 virere,
1634 1272 1711 1330 sieut
1730 1273 1815 1330 vivere
1843 1312 1847 1319 -

163 1370 223 1421 erat
246 1364 341 1433 David,
370 1372 398 1419 et
413 1380 446 1420 ex
461 1364 514 1419 lide
528 1365 644 1433 vivebat,
673 1381 734 1422 cum
757 1366 862 1423 dicebet
877 1367 957 1422 Deo:
1008 1362 1073 1442 'plus
1087 1376 1128 1424 est
1141 1383 1221 1439 quam
1237 1363 1422 1421 tantummodo
1436 1379 1498 1418 esse
1518 1362 1545 1418 iu
1560 1378 1603 1418 ea.
1630 1361 1727 1434 Igitur
1747 1362 1814 1435 quoi

165 1454 208 1512 tta
220 1453 294 1510 mibi
315 1455 505 1521 intellectum,
529 1460 563 1511 ut
577 1456 683 1512 ducam
698 1457 833 1513 mndata
853 1461 914 1525 tua,
932 1460 960 1514 et
1015 1466 1208 1515 estcommune
1223 1456 1368 1512 multorum
1385 1452 1516 1524 propbeta
1529 1465 1684 1506 assumens
1696 1450 1751 1507 sibi
1765 1468 1773 1506 ι
1788 1452 1815 1508 is

164 1543 259 1600 uiuam
284 1542 369 1612 (Psoi.
385 1558 477 1611 cxvrrr,
498 1545 545 1611 ts,
560 1545 636 1615 ttt);
663 1543 753 1601 sciens
771 1561 960 1602 successurum
1015 1547 1115 1604 umbra
1131 1547 1192 1617 eivs
1211 1545 1342 1611 uiuimus,
1368 1541 1471 1612 inquitg
1494 1554 1595 1610 sponse
1624 1554 1697 1596 vero
1719 1540 1815 1596 balant

166 1631 232 1686 lidei
259 1631 449 1698 intellectum,
476 1632 622 1689 intellectui
660 1633 837 1690 revelandum
871 1634 961 1690 lumen
1016 1634 1233 1708 prerogativam,
1247 1632 1330 1692 etiam
1343 1629 1417 1703 quod
1431 1629 1482 1686 sub
1496 1644 1529 1685 ea
1542 1627 1814 1702 siupvtlttritersede·

167 1719 240 1784 vitre,
259 1725 286 1774 et
299 1719 409 1774 luminis
422 1719 515 1775 vitam.
531 1721 609 1777 Prius
620 1727 661 1776 est
671 1721 764 1777 venire
778 1722 812 1776 ed
822 1724 961 1790 umbram,
978 1679 1001 1758 Β
1016 1726 1060 1792 rit,
1080 1722 1222 1793 gloriatur.
1247 1721 1309 1779 Nou
1330 1722 1403 1776 enim
1424 1726 1456 1775 ut
1479 1719 1525 1774 ille
1548 1716 1719 1791 pluraliter:
1748 1718 1815 1776 tist-

167 1816 195 1864 et
216 1808 252 1863 ita
266 1808 300 1863 od
327 1807 354 1862 id
373 1809 452 1877 cujus
466 1810 562 1864 umbre
588 1819 615 1865 et
629 1809 804 1879 pertransire,
816 1812 962 1883 quonism,
1017 1814 1145 1886 mus;ita
1164 1818 1191 1869 et
1212 1812 1288 1868 hec:
1304 1809 1431 1866 Sedimus
1453 1807 1536 1880 dixit3
1561 1807 1611 1863 sed
1632 1806 1813 1881 §omittitis

167 1897 226 1954 uisi
242 1896 431 1962 credideritis,
451 1896 496 1964 ait,
514 1914 572 1955 nou
585 1898 755 1972 iuteltipetis
768 1901 845 1969 (lsai.
865 1915 915 1967 vn,
931 1903 961 1964 9.
1018 1904 1088 1972 sedi,
1112 1909 1141 1957 ut
1169 1912 1303 1973 agnoscas
1324 1894 1542 1969 prerogativam.
1572 1892 1627 1952 Ubi
1651 1895 1748 1968 itaque
1773 1909 1815 1950 uos

165 1987 243 2057 ium
257 1985 349 2054 mi·
1016 2007 1078 2048 cnm
1104 1989 1196 2046 labore
1223 1987 1348 2050 vivimus,
1374 1984 1420 2058 qni
1444 1981 1547 2040 conscii
1570 1990 1754 2055 poeoniorum
1772 1982 1815 2039 svb

202 2076 230 2130 t.
250 2074 335 2130 Vides
349 2071 429 2130 fidem
457 2080 485 2130 et
499 2074 582 2134 vitam
608 2090 678 2143 esse,
693 2084 721 2133 et
745 2075 807 2134 vitae
821 2078 962 2135 umbram.
1018 2082 1114 2137 timore
1128 2076 1274 2142 servimus,
1289 2075 1327 2129 ibi
1340 2075 1398 2130 haee
1422 2073 1519 2129 dmote
1535 2078 1564 2128 et
1589 2087 1688 2128 amaus
1703 2072 1816 2130 suaviter

167 2162 236 2219 Nam
251 2163 391 2237 eregione
413 2163 469 2220 vita
483 2162 512 2218 in
526 2164 632 2220 deliciis
651 2168 752 2238 egens,
767 2166 893 2238 quoniam
908 2182 964 2223 nou
1018 2167 1172 2243 requiescit.
1186 2164 1310 2237 Denique
1325 2162 1407 2218 timor
1422 2176 1530 2234 poenam
1543 2160 1638 2229 habu,
1653 2176 1732 2217 amor
1754 2176 1815 2217 sut·

168 2260 212 2309 est
220 2267 253 2306 ex
268 2251 331 2318 lide,
347 2260 374 2309 ει
388 2268 462 2308 mors
475 2259 524 2318 εει,
534 2262 561 2309 ει
575 2253 671 2310 umbre
682 2255 785 2313 mortis.
798 2255 864 2323 Quoe
875 2258 963 2326 euim,
1018 2260 1136 2318 ritatem.
1152 2255 1230 2312 Unde
1252 2253 1306 2311 ait:
1325 2256 1358 2310 ut
1376 2254 1493 2325 fructus
1515 2253 1577 2326 ejus
1593 2250 1684 2308 duteu
1701 2254 1816 2325 putturi

169 2339 268 2415 iuquit,
275 2342 360 2399 vidue
367 2342 400 2398 iu
409 2342 519 2399 deliciis
526 2345 674 2408 est,aiveus
681 2348 796 2402 mortua
805 2350 847 2403 est
857 2346 883 2419 (l
894 2348 962 2403 lim.
1019 2364 1098 2414 mem·
1113 2353 1220 2420 gustum
1237 2341 1472 2413 contemplationis
1486 2339 1644 2415 significuus
1667 2356 1751 2414 quem
1769 2341 1815 2396 ob·

169 2444 197 2498 v,
231 2432 268 2500 6).
296 2430 418 2503 Denique
444 2431 577 2502 sapientis
601 2433 689 2489 earnis
704 2441 842 2489 moreest.
869 2434 965 2507 (Rom.
1021 2439 1140 2493 tinuerit
1163 2450 1208 2504 per
1226 2446 1344 2487 amorem
1363 2429 1485 2488 suaviter
1513 2429 1666 2487 sublevata.
1691 2429 1730 2485 tr
1752 2428 1813 2487 istud

170 2533 232 2584 usn,
261 2521 300 2582 6).
323 2519 378 2574 Sed
401 2528 427 2574 et
448 2520 542 2575 mortis
568 2527 609 2575 est
628 2521 734 2592 umbra,
765 2522 836 2578 illins
865 2523 968 2580 scilicet
1020 2527 1047 2581 in
1067 2526 1171 2587 umbra,
1189 2521 1251 2594 qnia
1266 2536 1316 2592 per
1338 2519 1476 2590 specuium
1496 2528 1525 2575 et
1537 2518 1567 2574 in
1590 2518 1752 2595 enigmate.
1765 2519 1814 2574 Brit

171 2622 233 2677 quie
247 2606 352 2663 cruciet
374 2606 401 2660 in
417 2613 559 2662 aeternnm.
576 2607 701 2664 sedimus
715 2619 743 2666 et
756 2626 808 2666 uos
823 2611 967 2682 aliquando
1022 2631 1083 2671 cum
1108 2610 1301 2668 declinaverint
1325 2610 1429 2665 umbrae
1457 2616 1598 2665 crescente
1623 2606 1741 2675 lumine,
1769 2607 1813 2662 irus

170 2695 199 2750 in
214 2693 365 2751 tenebrosis
381 2701 408 2750 et
432 2696 527 2750 umbro
555 2700 656 2768 mortis,
686 2698 831 2753 carnaliter
853 2714 969 2756 couver-
1022 2697 1326 2774 penitusdrsparueriut,
1343 2704 1370 2754 ει
1388 2696 1548 2753 subintrabit
1572 2697 1647 2754 sicut
1667 2697 1813 2768 perspicua,

172 2790 272 2849 santes,
288 2790 384 2839 etnon
397 2799 429 2839 ex
444 2782 498 2841 fide
513 2784 653 2857 viventes;
673 2787 771 2841 mortui
783 2789 839 2858 jam
858 2788 968 2861 quidem
1023 2792 1059 2847 ita
1082 2799 1110 2846 et
1135 2785 1246 2845 1435
1270 2793 1398 2859 perpetua
1422 2785 1510 2851 visi03
1526 2783 1637 2856 eritque
1662 2800 1722 2844 uou
1746 2787 1814 2843 modo

170 2870 291 2941 justitie,
308 2877 424 2927 amorte
438 2886 505 2928 vero
528 2873 646 2929 secunda
670 2875 857 2945 paulominus
872 2879 967 2933 absor-
1021 2879 1139 2937 suavitas
1153 2875 1267 2951 gutturi,
1279 2875 1327 2932 sed
1342 2883 1368 2931 ει
1381 2873 1491 2931 satietas
1508 2872 1614 2943 ventri;
1632 2873 1696 2931 siue
1718 2874 1815 2931 fastidio

172 2960 264 3015 brodi.
292 2959 428 3028 Quantum
447 2960 546 3017 etenim
575 2963 671 3018 umbra
698 2979 785 3036 prope
802 2975 843 3020 est
858 2966 967 3036 corpori
983 2958 1005 3037 Β
1019 2977 1119 3025 tumen.
1135 2967 1191 3023 Sui
1206 2965 1307 3021 umbra
1320 2964 1474 3035 ejuspaem
1499 2959 1739 3021 desideroverom
1759 2962 1814 3027 seii,

173 3052 251 3117 cnjns
265 3054 306 3103 est
320 3048 429 3119 umbra,
459 3056 562 3105 tanturn
578 3061 717 3119 procerte
742 3052 799 3108 vitu
815 3052 862 3108 illa
875 3061 968 3109 nostru
1021 3065 1050 3116 et
1060 3061 1174 3130 fruetus
1185 3057 1244 3127 ejm
1261 3052 1354 3109 dulcis
1366 3051 1560 3122 putturimee.
1575 3050 1636 3106 Nos
1651 3047 1816 3124 qnoqueubi

172 3137 278 3194 interno
304 3136 541 3209 appropinquavit.
562 3138 710 3209 Denique:
741 3141 801 3197 Nisi
822 3143 888 3214 puio
910 3143 967 3199 Do·
1023 3163 1123 3220 sponsa
1143 3150 1250 3217 pausat,
1264 3155 1405 3216 pausemus
1418 3139 1528 3213 pariter,
1544 3139 1579 3195 de
1599 3153 1726 3213 sumpto
1751 3148 1817 3216 poste

172 3225 555 3297 miuusodjuvitme,inquit,
567 3229 758 3299 paulominus
773 3229 967 3287 institueretis
1024 3229 1438 3309 pstremlnmiliasplorilieontes,
1455 3228 1502 3300 qul
1517 3241 1568 3283 uos
1582 3227 1618 3283 ed
1644 3228 1718 3287 tiles
1736 3229 1819 3304 epulas

174 3313 289 3383 inferno
303 3307 473 3370 urtimemeu
488 3315 575 3383 (Prul.
591 3317 920 3389 xcrtv,l’i).Nuucuutem
935 3319 970 3375 de
1023 3325 1156 3392 inritavit,
1168 3335 1299 3395 sponsum
1310 3317 1443 3375 Ecclesite
1454 3317 1544 3372 letum
1565 3314 1701 3373 Christum
1727 3316 1819 3373 Domi·

174 3402 271 3457 umbra
287 3400 381 3456 mortis
399 3399 434 3456 ad
458 3402 520 3457 vitae
536 3403 708 3460 transivimus
721 3406 845 3460 umbram
860 3424 867 3474 ;
883 3407 971 3480 magis
1025 3431 1087 3469 num
1103 3420 1235 3474 nostrum,
1253 3407 1299 3482 qni
1313 3416 1356 3464 est
1372 3421 1457 3478 snper
1471 3403 1562 3461 omnia
1574 3402 1648 3461 Deus
1658 3402 1820 3463 benedtera

175 3498 264 3546 autem
289 3489 406 3545 translati
422 3506 517 3545 sumus
538 3492 573 3546 de
589 3501 674 3547 morte
690 3494 721 3546 ad
743 3494 828 3550 vitam
844 3494 871 3566 (i
887 3497 969 3553 ioan.
1024 3503 1051 3558 in
1066 3501 1176 3558 saecula.
1193 3501 1288 3554 Amen.

175 3594 218 3644 ιιι,
233 3579 288 3651 ll),
301 3577 329 3632 in
343 3577 442 3635 Christi
461 3581 557 3635 umbro
572 3580 707 3647 viventes,
723 3581 746 3637 si
761 3590 851 3638 tanuen
874 3585 972 3640 viven·
1311 3601 1428 3660 sunno
1441 3601 1539 3659 XLIX.

178 3674 227 3737 tes,
255 3677 283 3725 et
309 3682 363 3724 non
382 3668 491 3725 mortui.
511 3668 568 3725 Nec
585 3670 668 3739 enirn,
688 3686 759 3740 reor,
785 3673 923 3742 continuo,
943 3684 972 3731 ut
1029 3716 1156 3788 malim
1177 3728 1229 3786 W
1244 3712 1445 3769 discretionem
1462 3706 1619 3766 ordinatur
1633 3705 1817 3793 chan-mr„

176 3757 239 3827 quis
261 3757 402 3813 inumbra
424 3761 483 3830 ejus
508 3758 599 3827 luerit,
620 3760 694 3832 quod
708 3761 783 3817 vivat
802 3762 829 3817 in
849 3778 891 3832 ea,
906 3779 972 3834 quta
1060 3788 1157 3845 omnia
1175 3783 1302 3841 membra
1324 3782 1466 3847 poclm,
1481 3781 1511 3838 ia
1523 3783 1566 3838 at
1587 3778 1690 3847 eiecti,
1712 3780 1818 3836 ittotm

177 3860 232 3900 non
248 3846 327 3916 plane
341 3846 429 3901 omnis
448 3847 494 3918 qni
510 3847 589 3903 iidem
601 3849 681 3905 babet
694 3866 726 3906 ex
742 3849 794 3907 tute
810 3852 884 3907 vivit.
899 3853 970 3907 Nam
1060 3859 1240 3929 coilipeutur.

177 3930 247 3987 fides
274 3932 333 3986 sine
364 3934 492 3999 operibns
518 3946 624 3990 mortua
648 3943 703 4005 est;
734 3954 783 3995 nec
804 3941 971 4010 potestdnre
1061 3938 1820 4003 t.introducaturreeiucellomuiuoriammrdiov·

178 4021 272 4089 niun,
301 4035 383 4090 quum
398 4019 507 4076 minime
521 4021 578 4092 ipss
606 4023 738 4080 hebuerit.
759 4026 971 4097 Ideopropheta
1024 4029 1106 4085 vitiu
1120 4025 1349 4082 mecharitatem
1363 4022 1455 4093 [dont.
1471 4035 1501 4086 tt,
1514 4020 1551 4090 i).
1563 4018 1821 4092 thutdempmnr·

178 4126 241 4165 curn
255 4108 369 4164 dixtsset
384 4127 391 4164 :
409 4111 530 4183 Spiritus
547 4116 614 4169 aute
629 4115 731 4184 sociem
742 4120 871 4172 nostram
890 4116 972 4174 ditri-
989 4128 1012 4206 ὓ
1026 4117 1070 4172 siti
1084 4115 1111 4170 in
1122 4112 1233 4186 capituli
1246 4111 1353 4168 videtur
1366 4124 1462 4166 souare
1472 4107 1571 4169 littera.
1581 4106 1684 4163 habito
1699 4123 1754 4180 pro
1765 4108 1821 4164 volit

179 4204 242 4256 stus
257 4201 406 4267 Dominus,
427 4215 480 4255 non
495 4209 639 4257 contentus
653 4202 704 4259 luit
717 4202 796 4274 sequi
818 4210 844 4259 et
858 4205 948 4261 dioere
963 4223 971 4262 t
1027 4206 1099 4261 dulci
1112 4205 1257 4259 edmonnm
1273 4199 1456 4271 familiarique
1468 4195 1608 4270 colloquio
1632 4212 1704 4252 eom
1727 4195 1821 4255 obses

179 4288 209 4343 ln
230 4290 329 4345 umbra
343 4290 404 4359 ejus
426 4290 609 4359 snmus;sed,
625 4291 783 4356 inumbra,
799 4291 974 4367 inquit‚ejus
1028 4295 1074 4351 illo
1094 4293 1208 4348 abeunte
1231 4304 1332 4361 sponsa
1360 4287 1512 4358 regreditur
1538 4286 1573 4340 td
1597 4284 1821 4345 adolescente&

180 4379 301 4434 vivimus
315 4381 394 4435 iuter
406 4382 514 4450 pentes.
524 4379 557 4434 Et
567 4388 595 4433 tu
605 4395 672 4453 ergo
687 4381 747 4437 vide
756 4391 785 4438 ut
797 4382 871 4440 viras
884 4399 975 4440 exem·
1028 4390 1136 4455 aspectu
1152 4381 1189 4437 itu
1203 4381 1289 4451 ipsius
1312 4378 1452 4451 allatoque
1471 4374 1573 4432 reiecta
1592 4377 1684 4447 atque
1712 4388 1823 4435 ecoe!

181 4468 226 4538 plo
254 4468 396 4539 prophete
419 4467 446 4523 in
473 4470 569 4524 umbra
597 4470 667 4540 eius,
699 4479 730 4527 nt
757 4473 921 4546 quandoque
948 4481 976 4529 et
1028 4479 1162 4544 quatenns
1177 4470 1260 4525 ebrie
1273 4466 1369 4523 similis
1380 4470 1533 4539 appareret.
1549 4463 1584 4518 Et
1598 4462 1686 4535 quasi
1701 4463 1760 4520 illis
1777 4472 1824 4519 stt·

181 4572 282 4629 regnes
303 4556 329 4611 in
350 4557 451 4613 lumine
468 4560 538 4627 ejus.
554 4559 611 4614 Nec
639 4559 710 4615 euim
735 4568 835 4617 tantum
850 4563 975 4620 umbram
1029 4560 1156 4634 pentibus
1171 4558 1325 4624 novitatem,
1340 4563 1368 4613 et
1376 4553 1561 4630 querentibus
1573 4566 1704 4619 musam,
1719 4566 1824 4625 respou-

182 4646 274 4712 habet,
290 4645 370 4701 babet
385 4654 412 4702 et
428 4646 525 4704 lucem.
549 4648 609 4715 lpse
623 4665 673 4721 per
686 4665 795 4707 ceruern
818 4652 914 4707 umbra
935 4661 976 4707 est
1030 4649 1069 4706 dit
1085 4648 1182 4704 mirum
1202 4645 1313 4702 minime
1336 4641 1448 4716 esseni
1469 4640 1534 4698 vino
1557 4647 1706 4715 estuaret,
1726 4638 1825 4715 quei

181 4734 254 4802 fidei,
271 4734 330 4802 ipse
347 4734 534 4805 intelligentie
547 4735 639 4793 lumen
653 4753 702 4810 per
714 4739 854 4810 Spiritum.
865 4741 899 4796 Et
912 4756 975 4797 caro
1029 4738 1124 4795 cellam
1147 4734 1279 4792 vinariam
1302 4732 1463 4788 introisset·
1477 4729 1511 4784 tu
1531 4728 1696 4786 secuudum
1720 4729 1824 4786 littem

181 4829 222 4878 est
245 4821 330 4892 enim,
354 4830 381 4879 et
408 4821 529 4891 spiritns.
549 4823 630 4889 Caro,
645 4825 672 4879 in
687 4841 771 4882 carne
789 4828 973 4898 manentibus3
1030 4827 1076 4883 ita.
1093 4825 1248 4883 Secundum
1263 4821 1388 4895 spiritum
1402 4832 1513 4894 quoqne
1529 4831 1585 4873 nou
1610 4826 1702 4891 neget
1724 4818 1825 4877 eumn

181 4909 303 4980 spiritus,
318 4918 381 4966 ante
409 4909 505 4967 ieeiem
526 4918 655 4979 nostram,
686 4912 712 4968 id
727 4922 769 4968 est
787 4913 815 4970 in
830 4913 934 4987 lntnro;
951 4916 975 4972 si
1028 4916 1077 4972 sed
1091 4929 1258 4983 amore,uon
1273 4909 1347 4980 mnu,
1364 4908 1416 4965 uisi
1430 4907 1593 4982 quodamor
1607 4904 1713 4964 sinn·
1726 4906 1825 4965 esth

182 5006 270 5055 tarmen
284 5014 346 5074 qne
362 5008 433 5056 retro
448 5007 512 5056 sunt
524 4999 727 5073 obliviscentes,
742 5001 777 5057 nd
791 5017 823 5058 ea
836 5018 897 5074 que
910 5014 974 5062 ante
1031 5005 1194 5063 trodueerit
1211 5018 1257 5060 me
1279 5016 1332 5058 ree
1352 5000 1384 5055 ia
1411 4997 1514 5056 uttam
1530 4996 1696 5054 dimus.
1723 4996 1826 5068 omna

180 5094 245 5144 sont
270 5091 450 5162 nosmetipsos
473 5089 656 5155 extendimus,
690 5105 744 5164 quo
775 5092 974 5162 pervenientes,
1029 5109 1150 5167 presens
1165 5101 1207 5148 est
1221 5104 1349 5164 sponsus,
1365 5092 1393 5144 et
1406 5100 1509 5159 sponsa
1522 5084 1556 5142 ad
1569 5084 1667 5158 ipsum
1681 5098 1827 5145 mm

181 5176 352 5246 experiamur
366 5177 400 5233 de
415 5178 502 5235 Verbo
516 5181 589 5252 qnod
603 5177 671 5234 dixit
686 5197 692 5237 :
712 5182 782 5239 dura
791 5198 848 5240 uon
861 5182 975 5256 prodest
1029 5183 1139 5257 diripit3
1156 5189 1219 5238 tuuc
1232 5195 1351 5254 sponsus
1364 5175 1465 5234 dicitur
1479 5174 1675 5241 autdiiecttts,
1691 5184 1827 5250 atqu

180 5265 345 5338 prridqunm,
357 5268 476 5338 spiritus
489 5273 531 5325 est
545 5271 593 5344 qui
608 5270 734 5340 vivificat
748 5271 842 5343 (ioan.
860 5287 899 5338 vt,
916 5274 973 5346 il).
1029 5272 1233 5345 ditipitouima
1242 5265 1432 5338 meo‚iut{11it}3
1444 5265 1559 5336 Ῑθίιῑῑθῑὶ8
1573 5276 1644 5319 Μ
1654 5263 1694 5320 (Ῑθ
1703 5262 1829 5336 lim*

179 5355 235 5411 tte
251 5355 348 5425 ignoro
363 5358 434 5428 qoud
458 5359 485 5412 iu
500 5374 581 5416 carue
596 5361 687 5415 adhue
711 5378 825 5418 manens
851 5363 913 5436 qnis
928 5363 973 5419 di·
1029 5360 1198 5424 lescentnlis,
1211 5372 1307 5430 regem
1322 5352 1454 5411 nominat.
1471 5351 1572 5424 Uiqnid
1585 5350 1669 5409 hoo?
1694 5353 1828 5427 Propter·

181 5446 306 5501 xerittdt
312 5449 337 5502 ai
342 5447 521 5520 coenavimus
528 5449 674 5508 Christum
680 5453 973 5522 secundumcoruem,
1029 5449 1119 5515 eredo,
1132 5447 1346 5519 tuiletilli‘ssiae
1360 5442 1461 5499 ammi
1475 5449 1557 5514 “4¹¹⁰
1569 5438 1686 5498 dum
1699 5439 1829 5499 md

219 5533 548 5602 (eustasianorum.
568 5538 670 5606 vorsu,
687 5543 818 5600 visimus.
1030 5533 1343 5608 aerumnarumque
1355 5532 1390 5590 vd
1403 5539 1497 5601 nass,
1512 5528 1827 5597 emittentem-ss
