3734 5948
53 226 102 278 321

592 218 627 277 ΙΝ
641 218 860 277 ASCENSIONE
883 218 1137 278 uomulsuttlto
1159 215 1190 280 V.

1659 218 1712 284 322

53 362 160 413 corum,
188 360 250 400 cnm
275 343 369 398 abeis
392 360 453 398 seso
478 344 665 415 pronuntiaret
693 345 802 409 iterum,
830 350 899 438 οιΑ
922 343 1021 400 llabae.
1038 361 1067 407 u,
1084 345 1123 415 3).
1139 345 1258 414 Apostoli
1273 347 1369 400 decern
1383 345 1443 401 dies
1458 347 1485 402 in
1501 349 1551 404 bac
1566 357 1721 424 exspecta·¹

53 437 185 491 adderet:
201 437 257 504 Quo
268 434 458 505 resimilans
469 452 524 491 arca
531 437 649 506 potestis
660 436 753 491 aenae
761 434 861 491 ruodo?

53 527 148 585 ιζιιιιιιι.
183 537 246 585 sarr,
274 525 330 587 2l.)
362 521 462 590 Quidni
491 529 707 578 concuterentur
736 523 859 592 viscera,

55 608 858 679 turbareturallectuS,haesitaretanimus,haereretvultuS,

55 699 294 771 paveretauditus‚
306 700 476 754 necomnino
486 699 676 769 equanimiter
686 697 860 753 discessionis

56 792 117 857 ejns
141 803 232 843 sermo
248 787 468 858 possetadmitti,
485 795 515 841 ut
537 787 705 858 relinqueret
719 803 777 853 eoS,
795 801 859 857 pre-

56 893 111 947 quo
125 876 217 932 cannia
228 874 421 947 reliquissent?
435 877 569 931 Caeterum
581 892 636 931 non
650 884 680 930 ut
698 883 821 930 uranerct
833 874 860 927 in

56 982 150 1029 earne,
167 966 216 1020 sed
232 975 262 1020 ιιι
277 963 470 1020 tntnslcrretur
488 966 522 1019 ad
541 964 676 1037 spiritum,
693 973 765 1020 totus
778 964 813 1019 ab
827 977 861 1018 eo

56 1066 85 1110 ut
99 1055 173 1110 illam
192 1069 302 1109 caruem
325 1053 519 1123 discipulomm
540 1054 626 1110 luerat
646 1053 776 1110 collectus
795 1052 862 1108 alle·

57 1157 127 1210 ctus,
152 1154 182 1198 ιιι
205 1142 296 1199 dicere
320 1149 393 1198 essct
411 1142 576 1214 aliquando:
602 1144 662 1200 Etsi
685 1145 861 1216 cogitaramus

58 1236 77 1289 ι’
79 1234 205 1288 aristam
215 1231 371 1287 secundam
378 1249 408 1287 ca
413 1247 504 1299 rnern,
512 1231 559 1287 scd
570 1235 711 1305 auacjam
722 1232 862 1289 ιιιιιιιιοιιὶ·

57 1338 122 1377 arras
137 1323 178 1390 (ll
193 1323 261 1388 Cor..
271 1335 300 1386 v,
312 1324 368 1390 16).
385 1320 461 1376 [1ιιι1ι
476 1328 504 1376 et
519 1321 733 1396 benignissimus
747 1321 792 1376 ille
807 1337 863 1375 ma·

58 1412 148 1481 gistcr
164 1409 270 1463 blandis
285 1424 333 1465 ees
346 1409 475 1465 refovens
496 1410 725 1467 consolationibus
739 1410 794 1465 ait:
813 1413 864 1469 llo·

57 1501 126 1571 gabo
135 1502 250 1555 Patrem
262 1515 364 1561 eneam,
377 1500 502 1554 etaliarn
512 1498 864 1569 l‘araaletamdabituebis,

59 1587 865 1660 Spiritarrtueritatr's,qaiuolriscarnnrancatiureteraum

916 431 989 487 tione
1003 432 1144 501 sederunt,
1155 443 1364 505 perseverantes
1374 435 1575 493 unanimiterin
1589 438 1713 495 oratioue

914 536 975 574 oum
1000 518 1159 575 mulieribus
1182 529 1209 575 et
1225 522 1317 589 blaria,
1334 530 1420 578 matre
1442 523 1594 597 lesuplct.
1617 543 1637 593 ι,
1657 526 1712 595 tt).

914 609 947 663 Et
961 617 988 664 tn
1004 609 1085 680 igitur
1099 625 1178 665 orare
1193 610 1276 680 diseo,
1292 610 1368 667 disce
1383 627 1518 684 quaerere,
1534 622 1639 684 petere,
1655 614 1714 685 pul-

915 713 985 762 sare,
1002 699 1091 753 donec
1106 698 1238 766 invenias,
1255 700 1343 755 donec
1356 701 1485 772 accipias,
1496 702 1585 758 donec
1604 702 1713 775 aperia-

915 796 957 841 tur
981 787 1038 844 tibi.
1063 786 1144 842 Novit
1160 788 1291 842 Dominus
1316 788 1475 861 figmentum
1505 797 1598 848 tuum:
1624 789 1713 847 lidelis

915 884 966 940 est,
983 892 1036 930 uon
1053 885 1078 930 te
1094 876 1210 947 patietur
1226 877 1324 930 tentari
1338 895 1420 948 supra
1435 894 1515 950 quam
1530 880 1628 949 possis.
1645 880 1714 936 Con·

915 962 969 1019 lido
993 965 1107 1035 inipso,
1132 966 1206 1037 quod
1235 966 1257 1019 si
1281 965 1396 1022 fideliter
1420 969 1634 1041 exspectaveris,
1663 985 1714 1026 nec

915 1055 986 1110 diem
1011 1056 1146 1110 decimum
1170 1056 1348 1127 exspectabit.
1369 1058 1519 1113 Praeveuiet
1532 1066 1607 1116 certa
1626 1059 1653 1114 in
1668 1060 1715 1115 be-

916 1144 1114 1209 nedictionibus
1130 1144 1281 1201 dulcedinis
1296 1146 1446 1200 desolatam
1460 1148 1577 1202 animam
1593 1155 1621 1203 et
1635 1163 1716 1204 oran·

918 1241 971 1288 tem
985 1240 1014 1286 ut
1029 1231 1144 1288 feliciter
1157 1240 1185 1289 et
1200 1249 1255 1289 nou
1270 1233 1304 1288 ad
1318 1233 1503 1305 insipientiam
1518 1236 1567 1290 tibi
1580 1235 1714 1292 consolari

918 1337 1045 1389 renuens,
1071 1323 1097 1376 in
1117 1322 1200 1393 ipsius
1232 1323 1364 1379 memoria
1388 1323 1541 1391 delecteris,
1567 1326 1715 1383 inebriatus

917 1412 951 1465 ab
965 1410 1090 1468 ubertate
1105 1410 1202 1466 domus
1224 1411 1284 1478 Dei,
1305 1420 1333 1467 et
1347 1412 1493 1484 voluptatis
1512 1415 1573 1483 ejus
1595 1422 1716 1471 torrente

918 1506 1036 1571 putatus.
1064 1499 1108 1555 Sic
1123 1499 1248 1555 nimirum
1268 1508 1296 1556 et
1319 1500 1431 1556 Elisams
1455 1501 1593 1574 quondam
1620 1516 1715 1558 orasse

918 1587 1027 1661 legitur,
1040 1604 1101 1643 cum
1115 1587 1301 1643 dulcissimum
1325 1586 1391 1643 illud
1408 1588 1544 1656 solatium,
1559 1587 1626 1645 Elia
1640 1605 1713 1661 praa·

59 1679 155 1744 (toan.
173 1691 234 1741 ιιι,
250 1677 310 1743 llil,
327 1676 449 1732 etitem:
466 1676 686 1745 saeveritatem
701 1676 762 1732 dica
777 1677 863 1741 subm
882 1667 903 1742 Β
919 1676 1036 1732 seutiam
1051 1675 1103 1730 sibi
1116 1676 1259 1748 plangeret
1272 1675 1494 1733 subtrahendam.
1506 1676 1561 1732 Sed
1572 1675 1717 1734 considera

59 1765 176 1838 expedit
192 1764 265 1820 arabis
281 1764 491 1835 atepauadam.
503 1764 564 1820 llisi
578 1765 654 1820 enim
668 1764 770 1821 abiero.
781 1766 866 1821 Paro·
920 1764 1076 1837 diligentius
1089 1764 1154 1836 quid
1173 1764 1301 1834 oraverit,
1320 1765 1420 1837 quidve
1434 1779 1598 1836 responsum
1612 1764 1647 1820 sit
1665 1778 1716 1836 po·

60 1854 150 1911 eletas
173 1870 231 1909 aron
255 1853 348 1907 ueniet
367 1854 402 1908 ad
418 1869 466 1908 aas
488 1851 582 1923 (laert.
607 1867 667 1919 xvr,
689 1854 729 1923 7).
754 1852 866 1908 Grande
920 1854 1041 1909 stuluuti.
1059 1853 1231 1926 draiuquit,
1252 1855 1423 1920 demiserat
1446 1854 1499 1924 atat
1512 1854 1632 1926 spiritua
1648 1857 1718 1910 ιιιιιι
1817 1838 1821 1845 ’

60 1942 231 2013 mysterium,
248 1930 345 1997 iratres
360 1941 428 1998 mci!
445 1939 514 2009 Quid
535 1940 607 1996 enirn
630 1941 684 1996 sibi
705 1941 781 1998 vult:
807 1942 867 1998 llisi
921 1944 1027 2016 daplee
1047 1944 1078 1998 ia
1091 1961 1147 2001 aaa.
1158 1943 1289 1999 Nimirum
1313 1942 1443 2014 duplicari
1458 1941 1483 1998 ei
1494 1941 1619 2014 spiritum
1633 1956 1716 2013 oper-

61 2051 107 2102 ran
122 2032 230 2099 adiero,
246 2032 412 2086 Paracletus
427 2047 484 2086 aton
496 2031 614 2087 ueniet?
628 2031 703 2086 ltane
719 2031 804 2087 invisa
818 2032 866 2085 Pa·
922 2033 1006 2100 tebat,
1035 2041 1065 2087 ut
1078 2033 1201 2104 magistri
1218 2031 1344 2087 abeuntis
1357 2030 1506 2086 absentiam
1529 2030 1616 2102 gratis
1629 2029 1717 2101 dupli·

64 2122 168 2176 racleto
184 2119 331 2190 praesentia
350 2118 461 2185 Christi,
477 2118 746 2174 autcontubernium
770 2119 865 2174 [lomi-
921 2128 980 2175 cata
994 2119 1144 2192 suppleret.
1175 2120 1251 2176 Unde
1266 2127 1294 2176 et
1316 2117 1438 2174 Ebasad
1457 2133 1537 2174 eum:
1552 2116 1714 2183 Siaiderta

64 2211 134 2264 nicee
167 2208 258 2263 earnis
272 2207 389 2278 Spiritus
417 2217 526 2262 sanctus
546 2209 685 2274 horrebat,
710 2225 771 2280 quae
799 2207 867 2264 siout
921 2208 1017 2280 inquit,
1033 2208 1238 2280 quandaloller
1253 2225 1272 2263 a
1286 2211 1324 2273 le,
1338 2206 1471 2280 fietquad
1484 2203 1716 2278 patettdlltea.

65 2295 865 2368 angelopraenuntiantecognovimus,neeconeipiquidem,
921 2314 951 2363 ιι,
975 2295 1327 2368 a,10).buplicavitenim
1350 2295 1476 2367 spiritum
1493 2293 1560 2351 visio
1582 2292 1717 2358 amunta,

62 2384 114 2439 nisi
127 2401 161 2440 eo
176 2384 387 2455 superveniente
403 2385 519 2455 potuerit
535 2386 612 2456 (bac.
630 2401 651 2451 ι,
671 2383 811 2455 35.)de
825 2392 867 2440 est
921 2401 981 2441 cum
1004 2385 1147 2440 evidenter
1174 2394 1267 2456 raptus
1285 2385 1313 2438 in
1334 2384 1443 2449 coelum,
1469 2383 1596 2441 universa
1617 2379 1720 2453 pariter

63 2489 150 2545 ergo:
168 2474 229 2529 blasi
247 2490 296 2544 ego
311 2474 414 2541 abiero,
435 2474 600 2532 Paracletus
615 2490 672 2531 aera
688 2475 801 2531 serviet?
812 2473 867 2528 Nisi
921 2477 981 2545 ejus
999 2473 1136 2530 desideria
1145 2489 1238 2530 secum
1253 2471 1322 2539 tulit,
1338 2480 1369 2527 ut
1386 2472 1520 2544 inciperet
1533 2471 1592 2543 ipse
1609 2483 1720 2543 quoquo

62 2561 154 2617 carnis
175 2561 320 2632 praesentia
332 2561 428 2616 vestris
447 2562 622 2617 subtrahatur
636 2562 803 2633 aspectibus,
815 2561 867 2633 spi·
920 2564 976 2633 jam
990 2577 1088 2635 sapere
1096 2578 1158 2634 quae
1168 2577 1275 2617 sursum
1287 2569 1362 2625 sunt,
1373 2576 1429 2617 nen
1440 2576 1501 2632 quae
1511 2575 1595 2632 super
1605 2567 1717 2615 terram.

63 2651 168 2706 ritualis
195 2651 291 2724 gratiae
319 2650 518 2722 plenitudinem
546 2659 678 2724 occupata
705 2667 784 2710 mens
811 2667 866 2708 uon
921 2650 1072 2723 Duplicavit
1099 2650 1223 2722 spiritum
1256 2648 1324 2706 visio
1351 2648 1486 2718 abeuntis,
1516 2655 1547 2704 ut
1572 2638 1721 2704 intellectui

62 2738 184 2795 admittit
197 2754 253 2794 nou
268 2739 364 2811 recipit
377 2738 491 2805 animus,
509 2739 645 2810 noncapit
660 2737 795 2796 allectus?
921 2740 1067 2812 spiritualis
1080 2741 1244 2812 jungeretur
1253 2737 1378 2806 allectus,
1394 2754 1455 2795 cum
1483 2739 1542 2806 ipsa
1558 2737 1663 2808 utique,
1677 2733 1719 2791 cui

100 2834 145 2885 13.
164 2828 236 2898 Quid
251 2828 329 2884 vebis
343 2828 462 2896 videtur,
484 2828 609 2885 iratres?
623 2829 652 2883 Si
667 2831 725 2886 haec
740 2829 777 2885 ita
791 2837 864 2899 suut,
922 2829 1090 2899 potissimum
1104 2828 1264 2898 inherebat,
1279 2843 1361 2884 carne
1381 2836 1475 2898 raptus
1487 2827 1515 2881 in
1529 2825 1639 2884 eoelum

63 2920 118 2973 imo
134 2917 198 2989 quia
211 2917 249 2972 ita
264 2927 337 2982 suut,
349 2916 449 2973 audeat
461 2916 565 2989 quisde
580 2926 680 2974 caetero
690 2917 867 2990 phantasticis
959 2921 1002 2974 15.
1018 2917 1096 2987 Quod
1112 2916 1263 2975 evidentius
1276 2917 1304 2971 iu
1322 2916 1451 2987 apostolis
1470 2915 1608 2970 invenitur
1621 2913 1721 2986 imple·

64 3007 230 3079 quibusdam
246 3005 382 3062 illecebris
396 3006 515 3076 deditus,
537 3016 645 3062 sectans
659 3007 793 3063 lenocinia
805 3024 866 3064 car·
884 2967 906 3044 c
923 3015 989 3062 tum.
1008 3004 1058 3061 Ubi
1067 3004 1139 3060 enim
1149 3003 1304 3062 ridentibus
1313 3003 1366 3058 illis
1378 3019 1443 3059 suus
1452 3002 1496 3060 ille
1506 3005 1585 3059 lesus
1596 3011 1650 3058 tam
1663 3016 1721 3056 ma·

63 3096 106 3152 nis
116 3112 185 3167 suae,
196 3096 287 3152 carnis
296 3097 390 3168 utique
402 3096 573 3169 peccatricis,
585 3096 686 3170 geuitae
695 3096 723 3151 in
736 3097 866 3169 peccatis,
923 3095 1022 3151 nileste
1041 3095 1163 3151 elevatus
1174 3106 1224 3157 est,
1241 3100 1270 3149 et
1284 3091 1421 3148 terebatur
1433 3091 1462 3146 iu
1477 3091 1587 3161 coelum,
1604 3099 1723 3146 utnerno

66 3195 188 3241 assuetae
211 3185 339 3257 peccatis,
364 3187 390 3240 in
410 3201 464 3258 qua
487 3185 604 3257 denique
619 3186 721 3241 bonurn
736 3201 791 3242 nou
815 3193 867 3254 est,
923 3199 1018 3241 eorum
1040 3198 1110 3256 opus
1132 3184 1245 3239 haberet
1259 3181 1440 3253 interrogare,
1464 3179 1525 3250 Quo
1538 3179 1642 3237 vadis?
1663 3179 1723 3253 ipsa

66 3275 141 3329 illum
165 3274 269 3347 pariter
289 3281 449 3345 exspectare
478 3274 668 3330 Paracletum?
695 3275 802 3332 audeat
826 3276 868 3330 in·
923 3275 992 3348 jam,
1016 3280 1046 3329 ut
1060 3273 1097 3328 ita
1115 3272 1239 3338 dixerim,
1264 3271 1370 3328 oculata
1386 3269 1440 3327 lide
1465 3270 1555 3328 edocti
1569 3275 1633 3326 suut
1656 3285 1721 3340 sup-

66 3377 159 3433 quam,
186 3362 232 3434 qui
255 3362 317 3418 huic
340 3362 512 3434 sterquilinio
538 3379 648 3434 semper
672 3363 797 3431 iubaeret,
822 3364 869 3436 qui
923 3363 1009 3436 plices
1022 3362 1051 3416 in
1065 3362 1162 3418 coelmn
1177 3361 1269 3417 levare
1282 3360 1385 3429 oculos,
1397 3375 1480 3432 puras
1493 3359 1607 3416 tendere
1617 3373 1724 3430 manus,

66 3465 179 3504 carnem
194 3449 278 3516 lovel,
301 3449 328 3503 in
343 3465 425 3505 earne
440 3448 564 3518 seminat,
582 3466 677 3506 canem
692 3451 776 3522 sapit;
796 3450 869 3505 illam
925 3452 1057 3524 promissa
1073 3451 1124 3507 sibi
1137 3451 1209 3506 dona
1233 3450 1423 3507 charismatum
1442 3447 1622 3521 postulantes,
1636 3448 1726 3509 donec
1789 3516 1792 3521 ¹

69 3538 243 3593 nihilominus
262 3538 477 3594 consolationem
492 3555 619 3612 supernae
632 3539 801 3608 visitationis,
818 3547 871 3596 tor·
926 3541 1002 3597 lieret
1016 3549 1129 3611 repente
1142 3538 1177 3594 de
1191 3538 1260 3595 curlo
1274 3553 1360 3594 sonus
1374 3537 1543 3595 advenientis
1561 3536 1672 3609 spiritus
1681 3550 1726 3596 re

67 3635 176 3682 rentem
190 3628 337 3699 voluptatis
352 3628 436 3693 illurn,
454 3628 527 3684 illam
550 3645 663 3701 sperare
678 3630 793 3701 gratiam
808 3629 871 3700 Spi·
926 3628 1072 3698 hamentis,
1092 3626 1263 3684 advenientis
1286 3627 1379 3700 utique
1398 3626 1480 3700 ignis,
1495 3641 1576 3697 quem
1593 3624 1726 3683 Dotninus

69 3716 139 3771 ritus
152 3716 334 3783 vehementis,
351 3725 485 3788 qrram,ut
495 3717 600 3773 Veritas
614 3719 674 3790 ipsa
685 3725 807 3787 testatur,
820 3733 872 3775 nee
927 3719 1005 3775 lesus
1034 3717 1159 3772 mittebat
1172 3716 1201 3771 in
1220 3723 1332 3784 terram,
1361 3714 1456 3771 voleus
1484 3716 1659 3770 vehementer
1676 3728 1724 3771 ac·

68 3821 132 3860 eum
154 3805 213 3877 ipsa
235 3806 345 3878 quidem
365 3805 446 3861 Verbi
468 3823 550 3863 carne
574 3806 716 3879 percipere
738 3806 873 3862 ullatenus
929 3807 1019 3863 cendi.
1051 3807 1164 3863 Constat
1192 3803 1325 3876 siquidem
1341 3817 1390 3858 eos
1404 3810 1431 3858 et
1444 3802 1520 3874 prius
1533 3801 1662 3873 Spiritum
1676 3817 1725 3857 ac·

68 3894 184 3966 apostoli
195 3895 365 3965 potuerunt?
380 3895 460 3950 Errat
473 3895 594 3961 omnino,
614 3895 637 3951 si
652 3895 711 3969 quis
734 3895 873 3952 eoelestem
929 3898 1045 3969 cepisse,
1061 3912 1123 3953 cum
1138 3894 1265 3952 videlieet
1277 3891 1425 3949 iusulllavit
1437 3891 1488 3960 eis,
1503 3900 1532 3948 et
1542 3891 1626 3947 dixit:
1640 3893 1723 3966 dect·

68 3984 144 4038 illam
164 3982 336 4040 dulcedinem
351 3985 413 4040 huic
436 3985 531 4051 cineri,
553 3985 677 4041 divinum
695 3985 762 4041 illud
783 3985 873 4041 busa-
928 3987 989 4058 pite
1005 3986 1145 4057 Spiritum
1159 3983 1392 4054 saactamllooa.
1404 3997 1456 4050 xx,
1469 3983 1527 4051 22),
1538 3981 1588 4037 sed
1603 3980 1726 4054 spiritum

70 4089 144 4128 mum
171 4070 257 4129 997
278 4071 341 4128 huic
364 4089 479 4141 veneno,
506 4074 670 4130 charismata
690 4074 737 4130 illa
763 4075 874 4146 spiritus
931 4074 1011 4145 plane
1027 4072 1092 4129 fidei
1106 4082 1134 4129 et
1146 4071 1344 4145 intelligentiae,
1361 4085 1416 4126 uon
1430 4070 1556 4141 fervoris,
1572 4085 1627 4142 qno
1640 4067 1730 4141 magia

70 4160 181 4217 misceri
203 4176 285 4232 posse
299 4162 454 4230 hujnsmodi
481 4162 616 4220 illecebris
634 4162 792 4219 arbitratur.
810 4162 874 4218 Fal·
933 4162 1135 4218 illuminaretur
1158 4160 1236 4230 ratio,
1252 4176 1333 4234 quam
1355 4159 1571 4216 inflammaretur
1598 4157 1728 4226 affecti03

71 4251 146 4317 leris,
171 4249 274 4305 Thema
299 4258 404 4317 sancte,
424 4250 535 4320 falleris,
560 4253 583 4306 si
601 4251 706 4317 videre,
731 4251 913 4360 hominumn

931 4252 1005 4325 quod
1023 4250 1154 4324 duplicati
1168 4250 1261 4322 utique
1284 4248 1394 4322 spiritus
1408 4263 1478 4319 epus
1493 4246 1551 4308 luit.
1563 4245 1643 4317 ‚Ques
1656 4244 1730 4303 euim

71 4355 178 4411 speras,
195 4339 424 4409 abapostolorum
439 4340 716 4412 eollegioseparatus.
729 4340 789 4397 Nau
803 4346 875 4395 amat
933 4340 1052 4397 Verbum
1090 4339 1176 4395 Patris
1217 4337 1386 4410 disciplinam
1414 4345 1442 4393 et
1469 4335 1630 4409 sapientiam
1645 4333 1729 4409 [aliea

72 4427 180 4482 Veritas
194 4427 321 4499 angulos,
336 4444 392 4485 non
406 4429 430 4485 ei
445 4430 594 4487 diversoria
608 4430 725 4502 placent.
739 4430 770 4485 Iu
785 4429 876 4486 medio

71 4522 141 4582 stat;
160 4514 187 4568 id
202 4524 245 4571 est
261 4515 401 4588 disciplina
415 4525 441 4572 et
456 4518 511 4574 vita
525 4519 671 4587 communi,
689 4517 878 4573 communibus

70 4604 170 4661 studiis
202 4606 361 4664 delectatur.
401 4608 558 4682 Usquequo,
593 4610 685 4676 mber,
718 4606 877 4666 diverticula

16 4704 34 4712 '⁴
71 4704 176 4766 captas,
200 4704 229 4750 et
243 4696 445 4754 consolationes
474 4699 594 4770 propriae
625 4698 771 4757 veluntatis
802 4705 876 4754 tauto

72 4782 167 4838 bbere
195 4784 333 4854 quaeritas,
352 4792 426 4840 tanto
445 4786 544 4842 rubore
569 4786 730 4843 mendicas?
745 4789 777 4843 Et
810 4785 876 4858 quid

71 4871 152 4944 facio,
169 4873 284 4944 inquis?
312 4874 384 4944 Ejice
404 4875 540 4941 ancillam,
563 4875 689 4931 etlilium
713 4877 791 4946 ejus:
819 4890 875 4930 non

71 4964 145 5019 enirn
161 4963 251 5017 haeres
265 4962 318 5018 crit
333 4964 401 5019 tilius
416 4965 521 5021 ancillae
537 4981 598 5021 cum
614 4964 669 5021 lrlio
684 4965 779 5020 liberae
790 4964 872 5037 (Gen.

72 5069 135 5116 ιιι,
155 5055 210 5119 ld).
226 5052 313 5118 Nulla,
330 5061 359 5108 ut
374 5054 476 5110 dictum
491 5066 542 5121 est,
563 5056 708 5110 conventio
724 5053 830 5110 veritati
848 5063 876 5110 et

72 5141 196 5207 vanitati,
213 5140 265 5195 luci
276 5152 303 5198 et
319 5142 451 5211 tenebris,
467 5142 611 5214 spirituiet
621 5143 706 5208 carni,
721 5142 779 5218 igni
792 5150 820 5198 et
840 5150 877 5198 te-

72 5230 193 5300 piditati.

111 5324 155 5375 ll.
182 5321 237 5375 Sed
260 5320 389 5377 dumille
413 5329 543 5393 moratur,
560 5321 678 5393 inquies,
704 5321 764 5378 sine
787 5320 877 5394 aliqua

73 5410 262 5467 consolatione
282 5427 343 5468 esse
362 5426 417 5467 non
441 5428 562 5484 possum.
579 5413 636 5467 lmo
654 5412 758 5469 verosi
773 5426 876 5466 moram

74 5499 186 5571 iecerit,
204 5507 426 5571 exspectamur,
442 5501 504 5572 quia
528 5501 631 5567 reniet,
647 5510 675 5558 et
688 5517 747 5558 nou
762 5499 877 5558 tardabit

932 4427 1089 4500 scientiam]
1104 4435 1167 4484 ante
1181 4426 1322 4496 docuerat,
1339 4433 1366 4481 ct
1380 4424 1520 4484 intellectu
1535 4422 1733 4496 adimpleverat

931 4518 1015 4575 corda
1042 4531 1153 4583 eorum3
1178 4514 1327 4571 adveniens
1346 4512 1443 4586 ‘utique
1463 4512 1635 4584 postmodum
1657 4509 1731 4584 ignis

931 4606 1053 4673 divinus,
1070 4611 1098 4660 et
1111 4602 1253 4659 invenicus
1266 4603 1322 4672 jann
1344 4600 1514 4674 receptacula
1537 4600 1647 4671 munda,
1661 4598 1733 4656 intu-

933 4696 973 4751 dit
995 4693 1106 4750 uberius
1134 4691 1207 4749 dona
1234 4690 1438 4757 charismatum,
1462 4697 1490 4746 et
1513 4688 1541 4744 in
1564 4685 1732 4762 spiritualem

932 4784 1044 4842 omniuo
1063 4781 1176 4838 mutavit
1195 4796 1327 4851 amorem,
1343 4786 1373 4837 ut
1387 4794 1502 4837 aceensa
1516 4778 1546 4834 in
1560 4777 1601 4835 eis
1614 4776 1731 4834 ebaritas

932 4873 1008 4932 tortis
1023 4880 1052 4927 ut
1067 4887 1150 4940 mors,
1167 4871 1223 4942 iam
1252 4886 1307 4928 nou
1327 4870 1408 4926 modo
1431 4866 1514 4937 iores,
1539 4866 1590 4923 sed
1615 4883 1652 4925 ne
1669 4865 1729 4940 ipsa

930 4964 1039 5037 quidem
1054 4976 1102 5017 ora
1115 4967 1228 5033 propter
1241 4969 1343 5016 nactum
1356 4957 1514 5014 ludaeorum
1528 4955 1658 5013 claudere
1668 4955 1729 5029 dig·

931 5061 1051 5108 caretur.
1067 5050 1116 5108 Cui
1131 5063 1181 5105 nos
1198 5048 1295 5121 gratiae
1316 5063 1363 5118 pro
1379 5054 1480 5102 nostrae
1496 5045 1653 5119 exiguitatis
1665 5059 1728 5102 me·

931 5141 995 5199 dulo
1011 5148 1206 5213 preparantes,
1219 5135 1359 5193 exinanire
1372 5152 1424 5207 per
1434 5135 1526 5192 emnia
1535 5135 1728 5207 nosmetipsos,

931 5240 959 5290 et
972 5247 988 5287 a
1003 5226 1230 5287 delectationibus
1251 5225 1371 5294 miseris,
1387 5232 1415 5281 et
1428 5224 1538 5282 caducis
1560 5223 1729 5282 madras-

931 5320 1012 5376 nibus
1030 5330 1167 5374 evacuare
1191 5314 1362 5384 studeamus,
1373 5312 1555 5383 dilectissimi,
1571 5312 1661 5370 eorda.
1676 5327 1728 5369 no-

930 5417 1002 5466 stra:
1027 5405 1200 5478 maximeque
1214 5403 1347 5462 instante
1371 5419 1444 5461 nuuc
1467 5402 1511 5460 die
1536 5401 1616 5473 testo,
1631 5410 1660 5460 et
1673 5400 1730 5460 lar·

930 5496 1046 5569 vendes,
1067 5502 1094 5551 et
1112 5491 1261 5551 fiducialius
1291 5491 1455 5551 unanimiter
1476 5504 1685 5565 perseveremus
1701 5487 1731 5547 ia
