3728 5934
632 231 663 292 S.
682 228 860 288 ossuuauur
877 226 1021 285 lunatis
1039 223 1364 285 CLdllAE·le.LBNSlS

846 354 882 411 ιιι
900 349 1013 411 ὒῦιΝᾸ
1030 351 1155 411 DOlllNl

942 448 1060 508 SlillllO

568 557 607 612 De
620 554 768 628 baptismo,
785 550 963 607 sacramento
981 545 1095 617 ultoris,
1115 550 1143 604 ct
1157 544 1303 603 ablutione
1315 542 1430 618 pedum.

210 693 236 745 ι.
259 685 294 742 ιιι
313 691 377 741 sunt
397 681 457 739 dies
477 695 546 753 quos
567 678 718 735 observare
743 674 884 740 debemus,
909 670 968 727 dies
986 685 1010 763 Α
1025 667 1106 729 SM
1126 668 1261 741 exemplo,
1285 667 1368 725 vadae
1391 674 1455 724 sunt
1478 664 1645 725 investiturae
1669 670 1824 730 secundum

171 776 248 853 pleni
261 774 363 848 pietate
386 777 414 827 et
427 768 525 843 gratia,
550 765 649 838 quibus
670 763 753 822 etiam
774 761 969 819 sceleratorum
1025 774 1059 815 ea
1080 758 1116 816 de
1139 758 1237 831 quibus
1259 757 1434 815 investimur:
1456 758 1534 815 verbi
1557 759 1655 832 gratia,
1679 759 1826 818 investitur

173 865 313 924 nominum
344 870 451 917 mentes
482 857 516 912 ad
553 853 742 928 poenitentiam
774 856 969 925 provocantur.
1024 847 1172 904 canonicus
1185 845 1357 920 perlibrum,
1382 847 1468 903 abbas
1491 864 1541 920 per
1560 847 1696 916 baculum,
1718 851 1828 922 episco-

173 958 260 1014 Tanta
273 949 408 1026 siquidem
421 956 463 1004 est
476 944 518 1003 ris
536 953 769 1002 sacramentorum
791 957 886 999 eorum
910 955 971 1013 quae
1023 935 1467 1010 pusperhaculumetannulum
1488 936 1825 1013 simn12sient‚inquam‚

171 1047 271 1103 diebus
298 1041 356 1097 istis
383 1037 552 1107 recoluntur,
581 1043 611 1091 ut
633 1033 739 1106 possint
761 1032 821 1104 ipsa
860 1043 970 1103 quoqne
1023 1024 1051 1080 in
1066 1024 1222 1096 hujusmodi
1243 1026 1326 1082 rebus
1341 1033 1395 1092 est,
1414 1026 1454 1082 sic
1469 1034 1497 1083 et
1511 1025 1657 1084 divisiones
1671 1028 1827 1103 gratiarum

171 1134 280 1207 lapidea
292 1126 419 1187 scindere
438 1125 530 1193 corda,
548 1132 575 1181 et
598 1129 693 1195 pectus
715 1135 808 1186 omne,
832 1118 897 1175 licet
919 1117 971 1173 ier·
1022 1114 1136 1172 diversis
1160 1121 1224 1171 sunt
1250 1114 1356 1172 traditae
1379 1115 1565 1173 sacramentis.
1595 1116 1662 1187 Qum
1686 1125 1729 1174 est
1754 1133 1825 1190 ergo

171 1237 260 1290 mum,
284 1216 407 1278 emollire
431 1213 576 1271 sufficiant.
600 1210 725 1284 Denique
741 1209 864 1265 videmus
881 1221 970 1279 usque
1023 1201 1121 1274 gratia,
1144 1201 1219 1259 unde
1245 1218 1296 1275 per
1323 1202 1486 1276 baptismum
1516 1203 1693 1260 investimur?
1721 1205 1825 1279 Utique

170 1310 253 1369 hodie
286 1309 321 1364 sd
349 1305 504 1380 passionem
532 1300 632 1358 Christi
659 1315 715 1355 non
743 1298 823 1354 modo
847 1295 971 1354 coelestia
1022 1291 1147 1368 purgatio
1160 1290 1329 1348 delictorum.
1345 1292 1413 1363 Quis
1430 1293 1504 1349 enirn
1529 1299 1620 1364 potest
1632 1293 1724 1351 lacere
1738 1310 1826 1352 muu-

172 1398 301 1472 compati,
322 1395 371 1452 sed
383 1403 483 1451 terram
498 1389 612 1456 moveri,
628 1395 657 1445 ct
677 1395 770 1461 petras
784 1385 882 1454 scindi,
898 1393 926 1442 et
941 1385 970 1441 in
1022 1380 1086 1437 dum
1098 1381 1133 1437 de
1146 1380 1285 1437 immundo
1299 1389 1460 1454 conceptum
1473 1383 1588 1450 semine,
1604 1381 1655 1439 nisi
1675 1384 1722 1456 qui
1746 1384 1824 1441 solus

172 1486 345 1549 consessione
376 1491 552 1556 peccatorum
583 1477 684 1551 aperiri
715 1482 903 1534 monumenta.
933 1475 970 1530 At
1023 1478 1064 1526 est
1079 1470 1205 1541 mundus,
1220 1477 1248 1526 et
1262 1470 1290 1525 in
1304 1487 1386 1543 quem
1401 1480 1543 1543 peccatum
1557 1487 1612 1528 non
1628 1472 1710 1540 cadit,
1726 1473 1825 1530 Deus?

172 1594 239 1639 vero
260 1573 389 1650 quoniam
412 1573 452 1629 sic
475 1579 517 1628 est
541 1568 569 1625 in
588 1567 773 1642 spiritualibus
792 1566 872 1636 cibis,
900 1565 972 1622 sicut
1023 1558 1110 1630 Huius
1124 1559 1235 1632 quidem
1255 1560 1350 1633 gratiae
1371 1567 1571 1617 sacramentum
1590 1561 1666 1634 prius
1687 1570 1749 1618 erat
1770 1562 1826 1619 air-

172 1677 201 1726 ct
214 1667 242 1724 in
255 1661 451 1738 corporalibus,
467 1669 499 1716 ut
520 1659 549 1715 in
571 1657 733 1731 quibusdam
754 1655 845 1712 statim
869 1662 970 1727 presto
1024 1648 1164 1716 cumcisio,
1179 1655 1209 1705 ut
1221 1648 1361 1725 originalis
1380 1649 1534 1723 rubiginem
1556 1650 1654 1723 culpas,
1674 1668 1737 1724 quae
1761 1667 1822 1707 ma·

172 1757 209 1815 sit
236 1770 330 1828 sapor,
358 1752 388 1808 in
416 1748 551 1823 aliquibus
578 1755 706 1821 oporteat
733 1745 874 1802 laborare:
908 1759 970 1817 quae
1026 1746 1138 1794 neverat
1166 1738 1361 1810 aparentibus
1388 1739 1493 1811 primis,
1523 1739 1648 1797 cultellus
1674 1741 1819 1798 eraderet:

171 1844 316 1904 manifesta
343 1849 416 1908 sunt,
447 1847 542 1896 nostro
570 1852 626 1893 non
651 1835 777 1910 indigent
803 1832 969 1900 ministeri03
1023 1827 1073 1884 sod
1087 1827 1214 1885 veniente
1227 1828 1354 1896 Domino,
1373 1827 1421 1902 qui
1444 1845 1533 1902 agnus
1547 1837 1589 1885 est
1605 1830 1785 1889 totussuaris
1798 1837 1827 1887 et

171 1951 233 2010 quse
254 1947 322 1992 vero
342 1931 433 1987 clausa
460 1935 533 1995 sunt,
558 1925 717 1998 diligentem
746 1922 841 1980 volunt
866 1922 970 1979 hahere
1023 1915 1107 1983 mitis,
1121 1917 1200 1986 ouius
1212 1918 1308 1990 jugum
1322 1932 1405 1974 suave
1429 1925 1472 1974 est
1487 1924 1515 1974 et
1537 1933 1609 1974 onus
1627 1919 1699 1989 leve,
1723 1918 1826 1992 optime

170 2020 418 2085 considerationem
453 2015 538 2090 [alios
573 2010 838 2086 consideratioreml.
874 2011 970 2085 Neque
986 1997 1009 2075 Β
1024 2006 1090 2065 satis
1104 2012 1235 2063 mutatum
1260 2016 1313 2074 est,
1333 2014 1363 2063 ut
1387 2006 1564 2064 inveteratam
1587 2007 1742 2081 mbiginem
1764 2024 1826 2064 cum

170 2112 246 2172 enim
270 2110 352 2168 tradit
373 2114 462 2163 mater
488 2103 602 2178 parvulo
626 2118 726 2160 nucem
748 2102 897 2173 integram,
921 2100 982 2171 sed,
1024 2096 1153 2152 unctione
1168 2095 1256 2153 sancti
1270 2095 1387 2169 Spiritus
1410 2112 1481 2170 aqua
1494 2097 1621 2169 dilueret,
1645 2107 1674 2155 et
1691 2097 1827 2156 acerbitas

170 2200 271 2274 frangit
284 2214 356 2266 eam,
380 2205 409 2253 et
422 2193 548 2278 nucleum
567 2191 694 2266 porrigit.
709 2191 754 2248 Sic
768 2199 796 2247 et
810 2204 863 2264 ego
880 2188 969 2257 vobis,
1025 2185 1071 2242 illa
1084 2191 1214 2243 cessaret.

171 2288 272 2346 iratres
298 2282 461 2351 charissimi,
494 2280 518 2338 si
548 2295 669 2353 possem,
702 2285 873 2335 sacramenta
908 2292 971 2349 quae
1059 2275 1525 2351 u.sedfortequaerara1iquis,ct
1544 2276 1633 2334 dicat:
1660 2277 1690 2335 Si
1704 2276 1826 2335 deletum

170 2376 264 2436 clausa
290 2382 365 2440 sunt,
392 2368 500 2443 aperire
523 2369 687 2440 debueram3
712 2365 772 2435 sed,
798 2365 862 2438 qnia
879 2365 970 2421 minus
1024 2371 1065 2421 est
1088 2363 1117 2420 in
1131 2364 1267 2437 baptismo
1279 2365 1354 2438 quod
1368 2366 1549 2423 conduximus
1563 2384 1579 2423 n
1594 2367 1764 2439 parentibus,
1779 2384 1828 2425 cnr

172 2481 296 2542 possum
320 2476 449 2535 rogemus
470 2464 502 2515 ut
521 2458 599 2516 vobis
621 2457 726 2530 pariter
745 2461 775 2511 et
796 2454 862 2513 mihi
884 2461 972 2512 mater
1024 2454 1113 2512 adhuc
1127 2462 1220 2512 manet
1233 2455 1388 2528 cupiditatis
1408 2456 1508 2529 lomes,
1524 2466 1552 2514 et
1565 2457 1643 2516 uelut
1658 2457 1826 2516 incentivum

172 2550 422 2629 sapientialranqat
436 2562 521 2604 nuces
533 2546 611 2615 istas,
636 2559 731 2614 nuces,
756 2540 879 2616 inquam,
904 2559 972 2617 quas
1024 2544 1162 2618 quoddam
1190 2545 1320 2618 peccati?
1347 2547 1445 2620 Neque
1472 2546 1546 2603 enim
1575 2547 1687 2605 dubium
1717 2549 1784 2622 quin
1810 2564 1827 2604 a

171 2641 286 2718 protulit
309 2635 485 2696 sacerdotalis
511 2635 598 2708 virge,
630 2633 709 2706 virga
738 2631 855 2700 virtutis,
888 2648 969 2705 quam
1024 2633 1120 2706 primis
1134 2635 1293 2706 parentibus
1309 2634 1337 2690 in
1352 2650 1403 2692 nos
1416 2635 1539 2692 traducta
1560 2637 1595 2693 sit
1616 2636 1661 2694 lex
1685 2637 1737 2694 ista
1758 2653 1826 2712 peo-

171 2730 263 2789 emisit
283 2726 416 2787 Dominus
442 2741 475 2781 ex
499 2723 574 2780 Sion.
599 2720 684 2778 idulta
701 2719 813 2795 quidem
835 2728 900 2776 sunt
921 2735 970 2776 sa-
1025 2722 1088 2779 cati,
1105 2721 1207 2779 Omnes
1221 2722 1355 2795 siquidem
1370 2722 1523 2797 peccatrice
1546 2725 1691 2784 voluntate
1707 2742 1826 2802 genera·

170 2824 321 2886 eramenta,
350 2822 379 2873 st
405 2811 559 2871 scrutandis
585 2810 713 2867 omuibus
735 2810 803 2865 hora
824 2824 881 2865 non
910 2808 970 2865 sui·
1024 2826 1095 2880 mur,
1111 2819 1139 2868 ut
1153 2810 1217 2868 iude
1231 2810 1357 2869 uoluntas
1370 2820 1464 2870 nostra
1481 2824 1609 2889 corrupta
1630 2822 1673 2872 est
1695 2823 1826 2889 tanquam

170 2909 240 2968 deit.
272 2903 407 2965 Fortassis
439 2902 523 2958 etiam
558 2898 643 2973 aliqui
669 2905 791 2956 vestrum
822 2896 972 2956 imbecilles
1023 2899 1160 2957 ulceribus
1181 2901 1264 2972 plena
1285 2900 1346 2973 (ιθ)
1375 2918 1383 2958 t
1408 2902 1482 2960 unde
1504 2902 1569 2961 licet
1591 2904 1678 2975 inviti,
1703 2906 1824 2978 pruritus

170 3004 235 3056 sunt
261 2996 296 3053 ιιι
323 3002 399 3051 tanta
432 2990 512 3049 simul
540 2988 685 3063 capienda.
708 2988 749 3044 De
770 2986 856 3044 tribus
878 2987 971 3060 itaque
1024 2989 1158 3063 quosdam
1176 2990 1470 3064 concupiscentiarum,
1495 3001 1524 3050 et
1543 3001 1673 3068 tanquam
1697 2995 1827 3053 bestiales

168 3085 349 3147 sacramentis
376 3084 446 3156 (39),
476 3097 537 3155 quae
564 3079 630 3137 satis
658 3092 780 3155 congrua
811 3085 875 3135 sunt
907 3077 971 3135 huic
1023 3085 1115 3136 motus
1143 3078 1286 3136 sentimus.
1316 3079 1378 3136 Dixi
1404 3081 1482 3139 vohis
1513 3083 1624 3156 saepius,
1653 3099 1705 3141 nec
1733 3092 1826 3142 mente

168 3175 297 3250 tempori,
313 3172 459 3230 decadum
476 3169 529 3228 erit
551 3168 624 3243 quod
644 3167 777 3227 Dominus
800 3165 861 3241 ipse
881 3164 969 3223 dona·
1023 3169 1152 3227 excidere
1178 3168 1271 3237 dehet,
1300 3168 1429 3243 quoniam
1455 3171 1485 3226 in
1511 3187 1577 3228 casu
1601 3172 1682 3245 primi
1708 3174 1828 3230 bortrinis

169 3264 250 3325 verit.
1023 3259 1170 3315 cecidimus
1189 3273 1294 3317 omnes.
1310 3259 1465 3316 decidimus
1488 3268 1580 3319 autem
1594 3278 1679 3334 super
1696 3279 1826 3321 acervum

205 3360 233 3414 2.
260 3353 468 3410 Sacramentum
495 3347 593 3406 dicitur
620 3360 729 3403 sacmm
761 3343 879 3419 signum,
912 3343 970 3403 sive
987 3311 1154 3422 clapidum,
1170 3358 1198 3404 et
1218 3347 1247 3404 in
1260 3348 1330 3405 luto:
1346 3349 1419 3406 unde
1438 3364 1494 3408 non
1507 3349 1594 3407 solum
1609 3351 1757 3424 inquinati,
1778 3354 1827 3410 sed

168 3459 276 3502 sacmm
291 3448 438 3498 secretum.
452 3436 536 3495 hiulta
548 3434 684 3508 siquidem
707 3432 778 3491 liunt
799 3440 915 3508 propter
938 3449 970 3491 se
1023 3437 1107 3494 etiam
1122 3435 1258 3494 vulnerati
1271 3443 1300 3494 et
1313 3437 1433 3515 graviter
1455 3439 1576 3513 quassati
1596 3456 1701 3497 sumus.
1729 3442 1826 3499 Lauari

168 3541 288 3604 tantum3
304 3529 356 3587 alia
369 3544 436 3587 vero
449 3534 563 3600 propter
584 3524 636 3581 aba
658 3523 838 3597 designanda,
859 3527 887 3578 et
910 3522 970 3596 ipsa
1024 3525 1135 3599 quidem
1162 3526 1215 3583 cito
1238 3542 1402 3600 possumus;
1432 3530 1467 3585 ud
1490 3530 1642 3585 sanandum
1666 3545 1734 3588 vero
1757 3546 1826 3604 opus

168 3624 295 3681 dicuntur
309 3620 399 3697 signa,
413 3625 442 3674 et
455 3623 529 3674 sunt.
544 3615 581 3672 Ut
604 3612 678 3671 enim
699 3613 734 3669 de
757 3611 898 3669 usualibus
920 3628 970 3669 su·
1022 3623 1066 3672 ost
1079 3614 1220 3673 curatione
1243 3618 1338 3673 multa.
1360 3616 1495 3675 levamur
1513 3617 1596 3691 igitur
1620 3619 1648 3675 in
1672 3619 1825 3694 baptismo,

169 3729 276 3772 mamus
299 3708 464 3782 exemplum,
478 3707 558 3763 datur
581 3704 698 3762 annulus
711 3704 835 3761 absolute
857 3711 971 3776 propter
1023 3705 1088 3779 quia
1120 3705 1229 3763 deletur
1258 3705 1469 3782 chirographum
1496 3707 1677 3765 damnationis
1704 3718 1822 3768 nostrae:

170 3801 313 3868 annulum,
326 3808 356 3855 et
377 3798 452 3854 nulla
465 3805 509 3853 cst
531 3793 708 3869 significatio:
732 3793 813 3851 datur
834 3793 869 3848 ad
889 3792 970 3849 inve·
1026 3803 1054 3854 ct
1067 3795 1125 3852 hreo
1139 3795 1227 3867 gratia
1251 3795 1331 3852 nobis
1353 3796 1503 3867 confertur,
1530 3804 1561 3856 ut
1580 3799 1637 3870 jam
1658 3800 1727 3856 nhil
1751 3801 1829 3857 nobis

171 3889 309 3949 stiendum
332 3887 368 3943 de
391 3885 552 3942 hrereditate
576 3884 716 3959 abqua,et
729 3882 838 3954 signum
857 3887 911 3950 est,
934 3881 972 3938 ita
1025 3883 1247 3957 concupiscentia
1260 3892 1368 3953 noceat,
1387 3886 1411 3943 si
1434 3895 1526 3944 umen
1549 3904 1567 3944 a
1588 3903 1728 3946 consensu
1751 3889 1830 3946 absai

170 3987 202 4037 ut
214 3979 272 4050 jam
290 3975 383 4032 dicere
397 3973 484 4045 possit
497 3972 545 4044 qui
558 3973 669 4045 accipit:
685 3972 808 4028 hunulus
822 3986 877 4028 non
899 3970 973 4028 valet
1025 3988 1154 4031 neamus:
1168 3982 1251 4047 atque
1267 3975 1304 4030 ita
1318 3981 1449 4050 tauquam
1463 3976 1555 4034 sanies
1567 3978 1716 4038 inveterati
1731 3979 1829 4036 ulceris

171 4067 330 4143 quidquam,
355 4063 405 4120 sed
429 4061 577 4118 haereditas
597 4059 972 4134 estquamquerebam·1u
1026 4072 1194 4131 removetur,
1222 4064 1287 4121 dum
1309 4064 1411 4122 tollitur
1432 4066 1581 4138 damnatio,
1608 4075 1637 4124 et
1665 4083 1828 4141 responsum

171 4159 245 4215 huuc
259 4155 351 4227 itaque
371 4150 481 4210 modum
496 4149 718 4222 appropinquans
740 4148 861 4221 passioni
879 4147 973 4206 uoni-
1026 4152 1132 4221 mortis,
1147 4153 1221 4225 quod
1235 4152 1310 4226 prius
1322 4151 1386 4209 inde
1401 4155 1541 4210 manabat.
1565 4154 1619 4211 Sed
1642 4155 1707 4227 quis
1729 4157 1829 4230 poterit

172 4261 236 4317 nus,
251 4245 286 4301 de
299 4239 388 4316 gratia
409 4255 458 4296 sua
479 4237 608 4296 investire
630 4236 734 4294 curavit
747 4253 823 4303 suos,
837 4244 868 4294 ut
881 4236 974 4293 invisi·
1028 4249 1083 4298 tam
1097 4240 1199 4298 elieros
1213 4239 1463 4316 motuslrangercl
1486 4242 1548 4317 quis
1570 4242 1707 4316 pruritum
1730 4245 1828 4303 ulceris

172 4334 236 4393 bilis
262 4331 352 4407 qratia
378 4328 457 4402 signo
485 4327 575 4402 aliquo
600 4326 698 4386 visibili
721 4334 907 4400 praestaretur.
930 4327 974 4384 dd
1028 4331 1110 4403 hujus
1124 4329 1196 4387 serre
1212 4331 1313 4403 queat?
1327 4329 1470 4401 confidite,
1486 4330 1551 4407 quia
1565 4338 1594 4389 et
1610 4331 1641 4388 in
1664 4334 1719 4390 hoc
1741 4334 1828 4407 gratia

174 4425 228 4482 hoc
263 4419 387 4478 instituta
417 4425 481 4474 sunt
512 4416 604 4475 omnia
633 4425 817 4483 sacramenta,
850 4417 886 4472 ad
922 4417 974 4475 hoc
1028 4419 1165 4488 subvenit,
1190 4427 1218 4477 et
1240 4429 1270 4476 ut
1292 4419 1382 4476 securi
1403 4418 1472 4488 sitis,
1500 4426 1705 4477 sacramentum
1733 4421 1826 4496 lotias,

173 4509 353 4571 Eucharistiae
367 4507 549 4583 participatio,
564 4507 600 4564 ad
614 4507 666 4564 hoc
680 4506 780 4580 pedum
802 4505 915 4575 ablutio,
940 4506 975 4563 ad
1030 4509 1206 4584 sacramenti]
1220 4509 1354 4566 Dominici
1369 4509 1492 4582 corporis
1506 4516 1535 4567 et
1548 4509 1692 4583 sauguinis
1716 4512 1827 4585 pretiosi

174 4605 228 4661 hoc
240 4601 360 4674 denique
375 4598 433 4671 ipse
447 4597 608 4670 baptismus,
624 4596 729 4654 initium
742 4604 975 4654 sacramentorum
991 4618 1015 4696 n
1031 4602 1219 4660 investituram
1233 4599 1349 4657 habetis.
1369 4600 1430 4656 Duo
1449 4599 1523 4656 enim
1544 4598 1610 4655 illud
1628 4610 1828 4659 sacramentum

175 4689 307 4756 omnium,
331 4687 359 4742 in
377 4701 432 4759 qno
446 4685 661 4758 complantamur
687 4684 858 4743 similitudini
882 4686 977 4743 mortis
1031 4699 1161 4765 operatur
1184 4689 1212 4745 in
1237 4689 1329 4747 nobis:
1355 4696 1385 4745 ut
1406 4688 1533 4746 videlicet
1553 4696 1581 4745 et
1597 4705 1711 4747 sensum
1729 4691 1829 4747 minam

177 4781 252 4849 ejus:
267 4776 342 4835 unde
357 4781 386 4832 et
403 4774 474 4834 trica
486 4773 586 4831 mersio
610 4772 703 4842 tridui,
719 4775 792 4848 quod
815 4791 888 4831 nunc
906 4775 978 4832 cele·
1031 4781 1061 4837 in
1075 4777 1194 4851 mininis,
1214 4786 1242 4836 et
1259 4779 1287 4834 in
1305 4777 1475 4853 gravioribus
1490 4777 1612 4850 peccatis
1632 4778 1713 4835 tollat
1722 4779 1828 4837 omnino

178 4867 313 4923 brundam
330 4862 608 4938 ast,lormamqerit.
624 4863 786 4920 sicutenim
808 4862 837 4920 in
861 4864 977 4922 exterio·
1031 4880 1206 4923 consensum.
1225 4863 1254 4919 Si
1269 4864 1330 4938 quis
1349 4869 1469 4921 vestrum
1489 4877 1545 4919 non
1564 4869 1619 4919 tam
1643 4878 1721 4938 saepe
1741 4863 1828 4931 modo,

179 4954 257 5011 ribus
269 4953 377 5011 divorsa
390 4961 454 5010 sunt
466 4953 556 5028 signa,
573 4961 611 5022 et,
635 4959 665 5009 ut
688 4958 779 5026 coepto
802 4952 978 5010 immoremur
1032 4958 1160 5009 nontam
1179 4948 1294 5007 acerbos
1316 4946 1399 5005 sentit
1415 4946 1566 5004 iracundie
1590 4954 1692 5017 motus,
1715 4948 1830 5015 invidia,

217 5076 275 5148 (39)
301 5077 470 5136 sacramemi
491 5093 591 5136 nomen
611 5078 654 5134 hic
676 5077 831 5154 generalius
853 5078 978 5145 sumitur,
1033 5075 1162 5151 appellat.
1184 5074 1260 5132 Alias
1275 5090 1341 5131 sane
1366 5074 1446 5147 Ilugo
1465 5088 1482 5128 a
1506 5072 1741 5144 Sanctollictore,
1767 5074 1832 5131 illius

181 5157 264 5279 Erunt
278 5163 333 5203 non
349 5157 451 5230 mutum
465 5167 530 5206 vera
545 5148 616 5221 legis
630 5165 707 5206 novae
720 5159 900 5217 sacramenta,
915 5166 981 5234 qua·
1034 5147 1166 5222 temporis
1185 5155 1290 5216 auctor,
1309 5144 1459 5204 solemnem
1474 5151 1712 5203 sacramentorum
1737 5162 1831 5204 numo·
1858 5192 1861 5197 .

194 5223 219 5278 ‘a
232 5227 296 5277 sunt
306 5218 455 5289 baptismus
469 5230 497 5278 et
510 5230 708 5278 sacramentum
723 5220 824 5286 altaris,
835 5221 979 5278 sedetiam
1034 5238 1095 5280 rum
1109 5220 1203 5276 habet.

183 5289 390 5349 sacramentalia
403 5293 618 5370 comprehendit,
672 5292 721 5349 olis
738 5298 781 5348 est
803 5293 906 5349 ablutio
928 5309 979 5365 pe·
1069 5291 1169 5364 (tibin
1183 5287 1344 5362 quibusdam
1357 5284 1612 5359 scriptisdeesthoc
1626 5288 1794 5358 membrum,
1808 5292 1833 5345 et
1858 5324 1862 5367 t

184 5363 258 5432 dum,
274 5378 356 5436 quam
374 5367 456 5417 errem
483 5363 617 5420 Ernaldus
668 5379 730 5421 onae
744 5362 825 5419 Vallis
843 5365 929 5421 abhas
951 5364 980 5421 in
1033 5360 1471 5433 tuuc...otcerthusptena:qne
1480 5365 1572 5415 tamen
1587 5359 1762 5419 vorbarcetc
1776 5375 1832 5417 eum
1858 5416 1862 5429 ,

183 5449 312 5491 sermone
326 5432 361 5490 de
374 5432 511 5491 ablutione
525 5434 637 5505 pedum,
651 5435 698 5509 qui
712 5450 783 5491 unus
800 5443 842 5493 est
863 5435 925 5492 iibri
938 5436 981 5493 Do
1032 5433 1211 5508 mquenhbus
1224 5433 1373 5499 coherent,
1394 5430 1442 5489 ubi
1460 5429 1496 5486 dc
1517 5430 1594 5487 sanis
1607 5432 1769 5491 inveterati
1788 5432 1833 5489 ul-

173 5505 364 5560 arenarum
381 5504 481 5561 Christi
503 5505 641 5578 operibus,
664 5513 864 5564 sacramentum
886 5506 980 5565 itidem
1034 5504 1218 5579 cemsqitnr.
