3734 5948
87 182 161 238 ἰιι
208 148 211 153 ’
569 175 597 231 s
612 173 790 231 scaurum
809 169 952 227 annuus
966 166 1296 260 carueruntnusts

106 310 247 378 peccatum
272 309 326 358 tam
358 296 489 375 originale
515 315 595 373 quam
617 294 903 371 personaleldeletum
919 306 944 388 Α
960 299 1032 348 amat
1067 301 1120 349 tam
1150 293 1287 350 ardenter.
1314 289 1425 349 Patiens
1451 289 1569 348 charitas
1598 290 1658 355 died

107 398 159 457 est,
182 399 209 444 et
231 388 319 459 ipsum
335 400 442 458 quoque
457 383 594 460 singulare
614 382 779 440 eliminatum
800 388 842 436 est
857 395 906 451 per
960 387 1109 452 exspectat,
1142 381 1258 437 sustinet
1285 380 1520 454 delinquentem:
1555 379 1606 437 sed
1639 378 1658 437 b

108 479 236 549 seipsum.
959 469 1048 539 trahit,
1072 469 1193 541 adducit,
1214 468 1336 527 converti
1359 467 1423 525 lacit
1445 469 1592 526 aberrare
1613 468 1658 529 rie

143 573 169 623 8.
190 568 386 642 Argumentum
398 561 463 620 mibi
478 578 494 617 a
507 560 632 627 maximo,
645 558 716 631 quod
731 557 785 613 duo
800 555 905 612 minora
958 558 1077 634 denique
1087 559 1208 631 cooperit
1218 557 1417 615 multitudinem
1431 552 1651 631 peccatorum.0

108 665 170 713 sunt
185 653 313 727 explosa:
329 662 358 710 ct
377 669 441 710 ecce
456 658 655 727 argumentum.
672 649 816 705 Peccatum
837 644 906 701 mul·
958 647 1062 719 lapides
1075 647 1151 715 estis,
1171 646 1219 703 sed
1240 645 1358 718 lapidem
1380 645 1523 719 percutitis
1535 646 1658 705 molliore

106 756 196 802 torum
225 744 294 810 tulit,
328 750 357 799 et
385 758 434 816 pro
462 738 707 812 transgressoribus
735 736 851 814 rogarit,
875 744 906 792 ut
959 752 1013 807 quo
1027 744 1136 793 resonat
1150 735 1263 791 tinnitus
1277 734 1393 807 pietatis,
1409 741 1437 792 et
1450 734 1545 792 ebullit
1559 734 1651 793 oleum

106 851 162 892 non
172 832 412 907 perirentrPotar,
424 831 531 900 ignosce
543 829 612 900 illis,
624 829 690 902 quio
700 823 905 900 nescientquid
959 823 1037 882 tatisl
1059 825 1202 896 Quomodo
1224 823 1341 896 potabis,
1365 824 1494 891 Domine,
1518 824 1658 883 desiderat

106 927 223 998 {ocium
236 925 314 991 (Luc.
332 916 577 990 xx11r,3l).Volat
594 914 771 973 irrevocabile
788 915 903 971 verbum
958 920 1080 972 torrente
1100 914 1247 985 voluptatis
1268 921 1330 984 tuae,
1356 914 1403 987 qui
1427 915 1466 971 sic
1489 914 1635 988 perfundis
1650 932 1658 973 ι

107 1023 194 1081 tuum,
218 1009 343 1077 Domine,
368 1024 420 1065 nec
435 1014 587 1066 revertetur
600 1007 635 1062 ad
660 1013 686 1063 te
706 1019 831 1070 vacnum,
856 1001 904 1059 sed
958 1012 1055 1076 gentes
1074 1012 1101 1061 te
1115 1004 1176 1062 oleo
1189 1002 1382 1061 misericordiae
1398 1007 1477 1063 tuae‘l

107 1102 188 1158 saciet
201 1100 235 1154 ad
263 1098 336 1170 quod
359 1095 465 1154 misisti.
486 1095 554 1154 Vide
579 1111 652 1153 nunc
675 1110 759 1168 opera
784 1091 903 1159 Domini,
995 1097 1038 1149 ιο.
1054 1095 1131 1151 Ριιιι
1144 1094 1227 1168 igitur
1245 1093 1308 1167 quia
1331 1095 1390 1151 haec
1409 1093 1501 1166 passio
1515 1091 1658 1168 potentiosi

106 1207 168 1263 quae
184 1187 273 1263 posuit
292 1187 418 1264 prodigia
432 1204 516 1261 super
539 1195 649 1244 terram.
670 1184 797 1260 Flagellis
819 1200 905 1241 caesus
958 1183 993 1239 ad
1014 1182 1197 1240 exhaurienda
1220 1180 1341 1239 omnium
1366 1198 1469 1259 genera
1493 1192 1658 1256 peccatorun

107 1286 158 1348 est,
176 1277 261 1352 spinis
275 1285 429 1345 coronatus,
453 1277 537 1335 clauis
551 1276 700 1343 confossus,
725 1274 822 1331 affixus
835 1271 905 1344 pati·
959 1274 1019 1348 quis
1037 1274 1087 1330 scit
1102 1275 1125 1330 si
1139 1275 1202 1330 data
1218 1280 1261 1330 est
1273 1274 1360 1331 mihil
1376 1274 1439 1332 llihi
1458 1275 1520 1332 data
1533 1284 1585 1343 est,
1601 1274 1658 1348 quia

107 1368 182 1436 bulo,
197 1367 350 1440 opprobriis
364 1375 512 1436 saturatum
528 1364 650 1423 omnium
666 1372 759 1422 tamen
781 1362 904 1420 dolorum
958 1363 1016 1420 dari
1031 1380 1085 1421 non
1096 1364 1191 1436 potuit.
1208 1362 1337 1437 Nunquid
1348 1363 1467 1437 angelo?
1480 1363 1534 1422 Sed
1548 1365 1594 1422 ille
1601 1379 1658 1423 non

106 1459 267 1514 immemor:
293 1460 414 1530 Ignosco,
429 1455 475 1525 ait,
499 1456 569 1512 illis.
593 1453 766 1511 llincmultae
789 1449 904 1507 miseriae
958 1452 1086 1527 Nunquid
1112 1453 1240 1510 diabolo?
1264 1453 1319 1510 Sed
1333 1453 1379 1510 ille
1404 1471 1459 1511 non
1485 1454 1611 1528 resurgit.
1633 1453 1658 1511 D

104 1546 236 1621 corporis,
259 1547 324 1602 hinc
346 1545 538 1603 misericordiae
560 1542 663 1611 cordis,
693 1542 755 1599 binc
784 1539 902 1606 dolores,
959 1558 1013 1599 non
1036 1543 1064 1598 in
1083 1541 1284 1599 similitudinem
1299 1544 1470 1616 angelorum,
1489 1542 1560 1599 absit
1573 1552 1658 1603 autem

104 1636 169 1695 lriac
196 1636 394 1704 miserationes,
418 1635 481 1691 lrinc
503 1634 592 1691 oleum
616 1630 812 1700 exsultationis,
841 1628 905 1684 binc
920 1624 942 1702 fl
959 1631 1161 1689 similitudinem
1169 1631 1394 1690 damonumlsed
1402 1635 1433 1690 iu
1441 1631 1658 1691 similitudinem

103 1725 245 1800 sanguinis
268 1731 352 1798 guttae
372 1724 543 1783 decurrentis
556 1723 584 1779 in
612 1730 722 1779 terram.
752 1718 905 1777 Misericor-
958 1740 1029 1779 oum
1042 1721 1658 1795 sactus,cibabituinocrrtcsutbomo,eeta

105 1815 156 1872 diae
169 1814 277 1874 Domini
298 1815 401 1882 multe,
420 1816 469 1871 sed
485 1822 513 1871 et
535 1813 650 1870 miseriae
673 1809 781 1869 Domini
801 1808 902 1865 multae.
957 1811 1658 1887 sernetipsum,sormamseruioccipieus(l²biltpp

103 1904 255 1962 vincentne
276 1903 392 1961 miseriae
419 1902 629 1974 misericordias,
650 1917 686 1956 an
711 1896 903 1956 misericordie
957 1902 1119 1974 Filiuscrat,
1130 1909 1157 1958 et
1172 1901 1258 1958 iactus
1272 1907 1315 1958 est
1330 1907 1456 1972 tanquam
1471 1915 1579 1958 seruus.
1596 1901 1657 1959 Nou

103 1993 228 2052 miserias
255 1994 451 2066 superabunt?
485 1991 600 2048 Vincunt
627 1987 820 2047 misericordiae
849 1994 903 2044 tuae
956 1989 1072 2047 formam
1095 1990 1166 2049 servi
1188 1989 1304 2063 accepit,
1320 1989 1505 2056 utsubesset;
1525 1990 1575 2046 sed
1598 1988 1658 2047 etin

103 2083 221 2157 antiquae
235 2083 362 2150 Domine,
379 2079 469 2137 vincat
492 2078 625 2152 sapientia
641 2077 782 2136 malitiam.
805 2077 904 2148 Magna
957 2080 1039 2148 servi,
1058 2088 1088 2136 ut
1100 2079 1255 2153 uapularet;
1272 2087 1300 2136 et
1312 2078 1384 2136 servi
1407 2078 1523 2150 peccati,
1539 2086 1569 2134 ut
1583 2093 1658 2152 poent

104 2172 176 2230 enim
198 2172 306 2227 illorum
338 2169 483 2244 iniquitast
508 2168 558 2224 sed
586 2166 710 2241 nunquid
737 2181 794 2223 non
817 2166 904 2236 major
956 2178 1043 2238 voret,
1058 2187 1120 2226 cum
1134 2169 1240 2242 culpam
1259 2185 1315 2226 non
1329 2169 1453 2226 baberet.
1470 2171 1504 2225 ln
1522 2168 1658 2227 similiter

102 2260 191 2333 pietas
209 2268 265 2328 tua,
281 2256 420 2314 Domine?
442 2256 554 2314 Multum
573 2274 623 2329 per
647 2273 756 2313 omnem
780 2254 901 2311 modum.
956 2259 1054 2334 inquit,
1070 2261 1227 2327 hominum,
1251 2275 1305 2316 non
1328 2257 1460 2331 hominis3
1476 2257 1538 2331 quia
1557 2257 1658 2330 primus

102 2349 236 2424 Nunqoid
251 2347 380 2407 redditur
397 2364 450 2421 pro
464 2347 534 2405 douo
557 2346 728 2419 maturauit,
744 2345 903 2419 qalosodc-
956 2364 1008 2405 nec
1035 2348 1064 2405 in
1086 2364 1169 2405 carne
1195 2348 1314 2421 peccati,
1332 2363 1385 2405 nec
1408 2347 1436 2402 in
1463 2345 1657 2423 simulitudine,

102 2443 175 2496 rarat
187 2441 298 2512 foueam
308 2437 643 2508 auimoemeoe?(1crem.
654 2451 733 2505 xvrrr,
743 2435 801 2508 20.)
815 2432 902 2489 Plane
957 2438 1060 2510 peceati
1089 2447 1198 2494 creatus
1226 2444 1277 2496 est.
1307 2437 1430 2494 Christus
1457 2436 1529 2492 enirn
1556 2434 1584 2490 in
1609 2434 1658 2495 uni

102 2529 231 2586 todemnt
253 2525 429 2600 impatientiae
457 2526 573 2596 lovcam,
598 2524 757 2583 occasiones
779 2521 902 2595 indigna·
956 2528 1095 2585 hominum
1115 2527 1223 2584 miseria
1241 2527 1406 2600 pressisset
1427 2525 1585 2598 profundius
1599 2539 1630 2583 se
1642 2522 1658 2581 ir

102 2618 182 2677 tionis
209 2617 349 2692 plurimas,
379 2623 408 2672 et
441 2633 523 2690 quam
545 2614 676 2672 maximas
704 2610 901 2668 ministrantes.
956 2617 1000 2684 sit,
1027 2634 1062 2674 ne
1090 2617 1196 2674 subtilis
1224 2617 1270 2674 ills
1297 2615 1399 2672 diaboli
1428 2614 1523 2673 oculus
1548 2629 1658 2690 maguus

103 2709 158 2766 Sed
182 2707 247 2780 quid
267 2707 366 2788 horum
389 2702 468 2762 lorea
486 2706 521 2761 ad
536 2703 664 2777 abyssum
688 2699 902 2758 mansuetudinis
955 2704 1064 2778 pietatis
1086 2705 1308 2778 deprehenderet
1326 2713 1534 2762 sacramentum.
1563 2703 1658 2761 ldool

102 2791 465 2852 tuaetltetribuentesmala
477 2806 527 2864 pro
542 2790 621 2858 bonis
636 2791 742 2848 foueam
757 2788 898 2854 foderunt;
957 2801 985 2851 er
1008 2794 1082 2851 omni
1105 2795 1200 2854 habitu
1224 2795 1350 2855 inventus
1372 2804 1415 2853 ssa
1428 2802 1458 2851 ur
1481 2796 1578 2862 h0m03
1594 2809 1648 2853 nse

102 2887 151 2941 sed
165 2883 282 2941 charitas
305 2899 361 2940 non
379 2882 510 2950 irritatur,
532 2897 588 2938 non
609 2879 802 2954 praecipitatur,
823 2893 899 2934 nuu-
958 2895 1090 2957 quassum
1110 2884 1145 2941 ad
1168 2893 1272 2943 aarum
1295 2885 1424 2952 debitum,
1439 2883 1548 2958 signum
1572 2882 1658 2957 aliqua

102 2991 184 3048 quam
197 2973 306 3043 excidit,
332 2989 387 3030 non
402 2971 429 3027 in
444 2970 552 3029 loueam
566 2971 630 3043 ruit,
646 2977 674 3027 et
688 2985 738 3042 pro
761 2941 939 3026 retributisss
956 2973 1108 3050 gulariisris
1121 2975 1257 3047 apparuit,
1268 2973 1337 3044 Quia
1352 2974 1425 3031 enim
1435 2973 1473 3030 irs
1487 2973 1614 3031 inpensus
1627 2986 1658 3031 ss

101 3062 179 3121 malis
204 3061 322 3119 cumulat
350 3060 433 3117 bona.
463 3059 541 3116 absit
573 3069 603 3115 ut
634 3074 734 3115 muscae
765 3057 902 3117 moriturae
955 3063 1112 3122 crucifixus,
1142 3063 1237 3122 Paucis
1265 3072 1356 3121 sutem
1388 3061 1519 3120 revelavit
1547 3078 1577 3119 se
1604 3060 1658 3134 ipsu

101 3151 283 3211 exterminent
313 3149 474 3207 suavitatem
499 3148 631 3226 unguenti
659 3149 760 3218 (Enete.
799 3161 830 3216 x,
863 3147 902 3220 l),
957 3162 1049 3209 essent
1077 3151 1123 3227 qui
1137 3153 1299 3223 crederent;
1320 3150 1432 3225 reliquis
1461 3157 1553 3208 autem
1578 3151 1658 3208 abscn

102 3243 175 3316 quod
196 3240 231 3296 de
247 3247 293 3296 tuo
308 3254 423 3311 corpora
451 3237 525 3294 lluitl
546 3238 609 3311 quia
630 3237 703 3310 apud
718 3237 807 3294 sinum
828 3244 903 3294 tuum
957 3248 1018 3300 est:
1038 3244 1108 3313 Quia
1122 3245 1148 3302 si
1160 3243 1363 3317 cognovissent,
1379 3258 1528 3315 uunquam
1537 3243 1658 3299 nomino

102 3327 299 3396 misericordia,
338 3333 367 3383 et
394 3325 504 3398 copiosa
539 3327 611 3399 apud
644 3343 707 3382 eum
739 3325 901 3400 redemptio.
958 3336 1010 3392 νέω
1034 3335 1244 3405 crucifixissent
1267 3334 1368 3407 (teor.
1392 3332 1477 3405 11,8).
1501 3332 1607 3388 Adhuc
1624 3328 1659 3389 sti

103 3421 202 3475 lluscae
230 3415 382 3484 moriture,
406 3413 522 3472 miseriae
541 3423 619 3483 sunt3
633 3432 735 3473 muscae
753 3417 902 3486 moritnrae,
957 3422 1088 3495 singulari
1114 3430 1228 3496 peccato
1260 3420 1441 3497 ignorantiam
1468 3419 1613 3497 copulavit,
1643 3434 1658 3476 u

104 3506 280 3582 blasphemiae
305 3512 381 3574 sunt;
409 3519 510 3560 muscae
538 3504 685 3574 moritura,
712 3505 902 3564 insultationes
955 3497 1047 3586 aliqua
1059 3513 1170 3584 justitiae
1185 3513 1280 3569 umbra
1297 3509 1486 3586 ignorantibus
1499 3516 1593 3580 posset
1605 3509 1658 3587 lgm

103 3607 176 3668 sunt,
192 3614 266 3672 quas,
288 3595 336 3652 tibi
356 3593 447 3652 reddit
465 3595 607 3668 generatio
626 3611 710 3670 prava
733 3603 761 3654 et
785 3613 902 3670 exaspe·
994 3606 1038 3660 tl.
1065 3603 1125 3660 Duo
1143 3610 1236 3660 autem
1259 3600 1338 3659 nobis
1351 3601 1380 3657 in
1394 3599 1581 3658 haereditatem
1607 3595 1658 3657 reli

104 3705 177 3746 rans.
957 3691 1005 3750 ille
1028 3701 1154 3751 vetustus
1168 3694 1256 3751 Adam
1278 3690 1326 3765 qui
1339 3690 1440 3764 fugito
1462 3688 1532 3747 facie
1552 3686 1613 3756 Dei,
1635 3686 1658 3745 le

140 3782 167 3834 9.
183 3778 223 3833 Tu
241 3785 332 3833 autem
354 3773 444 3849 quid?
472 3774 505 3831 In
518 3774 579 3849 ipsa
601 3774 753 3834 elevatione
776 3788 904 3831 umnam
958 3781 1095 3855 udeliret,
1109 3791 1138 3839 er
1158 3782 1298 3839 dolorem:
1313 3778 1436 3836 laborem
1459 3777 1488 3834 ia
1501 3773 1658 3846 rationed

106 3876 221 3932 tuarum,
246 3865 385 3934 cumiani
407 3863 567 3922 sacrificium
592 3865 752 3924 matutinum
771 3864 800 3921 in
828 3865 905 3926 holo·
958 3872 985 3929 in
1009 3873 1146 3947 passione.
1169 3873 1232 3928 Non
1245 3872 1298 3928 boo
1326 3869 1386 3942 ipse
1414 3868 1538 3926 audierat
1564 3866 1594 3925 in
1619 3880 1658 3941 pa:

105 3962 227 4013 caustum
253 3952 438 4025 vespertinum
466 3955 608 4024 transiret3
637 3956 757 4030 inipso,
780 3956 903 4030 inquam,
959 3976 1040 4035 quem
1064 3967 1207 4034 acceperat
1221 3967 1250 4016 ut
1273 3967 1446 4034 operaretur,
1462 3965 1490 4016 et
1505 3956 1656 4016 custodiret

107 4045 204 4103 virtute
230 4039 342 4109 incensi,
371 4042 444 4114 quod
476 4042 561 4100 coelos
592 4046 769 4118 ascendebat,
804 4054 905 4104 terram
958 4059 1121 4126 operaretur
1151 4047 1359 4118 delectabiliter,
1385 4048 1536 4108 custodiret
1572 4044 1658 4104 lidelit

108 4132 260 4208 operiebat,
289 4129 392 4188 inferos
421 4132 609 4205 respergebat,
638 4135 823 4193 exaudiendus
855 4153 905 4210 pro
960 4141 1061 4210 sibi,et
1075 4139 1192 4214 posteris
1206 4138 1270 4197 suis
1297 4139 1420 4198 Christus
1434 4138 1567 4196 Dominus
1586 4135 1658 4195 tabor

107 4221 260 4283 reuerentia
283 4225 330 4279 tua
354 4221 472 4280 clamas:
495 4224 594 4295 Potor,
608 4224 719 4295 ignosco
741 4225 812 4294 iltis,
839 4229 906 4301 quia
960 4231 1082 4290 dolorem
1110 4227 1303 4300 considerauit,
1329 4236 1360 4287 nt
1387 4229 1508 4287 traderet
1534 4242 1583 4283 eos
1607 4224 1637 4282 in

105 4315 241 4372 naamani
254 4310 321 4376 quid
338 4312 459 4384 faciunt.
481 4309 504 4367 Ο
518 4327 599 4384 qnam
613 4311 713 4369 multus
727 4327 758 4369 cs
777 4313 811 4369 ad
825 4313 907 4388 igno-
960 4336 1042 4390 suas3
1061 4318 1116 4377 imo
1130 4336 1161 4378 se
1175 4318 1263 4392 magis
1275 4318 1304 4375 in
1317 4333 1413 4375 manus
1422 4331 1528 4386 eorum,
1539 4313 1638 4370 inlixus
1651 4311 1658 4370 i

105 4399 252 4479 scendum!
267 4416 283 4457 o
298 4415 379 4473 quam
393 4415 493 4472 magna
512 4399 655 4458 multitudo
669 4399 819 4458 dulcedinis
841 4412 904 4473 tuae,
959 4407 1095 4482 protimdi,
1108 4416 1136 4465 et
1148 4408 1319 4468 intraverunt
1331 4422 1409 4482 aquae
1422 4404 1578 4478 istreusque
1592 4403 1658 4460 ada

105 4491 221 4550 Domine
234 4488 240 4546 l
253 4506 270 4547 o
284 4506 365 4564 quam
376 4489 457 4562 longe
467 4496 529 4546 sunt
542 4489 720 4567 cogitationes
735 4499 787 4550 tuae
800 4508 817 4548 a
830 4495 906 4572 cogi·
958 4498 1029 4570 ejus.
1049 4498 1121 4566 Vide,
1130 4498 1165 4553 ad
1181 4501 1289 4556 Patrem
1296 4495 1392 4571 inquit,
1409 4497 1605 4554 bumilitatem
1614 4509 1658 4552 me

106 4580 255 4637 rationibus
277 4577 393 4635 nostrisl
419 4593 534 4652 oquam
547 4577 652 4635 firmata
666 4590 707 4636 est
722 4582 803 4639 ctiam
823 4599 906 4655 super
959 4587 1080 4648 laborem
1094 4605 1190 4647 mcum
1215 4589 1304 4659 (Psoi.
1318 4602 1400 4655 xxm,
1427 4584 1485 4659 18);
1503 4587 1568 4659 quia
1586 4600 1658 4660 paup

104 4671 203 4746 impios
225 4669 411 4727 misericordia
432 4668 496 4725 tual
520 4668 587 4725 Mira
602 4668 687 4728 888
710 4671 767 4730 resl
785 4673 832 4731 Ille
854 4675 906 4732 cla·
959 4695 1031 4749 sum,
1045 4674 1658 4752 etinlaboribusojaucututemeo(Pactus

103 4770 181 4819 mat:
205 4762 330 4834 lenonem
355 4756 459 4815 ludaei:
487 4759 622 4835 crucifige
645 4761 737 4834 (toan.
761 4780 823 4835 xlx,
848 4766 903 4840 15).
961 4768 1016 4840 to).
1037 4766 1344 4836 Laborauitsustinens,
1364 4783 1462 4824 manus
1484 4766 1545 4836 ejus
1568 4763 1595 4819 in
1620 4760 1658 4820 tar

105 4850 199 4907 llolliti
213 4857 275 4906 sunt
289 4862 430 4905 sermones
450 4846 510 4918 ejus
524 4863 607 4920 super
620 4848 720 4921 oleum,
742 4861 770 4910 et
782 4852 827 4911 isti
841 4864 904 4913 sunt
958 4856 1121 4915 servierunt.
1149 4858 1190 4914 De
1205 4858 1300 4917 dolore
1313 4859 1375 4917 uide
1388 4856 1453 4931 quid
1468 4853 1585 4912 dixerit:
1604 4852 1658 4910 Ovi

103 4938 202 5008 jacula.
221 4937 244 4993 0
263 4937 380 4996 charitas
393 4934 509 5011 patiens,
525 4937 573 4992 sed
593 4946 621 4994 et
635 4942 803 5013 compatiens
815 4942 822 5000 t
836 4947 905 5004 Cho·
958 4966 1006 5008 nes
1021 4951 1071 5025 qui
1085 4951 1217 5008 transitis
1226 4968 1278 5025 par
1289 4951 1375 5017 vium,
1391 4945 1533 5005 attendite
1543 4948 1572 5001 et
1582 4942 1658 5001 videt

105 5023 902 5107 ritospotieasest,sufficit;charitosberripuoest(lCor.
958 5039 1035 5097 dolor
1056 5040 1221 5099 aicutdotor
1243 5056 1322 5097 meus
1340 5037 1456 5110 (Taren.
1485 5049 1508 5100 1,
1524 5032 1580 5104 ll).
1609 5031 1658 5089 Ver

103 5130 165 5182 xm,
194 5115 232 5185 l),
257 5117 442 5173 cumulusest.
468 5117 532 5174 Noti
553 5118 632 5174 vinci
645 5122 762 5192 amota
786 5122 903 5182 charius
958 5142 1059 5198 guores
1074 5134 1184 5184 nostros
1197 5125 1257 5199 ipse
1284 5122 1355 5189 tulit,
1370 5127 1399 5178 et
1421 5117 1594 5175 infirmitates
1609 5122 1658 5175 etr

101 5203 258 5271 abundans3
273 5204 453 5263 aedviuccin
468 5205 661 5265 inremotam
676 5212 828 5284 (nomm,
844 5215 902 5289 21),
958 5224 1068 5274 nostros
1094 5217 1153 5289 ipse
1174 5213 1293 5288 portavit
1318 5212 1401 5286 (lsai.
1420 5225 1479 5281 uni,
1496 5210 1535 5284 l),
1560 5207 1601 5266 vir
1623 5206 1659 5265 do

101 5292 327 5369 superabundans
342 5299 393 5350 est.
409 5294 470 5351 Non
493 5294 567 5353 enim
583 5298 641 5354 sola
654 5298 794 5372 patientia,
810 5302 860 5360 sed
874 5311 903 5362 et
956 5322 1062 5380 pauper
1074 5312 1103 5364 et
1116 5304 1222 5373 dolens,
1232 5299 1658 5376 tenuusperomniaabsqoep

101 5383 255 5458 benignitas
285 5378 336 5437 Dei
364 5380 397 5438 ad
424 5383 612 5455 poenitentiam
639 5386 747 5447 ludaeos
774 5390 901 5465 adduxit3
956 5398 991 5454 Et
1013 5397 1043 5452 in
1056 5396 1112 5454 uita
1132 5394 1267 5469 passivam
1288 5393 1382 5452 babuit
1401 5392 1549 5460 actionem,
1564 5398 1593 5447 et
1613 5387 1644 5447 in

100 5473 164 5547 quia
188 5473 306 5547 benigna
321 5470 440 5529 clraritas
467 5472 548 5530 etiam
564 5490 633 5548 quos
656 5479 753 5537 tolerat
771 5491 854 5554 amat,
874 5495 900 5544 er
956 5486 1112 5560 passionem
1130 5485 1245 5546 aceram
1258 5483 1396 5556 sustinuit,
1411 5483 1478 5542 dum
1490 5480 1609 5543 mutem
1628 5492 1658 5555 01
