3734 5948
55 229 113 290 ass
664 290 686 315 ‚
704 220 875 282 sunnonis
892 221 926 283 ιι
945 223 1097 288 murm.
1170 224 1198 239 ··
1649 224 1719 287 354,

57 356 211 413 mundum
237 353 304 411 illud
328 372 336 409 ε
360 354 595 410 inveteraverunt
613 366 676 409 esse
692 366 765 418 meo,
781 350 851 406 dum
869 350 1073 441 fluconloders‘t
1086 352 1207 424 Deniqm
1219 349 1266 423 qui
1285 349 1335 407 sibi
1345 363 1472 422 nsquam,
1484 353 1527 409 cni
1543 360 1585 410 sat
1598 352 1709 411 mnus?

57 446 214 501 cumeram
232 447 292 501 totu
308 440 449 511 die(Psut.
466 454 546 506 xxxv,
561 441 600 508 3).
616 438 705 494 Pudet
718 436 852 494 reminisci
908 440 1010 510 (ticeli.
1028 455 1088 507 xxa,
1100 441 1141 510 5.)

57 530 240 600 quorumdam
263 537 366 586 ιιιιιιιιιι
386 526 560 599 proterviam,
575 531 673 582 utnon
695 526 795 594 pudeat
808 539 857 582 soa
946 531 989 585 ι3.
1016 530 1056 584 Sit
1084 536 1171 584 autem
1192 538 1220 582 et
1246 525 1495 596 fideliscoulessio,
1510 528 1709 587 utoonlltaaris

58 637 121 676 cum
144 618 320 674 exsultatione
349 615 467 691 lugenda
492 613 628 683 jietitare,
650 612 725 686 quod
745 623 774 671 et
795 619 858 685 post
910 616 937 672 in
964 631 1022 688 spe,
1038 616 1071 671 dc
1089 616 1253 687 indulgentia
1275 615 1383 686 penitus
1397 629 1451 671 non
1465 613 1648 684 diflidensna
1661 626 1708 675 tuo

58 715 214 781 susceptum
236 712 360 763 sanctum
380 703 501 761 habitum
514 701 611 759 callide
625 701 776 774 quempiam
791 717 856 773 snp-
911 713 937 759 ts
963 719 1011 761 ore
1032 719 1088 761 non
1115 719 1170 760 tam
1181 702 1325 773 justifices,
1340 719 1419 775 quam
1435 704 1610 760 condemnas.
1623 705 1709 762 iudas

61 795 248 867 plantaverint,
263 803 290 850 et
308 793 534 851 circumvenerint
547 789 575 847 in
598 788 707 862 negotio
727 789 855 858 tratrem
911 803 985 850 certe
1015 793 1135 864 proditor
1165 792 1282 861 Domini,
1307 799 1334 847 ct
1348 792 1412 848 Cain
1435 790 1571 849 fratricida
1589 794 1706 850 conleasi

59 890 106 940 aut
119 882 191 954 quod
208 881 336 938 talionem
352 895 401 952 pro
414 879 537 936 convicio
551 879 758 942 velmaledicto.
773 877 800 932 id
815 886 857 934 est
911 890 982 946 sunt,
998 889 1026 937 et
1040 880 1121 937 dillisi
1137 888 1213 936 sunt:
1230 881 1297 936 alter
1314 901 1321 937 :
1348 880 1474 944 Peaeum,
1488 879 1577 953 inquit
1592 881 1708 939 trudent

60 972 161 1027 malum
186 986 234 1042 pro
258 971 347 1038 malo;
371 977 418 1026 aut
441 967 616 1025 maledictam
635 982 687 1040 pro
714 965 856 1024 maledicto
911 972 1083 1042 sunguine-us
1096 972 1213 1042 justum
1227 971 1341 1037 (llattb.
1357 985 1448 1037 xxvu,
1469 971 1609 1040 tupiter:
1622 972 1715 1042 llujor·

59 1060 189 1118 audacter
203 1057 378 1115 reddiderint.
911 1064 953 1118 ert
968 1060 1106 1133 iniquitas
1120 1073 1193 1130 meu,
1212 1075 1299 1132 quum
1321 1064 1355 1116 ui
1373 1060 1486 1117 uenum
1499 1075 1612 1117 mercer
1626 1059 1708 1128 (Gen.

97 1151 141 1203 lb.
157 1147 210 1202 Sed
225 1153 266 1203 est
287 1145 424 1202 conlassio
445 1159 478 1200 eo
498 1143 676 1215 periculosius
697 1142 786 1209 noxia,
801 1158 856 1216 quo
911 1164 951 1213 vv,
983 1147 1046 1216 ts);
1068 1154 1096 1203 et
1124 1163 1204 1203 verax
1224 1147 1298 1214 licet,
1323 1146 1361 1202 nil
1392 1146 1433 1203 eis
1458 1148 1565 1218 proluit
1592 1147 1709 1204 infidelis

60 1236 188 1292 subtilius
197 1250 276 1302 vans,
286 1250 349 1291 cum
363 1233 422 1306 ipsa
435 1232 515 1290 etiam
529 1233 670 1291 inhonesta
684 1237 711 1289 et
724 1232 812 1302 turpia
822 1231 857 1289 da
912 1237 1056 1297 antemio.
1081 1237 1129 1292 liae
1149 1237 1240 1309 itaque
1255 1245 1310 1292 tres
1323 1234 1503 1293 confessionis
1517 1234 1707 1304 observantiae,

60 1325 140 1382 nobis
148 1323 277 1397 detegere
287 1337 481 1387 nonseremnr,
491 1337 545 1377 non
556 1320 620 1393 quia
628 1320 857 1390 bumilsssnmus,
908 1328 1010 1398 juncte
1031 1334 1147 1398 quatuor
1164 1325 1350 1398 superioribus
1372 1325 1601 1397 compunctionis,
1615 1331 1707 1397 aapts·

59 1415 109 1468 sed
123 1424 154 1469 ut
166 1428 226 1468 esse
241 1419 378 1482 putemur.
393 1408 532 1481 appetere
545 1418 635 1465 autem
650 1409 685 1463 de
704 1406 857 1465 hnmilitate
912 1415 1020 1471 narium
1034 1414 1156 1485 implent.

60 1502 179 1567 laudem,
200 1499 361 1557 humilitatis
375 1507 426 1568 est,
447 1513 502 1554 non
523 1499 620 1562 virtus,
637 1496 685 1551 scd
705 1495 856 1553 subversio.
950 1505 994 1558 ι3.
1012 1503 1070 1557 ianr
1085 1516 1151 1560 vero
1173 1501 1214 1557 sic
1240 1508 1427 1571 compunctas,
1447 1510 1474 1557 et
1495 1501 1536 1558 sic
1556 1502 1707 1573 conlessns,

64 1591 150 1645 Verus
169 1588 276 1644 humilis
290 1588 352 1644 vilis
364 1587 420 1644 vult
443 1586 574 1657 reputari,
590 1600 646 1643 non
659 1585 770 1642 homilis
785 1600 859 1657 pre·
913 1605 945 1647 ac
967 1589 1077 1662 propria
1102 1588 1215 1661 proinde
1245 1598 1337 1646 certus
1360 1590 1394 1645 da
1417 1588 1482 1658 vita,
1497 1598 1711 1662 certusquoqna

61 1677 156 1734 dicari.
171 1675 276 1735 Gaudet
294 1682 449 1746 contemptu
466 1674 519 1743 sui,
534 1676 586 1731 boc
600 1673 659 1730 solo
678 1689 744 1731 sane
762 1689 858 1746 super·
874 1637 897 1714 Β
913 1678 1088 1735 nihilominus
1133 1693 1173 1741 es,
1216 1686 1248 1734 ut
1269 1677 1395 1743 arbitror,
1428 1692 1515 1734 vanno
1544 1692 1712 1751 naquaquam

62 1767 123 1831 bus,
139 1765 212 1837 quod
226 1763 322 1820 landes
336 1763 492 1821 coutamait.
503 1762 575 1831 Quid
589 1760 752 1834 perversius,
761 1761 861 1834 quidve
916 1766 1025 1821 nomine
1042 1765 1173 1839 appellari
1187 1764 1289 1835 iesum,
1303 1781 1375 1834 uam,
1390 1765 1479 1836 quiin
1494 1775 1520 1822 te
1534 1766 1601 1823 talia
1613 1764 1712 1822 ualuit.

62 1853 221 1924 indignius,
245 1868 326 1925 quam
352 1860 382 1908 ut
418 1851 577 1908 humilitatis
603 1857 697 1909 custos
725 1851 860 1910 confessio
915 1860 943 1908 et
960 1853 1047 1909 voluat
1059 1853 1179 1926 operari,
1194 1868 1246 1908 nec
1260 1868 1357 1921 vacue,
1373 1854 1548 1910 subsecutum
1558 1853 1642 1910 luisse
1656 1853 1711 1910 bs·

62 1942 197 2013 superbie
215 1942 324 2007 militet,
347 1940 450 1998 atinde
473 1941 542 1996 velis
564 1940 647 1998 videri
668 1939 772 2006 melior,
788 1940 861 1996 unde
914 1940 1097 2014 aulamquem
1113 1941 1288 2012 praemiserat.
1314 1942 1376 1998 Non
1391 1942 1466 1998 venit
1480 1957 1566 1999 vacus
1581 1943 1713 2015 quianon

62 2030 163 2087 videris
179 2030 321 2087 deteriori
339 2029 461 2086 llirabile
482 2028 617 2099 iactantiae
639 2046 737 2101 genus,
752 2037 782 2084 ut
805 2043 860 2085 non
914 2029 986 2087 venit
1000 2029 1336 2101 vacuusllamquomodo
1351 2029 1565 2100 ascensisque
1582 2030 1713 2087 innituit
1812 2096 1819 2109 .

63 2120 151 2192 possis
164 2119 252 2189 putari
270 2127 386 2181 mactus,
401 2118 423 2172 si
439 2131 493 2173 non
509 2131 641 2189 appareas
653 2115 810 2172 sceleratus.
826 2117 862 2173 Δι
916 2118 1077 2189 plenitudo?
1096 2119 1190 2190 Neque
1203 2118 1274 2175 enim
1305 2118 1331 2173 ei
1357 2118 1438 2174 datus
1460 2119 1545 2174 ested
1561 2133 1712 2174 mensnram

63 2207 123 2263 talis
136 2206 274 2264 confessio
292 2205 412 2277 specium
424 2205 527 2262 habens
541 2204 709 2274 humilitatis,
726 2216 780 2260 non
804 2203 861 2260 vir·
914 2207 1034 2279 spiritua.
1064 2206 1185 2279 Denique
1212 2214 1239 2262 et
1260 2205 1332 2262 veuit
1356 2207 1383 2262 in
1404 2204 1569 2276 plenitudine
1584 2206 1714 2277 temporis

64 2293 517 2361 intemnnnsnlnmvcniamnon
538 2290 861 2358 meretur,18wsed
913 2296 1019 2367 (delet.
1049 2311 1088 2359 xv,
1105 2296 1145 2366 ι),
1159 2295 1270 2366 plenum
1297 2294 1412 2366 proinde
1421 2294 1519 2352 venire
1532 2309 1564 2351 aa
1577 2293 1713 2351 indicans.

63 2393 91 2441 et
105 2388 233 2454 provocat
250 2380 330 2437 iram.
345 2380 473 2453 Nunquid
488 2380 590 2452 proluit
603 2380 678 2446 Saul,
692 2380 767 2452 quod
782 2398 812 2439 se
825 2380 860 2436 sd
913 2383 987 2440 Bene
1010 2384 1129 2452 plenum,
1161 2398 1243 2455 quem
1263 2382 1339 2440 unxit
1352 2385 1431 2439 Pater
1457 2382 1518 2438 oleo
1541 2383 1641 2438 letitiae
1654 2400 1714 2455 prm

64 2471 276 2542 increpationem
314 2469 447 2526 Samuelis
473 2482 599 2540 peccasse
626 2467 763 2526 oonlessus
793 2472 861 2526 est‘t
913 2471 1084 2528 consortibus
1107 2469 1164 2527 suia
1186 2472 1274 2540 (Paul.
1297 2486 1379 2543 ιιιιι,
1403 2470 1452 2542 8);
1486 2469 1562 2527 aurit
1588 2478 1616 2527 st
1639 2472 1715 2529 misit

63 2561 89 2630 (l
112 2563 175 2630 liep.
201 2574 251 2624 xv,
275 2560 332 2628 30.)
347 2556 496 2631 Culpabilis
521 2558 615 2628 procul
641 2557 724 2614 dubio
745 2557 798 2614 luit
815 2557 861 2615 illa
914 2561 1022 2630 plenum
1047 2559 1143 2631 gratian
1167 2558 1329 2618 siverimus
1356 2559 1451 2631 (loen.
1480 2574 1500 2625 r,
1516 2559 1570 2630 tt).
1586 2559 1670 2615 Unxit
1684 2568 1715 2617 ut

63 2647 213 2713 confessio,
228 2662 290 2718 quae
304 2646 410 2717 culpam
425 2660 479 2702 non
493 2644 580 2702 diluit.
596 2645 711 2716 Quando
724 2647 795 2702 euim
809 2646 861 2702 bu·
914 2654 1037 2720 ungeret.
1052 2647 1155 2705 Omnes
1164 2648 1199 2704 ab
1208 2662 1242 2704 eo
1262 2647 1333 2704 uncti
1348 2656 1422 2719 sunt,
1436 2649 1482 2718 qui
1496 2647 1532 2702 de
1546 2647 1715 2717 plenitudine

64 2738 156 2794 milam
171 2743 357 2794 contemneret
374 2733 574 2794 maiessionem
587 2735 743 2793 humilitatis
761 2736 864 2809 magis-⁴
913 2733 973 2806 ejus
988 2742 1144 2791 meruerunt
1159 2734 1290 2805 accipere.
1311 2734 1372 2790 ideo
1392 2736 1430 2791 ait
1441 2754 1448 2793 ε
1461 2737 1586 2807 Spiritus
1600 2737 1715 2793 Domini

63 2834 115 2894 ter,
130 2832 157 2881 et
180 2824 226 2881 cui
239 2823 387 2880 humilibus
402 2823 469 2879 dare
483 2823 596 2895 graium
618 2834 691 2881 certe
711 2824 861 2898 ingenitum
914 2841 998 2898 super
1011 2841 1065 2895 rue,
1081 2841 1111 2882 eo
1123 2825 1195 2898 quod
1207 2827 1328 2884 uenerit
1346 2841 1402 2889 me,
1429 2824 1465 2880 ud
1479 2825 1715 2882 euuuriticudum

63 2915 128 2971 eati
139 2911 257 2969 Omnino
271 2927 326 2968 non
341 2919 447 2984 poterat
463 2927 517 2969 non
527 2912 639 2985 placari,
654 2912 677 2970 si
691 2929 753 2986 quse
766 2913 794 2969 in
808 2928 856 2970 ore
913 2916 1071 2970 amassetis
1085 2915 1165 2970 niisit
1179 2931 1241 2980 me;
1252 2917 1287 2968 ut
1299 2912 1425 2969 meduer
1434 2914 1566 2972 conlutis
1578 2912 1671 2978 corde,
1681 2918 1716 2969 ut

62 3001 164 3066 sonuit,
178 3001 206 3055 in
221 3001 303 3056 corde
315 3000 447 3057 radiasset
460 3000 607 3057 humilitas.
622 3001 691 3058 Ecce
703 3018 752 3058 cur
764 3001 858 3057 humi·
912 3002 1482 3078 predicaremnapsuuindntpeettnm,rt
1501 3001 1608 3057 elauris
1635 3015 1719 3072 uper·

64 3091 118 3145 lam
132 3104 193 3146 esse
206 3088 306 3145 debere
325 3088 524 3145 conluuionem
539 3088 605 3144 dixi.
724 3134 726 3138 .
915 3094 1072 3158 tionem,ut
1088 3090 1276 3162 praedicarem
1289 3104 1400 3146 anuum
1414 3089 1584 3162 placabilem
1597 3089 1715 3146 bomine

71 3209 74 3213 -
101 3182 144 3233 il.
165 3177 278 3249 Oportet
301 3184 394 3235 antem
421 3192 482 3233 esse
506 3186 533 3232 et
560 3176 721 3246 simplicem.
736 3176 797 3234 Non
814 3178 860 3232 in·
915 3181 992 3247 (lsai.
1011 3194 1072 3244 axx,
1089 3182 1115 3247 l,
1132 3177 1328 3248 2).Veniebat‚
1349 3187 1378 3232 nt
1394 3175 1484 3240 audis,
1498 3191 1599 3246 ungere
1612 3176 1716 3232 contri·

63 3267 208 3323 tentionem
233 3266 313 3335 (torte
332 3266 396 3337 quia
418 3267 481 3322 latet
504 3264 638 3338 homines)
657 3282 789 3325 excusare
810 3266 859 3324 de-
915 3271 1002 3324 tlonea
1014 3275 1133 3336 nostras,
1152 3282 1184 3322 ac
1197 3264 1283 3325 lenias
1295 3265 1421 3322 doloros:
1436 3265 1555 3337 ideoque
1569 3264 1717 3322 uenituno·

59 3355 151 3421 laem,
173 3354 196 3410 si
211 3356 246 3412 sit
267 3371 329 3419 rea3
347 3370 396 3410 nec
417 3354 535 3427 levigare
555 3355 672 3427 culpam,
687 3372 749 3426 quae
770 3355 862 3430 gravis
917 3364 970 3423 tus,
987 3357 1059 3412 lenit
1070 3363 1228 3415 mansuetus
1241 3363 1268 3410 ct
1280 3354 1363 3423 mitis,
1379 3353 1508 3411 etmultae
1522 3353 1717 3410 misedoordias

63 3452 123 3510 est;
154 3459 204 3501 nec
230 3442 319 3501 alieno
344 3445 506 3501 adumbrare
536 3461 634 3514 suasu,
658 3463 719 3503 cum
749 3446 861 3504 invitum
916 3443 1042 3501 omnibus
1069 3442 1255 3500 invocantibus
1269 3459 1309 3500 se.
1338 3442 1445 3500 Sciebat
1471 3457 1501 3498 sa
1527 3442 1560 3498 ad
1594 3440 1717 3497 infirmos

64 3549 144 3592 namo
175 3536 303 3605 coegerit.
331 3534 449 3590 Primum
478 3533 543 3591 illud
572 3550 625 3592 non
652 3536 788 3593 confessio
810 3545 862 3605 est,
918 3533 1090 3600 dessendsre,
1098 3531 1273 3603 exhibuitque
1282 3533 1388 3604 qualern
1398 3531 1528 3603 oportuit.
1542 3531 1576 3587 Et
1589 3530 1716 3602 quomam

64 3623 113 3680 ssd
132 3620 272 3692 delensi03
296 3637 346 3677 nec
374 3624 481 3691 placat,
504 3623 550 3678 sed
579 3632 718 3692 provocat.
741 3625 864 3696 Sequem
916 3623 1007 3681 multa
1035 3629 1114 3678 eram
1143 3620 1323 3689 infirmitates,
1351 3619 1436 3675 multa
1460 3634 1571 3690 quoque
1586 3618 1717 3688 providus

64 3718 199 3769 monstrat
221 3709 466 3781 ingratitudinem,
486 3716 514 3765 et
537 3725 592 3781 quo
615 3711 705 3767 minor
726 3723 863 3783 reputatur
919 3711 1039 3768 medicus
1053 3709 1227 3766 medicamina
1239 3707 1461 3765 curavitallerre.
1478 3706 1577 3763 Attulit
1591 3706 1716 3779 spiritam

63 3800 152 3872 culpa,
173 3813 205 3854 eo
228 3797 356 3855 minuitur
380 3807 409 3853 et
431 3798 520 3870 gloria
540 3798 693 3857 indultoris.
716 3800 771 3856 Sed
791 3803 863 3857 eninr
916 3798 1057 3871 sapientis
1078 3807 1105 3854 et
1128 3797 1289 3863 intellectus,
1323 3796 1448 3868 spiritum
1467 3793 1574 3851 conmlii
1592 3804 1620 3852 et
1638 3793 1715 3853 lorti·

64 3890 154 3945 minus
173 3887 285 3943 libenter
306 3884 466 3943 beneficium
480 3886 571 3955 datur,
586 3890 660 3959 quod
680 3889 769 3945 minus
787 3900 864 3962 grata
918 3888 1028 3952 tudinis,
1044 3885 1166 3959 spiritum
1193 3885 1312 3942 scientiae
1335 3893 1363 3941 et
1387 3884 1506 3956 pietatis,
1536 3893 1565 3941 et
1589 3884 1714 3956 spiritam

65 3976 188 4034 minusve
224 3974 377 4032 necessaris
415 3975 562 4046 provenire
597 3978 721 4033 sentitur.
753 3978 863 4034 Veniam
919 3976 1023 4034 timoris
1035 3973 1154 4031 Domini.

65 4065 178 4137 proinde
187 4064 238 4121 sibi
248 4066 395 4136 abjudicat,
407 4064 455 4137 qui
466 4081 565 4121 munus
575 4064 712 4140 largitoris
723 4075 862 4125 attenuat:
955 4067 998 4120 ll.
1028 4063 1109 4120 Vides
1130 4071 1198 4137 quot
1216 4063 1319 4134 phialas
1332 4063 1428 4134 plenos
1451 4062 1633 4120 odoramentis
1655 4077 1715 4119 cm-

66 4154 139 4226 quod
160 4153 267 4222 quidam
286 4153 375 4209 omnis
399 4153 445 4224 qni
469 4160 573 4211 reatum
597 4171 674 4211 suum
689 4157 781 4214 uerbis
794 4157 861 4212 alle·
916 4153 993 4210 lestis
1006 4152 1128 4208 medicus
1141 4151 1301 4222 praeparavit
1314 4152 1348 4207 ad
1372 4151 1492 4209 sananda
1505 4153 1618 4206 vulnera
1642 4149 1717 4207 illins

66 4244 139 4299 viare
153 4249 276 4311 conatur,
295 4240 367 4300 lacit.
390 4242 450 4298 lam
464 4258 481 4298 a
496 4251 634 4313 postremo
648 4245 728 4317 primi
744 4218 898 4303 norninisfl
914 4243 1015 4310 miseri,
1029 4241 1076 4313 qui
1091 4240 1181 4298 incidit
1199 4241 1228 4296 in
1238 4241 1382 4298 latrones?
1393 4242 1503 4312 Septem
1512 4247 1574 4296 sunt
1588 4254 1715 4324 samaro,

65 4331 232 4393 dehortetur,
251 4330 418 4399 exemplum,
431 4347 481 4388 nec
504 4330 611 4401 culpam
633 4332 766 4405 siqnidem
788 4334 862 4391 dilii-
914 4340 1019 4404 septem
1033 4327 1141 4388 1817
1166 4328 1280 4387 tortasse
1294 4330 1413 4399 praelatis
1438 4327 1645 4384 oscitationibus
1668 4343 1716 4384 ax·

66 4418 157 4483 renus,
174 4432 222 4473 nec
244 4427 332 4473 umen
352 4419 544 4492 consequentis
558 4420 662 4478 venum
682 4438 734 4480 non
748 4423 862 4480 dubium
915 4420 1029 4476 citandis
1056 4419 1277 4476 accommodate.
1314 4417 1431 4489 Spiritus
1458 4415 1530 4471 enim
1558 4416 1620 4473 uitas
1658 4424 1718 4471 erat

65 4507 132 4581 quin
152 4506 187 4562 ob
212 4516 302 4561 reatus
315 4506 437 4563 mulieris
458 4507 745 4581 admistinncmldsu.
762 4527 804 4579 ur,
823 4512 862 4584 i).
915 4509 944 4564 in
973 4506 1077 4578 phialis.
1107 4506 1146 4560 iix
1164 4505 1208 4560 iris
1240 4503 1360 4575 prolecto
1393 4502 1491 4560 inludit
1533 4504 1621 4561 οιιιιιιιι
1647 4504 1718 4562 rada

66 4596 160 4654 Genua
182 4595 364 4652 excusationis
377 4606 428 4664 est,
443 4611 503 4654 cum
519 4597 640 4669 muueris
664 4606 705 4666 tu,
719 4599 802 4654 aliurn
822 4601 864 4656 in·
917 4594 1087 4662 vulneribus;
1116 4589 1213 4646 inludit
1240 4597 1268 4646 ct
1305 4589 1409 4658 vinum,
1442 4591 1489 4647 aed
1516 4591 1607 4649 minus
1634 4605 1718 4663 quam

67 4685 178 4742 cnsabo.
196 4683 279 4740 Porro
301 4699 431 4741 excusare
451 4695 477 4742 te
492 4686 561 4744 velle
584 4685 693 4757 quando
709 4686 864 4758 occuperis,
918 4681 986 4740 olei.
1011 4681 1057 4738 Sic
1089 4696 1185 4752 nempe
1212 4680 1379 4752 congruebat
1410 4679 1611 4737 infirmitatibus
1638 4677 1716 4747 maia,

68 4789 148 4846 quam
173 4772 207 4828 sit
237 4788 292 4830 uon
318 4773 401 4831 modo
422 4771 533 4830 minime
559 4772 737 4842 inactuosum,
765 4775 814 4833 sed
839 4784 867 4833 at
920 4786 948 4835 nt
971 4775 1182 4834 misericordiam
1204 4773 1415 4846 superexaltaret
1445 4774 1558 4845 judicio,
1583 4775 1718 4846 quemad·

69 4860 260 4931 perniciosum,
274 4869 396 4916 sanctum
413 4860 499 4917 David
509 4860 658 4934 insenoga.
676 4863 758 4922 Verbo
771 4880 867 4936 nempe
922 4868 1030 4927 modum
1060 4865 1124 4923 vino
1157 4865 1247 4923 oleum
1275 4862 1444 4934 superfertur
1465 4863 1594 4925 iniussum.
1623 4862 1720 4922 Attulit

67 4951 199 5015 nutttioe,
217 4951 456 5008 excusetioucsiu
469 4949 595 5021 peccetis
608 4952 784 5024 appellatae
798 4954 869 5009 inea
923 4958 1036 5029 proinde
1068 4955 1187 5031 quinque
1215 4953 1299 5011 cados
1328 4952 1394 5023 olei,
1418 4951 1474 5011 vini
1499 4951 1612 5008 nonnisi
1638 4952 1717 5009 duna

70 5036 185 5092 declinet
206 5053 253 5093 cor
277 5052 357 5091 suum
374 5052 475 5108 rogans
488 5046 516 5092 st
534 5037 689 5111 supplicans
702 5042 791 5111 (Paul.
806 5056 872 5112 cxx,
923 5047 1021 5104 Vinum
1051 5044 1183 5119 siquidem
1207 5044 1287 5099 timor
1308 5049 1410 5097 tantum
1432 5049 1460 5097 et
1478 5039 1610 5099 tortitudo
1645 5039 1720 5099 luere

72 5128 109 5193 i).
132 5124 225 5180 lierito
251 5125 372 5196 quidem.
389 5126 549 5183 inanimam
564 5130 664 5185 etenim
686 5146 760 5187 suam
781 5140 870 5201 peccat
924 5135 1029 5205 reliqna
1041 5134 1162 5206 quinque
1176 5132 1268 5189 oleam
1284 5129 1393 5201 propria
1407 5129 1541 5191 suavitate
1565 5130 1718 5203 designant.

68 5216 115 5288 qui
140 5231 168 5269 se
182 5221 303 5279 excusat,
321 5216 455 5284 repellens
471 5217 585 5286 proinde
606 5234 622 5273 a
645 5233 675 5279 se
695 5218 871 5292 indulgentiae
916 5225 952 5279 ln
981 5221 1077 5293 spiritu
1115 5220 1232 5291 denique
1260 5219 1437 5288 tortitudinis,
1465 5231 1594 5293 rauquam
1625 5226 1722 5292 potans

69 5303 240 5368 menicinam,
256 5315 282 5359 et
306 5303 347 5361 sic
371 5305 452 5362 vitam
472 5305 525 5362 sibi
550 5306 660 5378 proprio
678 5322 728 5367 ors
744 5308 871 5366 interclu-
924 5311 1109 5383 crapulatusa
1128 5311 1190 5366 vino
1215 5310 1304 5380 (Psoi.
1328 5322 1438 5379 cxxvii,
1456 5312 1513 5380 65),
1533 5306 1675 5367 descendit
1688 5307 1723 5369 ad

68 5399 149 5448 dens.
177 5394 209 5447 lit
235 5408 361 5465 quaenam
386 5395 710 5467 matemautensem
736 5397 871 5467 propriam
926 5401 1040 5468 inleros,
1070 5398 1195 5456 contrivit
1223 5406 1313 5469 portas
1341 5415 1435 5465 ereas,
1460 5408 1488 5455 et
1515 5410 1605 5457 vectes
1619 5397 1723 5455 terreos

65 5480 173 5549 'minari
186 5481 736 5558 insalutem,etliuguaetuaetemetipsum
744 5501 873 5555 mucrone
927 5488 1073 5560 contragit;
1104 5486 1221 5560 alligavit
1240 5484 1347 5559 tortosa,
1364 5497 1391 5546 at
1405 5503 1467 5545 vasa
1481 5486 1643 5561 captivitatis
1667 5484 1720 5558 eri·
