3734 5948
109 187 179 246 ttsr
741 176 913 240 subuculis
937 177 971 238 IN
991 176 1140 237 cultrici.
1693 180 1761 239 ltttt

108 310 157 367 Cui
172 325 243 383 ego:
261 309 290 364 Si
307 315 334 363 te
348 315 459 364 tuomm
478 301 619 363 oculorum
637 304 820 362 testimoninm
834 302 913 360 lidele
927 319 950 396 g
965 301 1031 357 lndr
1046 302 1172 371 estquod
1187 299 1266 355 audet
1284 301 1372 355 anima
1385 316 1442 356 mea
1459 302 1490 356 ad
1505 301 1600 359 dulces
1618 309 1761 379 castorque

106 399 390 471 puras,tcstiur0nium
408 396 559 464 Deimajus
578 406 628 449 ιιι.
645 395 679 449 Et
705 410 789 450 rrro:
819 397 911 466 Super
965 405 1110 462 assurgere
1125 388 1244 445 veritatis
1261 388 1411 459 amplexus,
1432 396 1457 443 et
1476 390 1659 449 siciuamore
1675 393 1760 466 ipsius

107 506 202 545 usuros
220 493 294 556 tuos,
310 483 911 549 Jerusalem,coustituimstodes:totodr'a
964 487 1018 533 lota
1055 476 1199 533 securitate
1229 493 1260 531 ac
1282 475 1414 531 suauitate
1451 475 1595 547 quiescere,
1621 480 1643 535 si
1672 490 1760 537 tamen

106 581 134 631 el
150 579 210 632 toto
225 580 318 638 nocte,
330 576 362 629 ιι
374 578 546 646 perpetuum
556 572 756 629 contacebunt
766 572 829 642 [iso.
839 585 906 640 narr,
965 566 1084 622 iuveniat
1097 565 1210 638 gratiam
1226 566 1252 620 in
1278 563 1364 620 oculis
1391 562 1456 618 tanti
1480 566 1583 634 sponsi,
1608 573 1638 620 nt
1651 567 1761 642 dignam

105 667 143 735 6).
155 666 248 719 Serlde
262 663 377 735 angelis,
394 662 493 733 inquis,
509 660 535 714 id
549 659 649 718 dictum
664 669 713 716 est.
724 661 784 716 Nou
795 660 908 715 sbnun:
963 662 1078 725 reputer,
1095 670 1154 724 quae
1177 654 1211 708 ad
1235 652 1302 708 hauc
1332 652 1469 725 pertingat
1484 650 1613 722 gloriam;
1630 653 1684 709 imo
1698 653 1760 726 ipse

105 768 200 806 omnes
233 760 294 806 sunt
324 749 548 805 administratorii
577 747 689 820 spiritus
705 749 795 820 (Hebr.
811 764 831 802 ι.
849 750 907 819 ιι).
962 759 1020 798 eam
1051 743 1104 797 sibi
1128 742 1251 797 exhibeat
1288 756 1342 798 nou
1367 742 1510 796 habentem
1547 740 1681 796 maculam
1715 755 1761 802 aut

59 884 65 895 ..
105 843 141 896 Αι
155 843 217 912 quis
233 856 276 895 mn
295 838 438 908 probibeat
451 838 545 894 itidem
559 847 585 894 ιι
603 836 636 892 de
649 836 709 893 istis
723 837 836 907 sentire,
859 837 907 909 qui
960 847 1066 905 rugam,
1090 838 1135 884 aut
1162 829 1261 900 aliquid
1297 829 1439 899 ejusmodi,
1468 826 1568 896 Quanti
1594 838 1674 899 putas
1699 846 1761 889 essa

106 928 222 999 potentia
237 927 346 999 quidem
361 925 471 981 minime
484 927 538 995 jum
567 926 633 995 ipsis
656 925 760 998 angelis
787 925 906 997 impares
960 919 1133 988 discriminis,
1145 933 1233 990 quave
1250 917 1362 990 dignum
1379 934 1467 989 poena,
1479 924 1584 975 ιιιιιιι
1596 917 1645 972 Dei
1659 918 1761 975 donum

105 1026 167 1073 sunt
177 1017 274 1073 aflectu
290 1030 380 1070 autem
397 1026 424 1070 ιι
439 1014 624 1070 misericordia
638 1030 671 1070 eo
687 1014 765 1068 nobis
793 1013 905 1071 forsitan
959 1008 1075 1066 otiosum
1085 1008 1196 1064 tenere?
1210 1006 1310 1061 Verum
1323 1004 1461 1063 hocalias.

105 1106 292 1175 germaniores
321 1103 447 1172 existunt,
474 1116 528 1174 qno
560 1111 656 1159 natura
682 1102 905 1170 conjunctiores?
994 1098 1114 1154 6.ch
1142 1110 1207 1152 vero
1235 1110 1335 1166 sponsa
1363 1110 1443 1167 quern
1470 1095 1621 1166 quaerebat,
1651 1095 1761 1154 minime

104 1194 193 1265 lunge
205 1199 231 1247 et
247 1189 414 1247 tolerantiam
429 1191 586 1247 earumdem
600 1190 755 1261 passionarii
771 1195 799 1244 et
821 1189 904 1247 mise-
958 1187 1073 1258 reperit,
1094 1194 1119 1241 et
1130 1199 1199 1255 quos
1213 1201 1268 1240 uon
1282 1184 1431 1256 quaerebat,
1455 1193 1565 1255 reperta
1578 1195 1619 1241 est
1633 1186 1668 1241 ab
1683 1184 1761 1258 ipsis.

106 1281 224 1346 riarium,
239 1281 266 1335 in
281 1280 439 1351 quibusnos
454 1294 502 1350 pro
518 1287 640 1349 tempore
652 1277 740 1335 adhuc
756 1293 903 1335 versamur.
956 1274 1073 1332 audiant
1100 1276 1162 1347 hoo,
1190 1273 1315 1346 quisine
1340 1273 1409 1330 duce
1437 1279 1602 1344 preceptore
1624 1273 1681 1330 rias
1700 1273 1763 1334 vtrae

104 1369 214 1424 Nihilne
228 1368 345 1439 amplius
360 1367 541 1423 miserationis
561 1382 609 1437 pro
626 1367 755 1426 uolrisvel
769 1366 904 1424 sollicitu—
954 1363 1061 1437 ingredi
1075 1377 1129 1419 non
1153 1362 1312 1426 formidant3
1328 1361 1380 1432 ipsi
1407 1361 1457 1417 sibi
1486 1361 1512 1414 iu
1545 1370 1602 1417 arte
1629 1361 1762 1433 spirituali

104 1457 177 1513 dinis
203 1458 358 1527 operabitur
387 1458 412 1511 iu
442 1456 578 1511 mentibus
606 1457 717 1523 sanctis,
739 1455 855 1528 quodet
873 1472 904 1512 se
957 1452 1104 1509 existentes
1125 1463 1153 1508 ct
1166 1451 1290 1523 discipuli
1306 1449 1407 1522 pariter
1419 1458 1446 1506 ιι
1469 1449 1602 1522 magistri.
1621 1449 1682 1506 Non
1703 1449 1763 1507 ιιι-

106 1546 233 1601 transisse
248 1561 297 1615 per
312 1561 358 1600 eas
373 1546 465 1616 procul
480 1545 563 1600 dubio
581 1544 780 1600 meminerunt?
808 1543 904 1600 Nonne
960 1539 1018 1596 ficit
1037 1540 1202 1598 lroctetiam
1231 1546 1390 1598 coacervant
1420 1538 1573 1610 discipulos
1596 1538 1661 1606 sibi,
1696 1538 1762 1597 caeci

104 1634 148 1689 illa
174 1635 295 1705 ipsorum
321 1648 375 1690 vox
398 1641 458 1689 est:
487 1635 677 1690 Transiu'mus
698 1635 860 1706 perignem
875 1636 904 1689 et
959 1629 1044 1687 duces
1062 1644 1203 1687 cecorum.
1219 1631 1307 1702 Quam
1327 1627 1446 1685 multinx
1461 1629 1513 1684 boc
1527 1643 1543 1683 a
1556 1637 1632 1686 reato
1656 1628 1763 1685 tramite

106 1739 217 1795 isquam,
234 1727 261 1779 ιι
275 1723 500 1778 editaistiuosirt
512 1721 721 1793 refrigerium?
737 1723 901 1793 (Psalmo,
958 1718 1183 1789 periculosissime
1201 1720 1342 1775 aberrasse
1369 1719 1501 1789 comperti
1524 1716 1601 1773 suntl
1628 1715 1761 1775 Nimirum

108 1814 162 1881 la).
176 1811 272 1880 Quint
287 1812 339 1882 ipsi
349 1812 522 1883 transierunt,
538 1819 566 1868 et
579 1827 629 1867 nos
645 1811 672 1865 in
684 1811 780 1867 mediis
793 1811 904 1886 ignibus
957 1810 1114 1879 ignorantes
1144 1810 1253 1863 astutias
1280 1808 1386 1862 Satanae
1412 1814 1439 1861 et
1462 1807 1639 1879 cogitationes
1663 1806 1757 1879 ipsius,

107 1900 148 1956 vel
163 1900 286 1956 flectibus
298 1899 496 1971 derelinquent,
514 1916 564 1956 nec
579 1900 674 1956 saltem
702 1915 812 1955 manum
840 1915 904 1970 por·
958 1896 1112 1952 factumest
1139 1904 1169 1950 nt
1185 1895 1231 1966 qni
1246 1894 1341 1966 spiritu
1366 1904 1515 1965 coeperant,
1528 1910 1610 1952 carna
1628 1910 1761 1953 cousum-

108 1991 194 2059 rigere
212 1989 396 2061 dignabuntur
429 1988 645 2060 periclitantibus
660 1987 746 2044 filiis?
776 1988 835 2045 Non
863 1998 904 2044 est
958 1991 1105 2050 merentur,
1145 1982 1252 2040 abducti
1288 1981 1413 2053 turpiter,
1452 1980 1522 2053 lapsi
1559 1983 1759 2040 damnabiliter.

107 2078 153 2131 ita.
169 2079 241 2132 Beue
256 2087 343 2133 tecum
356 2077 458 2149 agitur,
473 2095 489 2134 ο
504 2087 589 2133 mater
597 2077 728 2143 Ecclesia,
744 2077 811 2133 bene
818 2083 904 2133 tecum
959 2072 1075 2129 Videant
1089 2072 1200 2144 proinde
1215 2070 1261 2145 qui
1280 2069 1413 2140 ejusmodi
1440 2080 1514 2136 sunt,
1534 2071 1760 2142 quomodocsnte

106 2166 195 2237 agitur
209 2166 234 2218 in
254 2166 312 2222 loco
331 2166 557 2238 peregrinationis
574 2173 643 2221 tuae:
670 2168 703 2220 de
730 2167 800 2223 coelo
822 2173 848 2223 et
870 2165 905 2220 dn
959 2162 1107 2233 ambulent,
1127 2168 1154 2218 et
1180 2162 1215 2217 de
1255 2175 1354 2231 sponsa
1382 2157 1536 2228 exemplum
1558 2165 1680 2226 sumant,
1700 2173 1761 2230 quor

106 2264 176 2310 terra
199 2255 273 2309 venit
296 2254 427 2311 auxilinm
445 2255 503 2310 tibi.
528 2253 581 2322 Qui
600 2254 755 2310 custodiunt
784 2263 821 2321 te,
851 2269 905 2309 nou
959 2266 1013 2307 non
1037 2250 1109 2321 prius
1132 2252 1165 2305 ad
1178 2266 1252 2320 eum,
1281 2265 1363 2322 quem
1385 2246 1564 2313 desiderabat,
1601 2245 1761 2304 ullomodo

105 2340 250 2395 dormitant
282 2357 369 2413 neque
396 2342 544 2398 dorminut.
583 2341 716 2399 Custodes
752 2343 788 2397 tui
816 2342 906 2415 angeli
959 2340 1045 2395 valuit
1069 2339 1221 2411 pervenire,
1254 2354 1336 2413 quam
1359 2336 1411 2394 sibi
1435 2342 1621 2406 occurrerent,
1646 2350 1760 2410 quorum

105 2428 203 2497 sancti,
217 2428 313 2500 vigiles
329 2432 368 2484 tui
384 2429 496 2496 spiritus
513 2432 649 2487 etauimae
671 2432 818 2501 justorum.
844 2431 906 2486 Non
962 2427 1115 2500 magisterio
1144 2435 1266 2485 uteretur
1298 2426 1331 2481 ad
1354 2426 1577 2499 cognoscendum
1605 2425 1639 2481 de
1662 2424 1761 2482 dilecto

104 2525 194 2573 errant
204 2517 287 2589 quite
297 2518 331 2572 ab
346 2519 470 2588 utrisque
493 2518 630 2574 iuventam
651 2519 792 2591 spiritibus
814 2535 907 2577 sense-
961 2519 1076 2572 certead
1099 2517 1260 2573 discendnm
1284 2514 1409 2572 timorem
1423 2513 1542 2572 Domini.
1557 2512 1702 2573 seductori
1715 2514 1761 2569 dat

106 2608 170 2674 rint,
184 2608 218 2662 ab
232 2607 354 2678 utrisque
369 2607 471 2679 pariter
485 2608 622 2664 custodiri.
638 2609 672 2665 Et
686 2617 727 2665 est
749 2609 832 2680 hujus
847 2610 905 2665 sol·
962 2622 1081 2671 manum,
1115 2606 1162 2679 qui
1188 2607 1254 2663 dare
1281 2604 1431 2661 dissimulat
1463 2604 1635 2676 preceptori.
1665 2603 1761 2673 thui

105 2695 252 2759 licitudinis
276 2695 344 2752 ratio
364 2695 517 2767 quibusque
536 2711 603 2752 sua:
636 2698 679 2753 his
700 2698 819 2772 quidem,
835 2698 908 2769 qnod
962 2694 1072 2749 dimittit
1089 2709 1153 2751 ores
1181 2696 1208 2748 in
1222 2708 1323 2765 pascua
1351 2694 1453 2765 absque
1467 2693 1590 2759 custode,
1614 2699 1708 2766 pastor
1720 2698 1761 2748 est

105 2785 164 2840 siue
180 2794 205 2841 te
223 2800 278 2841 uon
293 2794 533 2852 consummentur,·
552 2785 605 2841 illis
621 2802 696 2858 varo,
721 2789 795 2860 quod
809 2788 861 2844 nisi
873 2788 908 2845 de
961 2798 1015 2839 non
1026 2783 1128 2851 orium,
1144 2783 1192 2840 sed
1204 2783 1338 2854 luporum.

107 2884 131 2930 ιι
145 2875 179 2929 ad
206 2875 248 2930 sui
268 2874 462 2946 plenitudinem
483 2873 591 2930 minime
613 2884 816 2934 restaurentur.
841 2874 950 2953 Namc
999 2873 1026 2925 7·
1044 2871 1121 2928 Nunc
1137 2873 1193 2941 jam
1221 2872 1362 2930 videamus
1381 2871 1538 2943 desponsa,
1567 2870 1704 2943 quomodo
1731 2884 1762 2927 se

106 2963 168 3033 quis
177 2963 288 3029 neseiat,
304 2964 403 3019 Sataua
413 2965 527 3021 cadente
541 2964 575 3020 de
591 2966 660 3020 coelo
674 2974 701 3020 et
716 2968 779 3036 ejus
793 2967 910 3040 compli·
965 2961 1036 3017 dicat
1047 2962 1193 3018 inventam.
1212 2959 1277 3016 blihi
1291 2959 1365 3016 enim
1383 2960 1488 3016 insuete
1501 2959 1566 3018 satia
1587 2960 1702 3016 uerbum
1715 2961 1761 3015 iu·

106 3051 193 3118 cibus,
225 3069 365 3108 numerum
390 3068 516 3124 supernae
542 3052 723 3111 multitudinis
752 3065 827 3127 parte
856 3072 908 3112 non
963 3051 1099 3108 ventionis
1113 3053 1237 3123 posuisse
1252 3050 1370 3107 ridetur.
1387 3050 1454 3105 Nam
1469 3048 1573 3106 italice
1589 3047 1664 3113 dicit,
1683 3062 1714 3104 ac
1736 3046 1762 3104 si

107 3141 211 3197 modica
225 3141 417 3198 imminutum?
445 3144 483 3197 De
504 3152 528 3197 te
544 3143 633 3214 itaquo
656 3158 751 3199 omnes
783 3160 909 3201 consum-

109 3230 253 3287 mationem
267 3238 433 3302 exspectant,
449 3230 495 3285 alii
510 3231 627 3299 numeri,
642 3232 691 3289 alii
705 3233 834 3291 desiderii
855 3236 906 3291 sui.

107 3318 234 3386 Agnosce
248 3317 363 3386 proinde
378 3333 472 3376 vocem
500 3321 527 3374 iu
547 3321 663 3391 psalmo:
688 3322 726 3377 lte
755 3328 908 3395 expectorat

105 3407 190 3477 justi,
202 3406 289 3464 donec
299 3409 442 3466 retribuas
453 3409 527 3465 milri
542 3410 630 3479 (Ριιι.
642 3425 716 3480 cunr,
732 3412 771 3483 8).

142 3497 170 3550 5.
197 3494 232 3548 Et
259 3496 463 3566 advertendum,
488 3500 559 3569 quod
575 3514 629 3556 non
644 3499 697 3556 ista
711 3500 781 3572 illos,
805 3502 855 3557 sed
869 3502 907 3557 illi

107 3583 184 3641 istam
200 3583 290 3654 potins
304 3585 609 3656 invenissereioruntnr,
625 3595 710 3661 utque
720 3604 772 3664 ego
786 3591 907 3662 suspicor

105 3673 138 3727 ad
164 3672 315 3745 hocipsum
330 3674 416 3730 studio
430 3675 568 3731 destinati.
584 3678 652 3732 Nam
677 3677 813 3749 quomodo
837 3694 906 3751 prae·

105 3762 243 3829 dicabunt,
259 3763 312 3818 nisi
324 3763 490 3820 mittantur?
504 3766 627 3838 Denique
650 3767 733 3822 trabes
752 3768 906 3841 loquentem

963 3142 1069 3196 unone
1081 3141 1141 3198 loco
1156 3140 1276 3197 Ecclesia
1285 3138 1397 3196 venerit.
1408 3138 1489 3195 Venit
1502 3144 1591 3194 autem
1603 3137 1637 3193 ab
1652 3134 1762 3193 Oriente

963 3237 990 3284 et
1006 3229 1163 3302 Occidente,
1175 3230 1254 3302 Juxta
1262 3230 1376 3285 verbum
1391 3225 1501 3283 Domini
1511 3225 1690 3297 (unciaru,
1706 3226 1760 3294 lt).

964 3328 991 3376 et
1012 3335 1027 3373 a
1052 3319 1155 3376 eunctis
1178 3319 1277 3376 linibus
1306 3328 1393 3374 terrae.
1424 3316 1477 3373 Sed
1503 3330 1592 3388 neque
1618 3313 1762 3387 aliquando

963 3418 1127 3483 congregata
1139 3413 1181 3465 est
1198 3408 1225 3464 in
1240 3425 1323 3465 unum
1336 3408 1438 3475 locum,
1454 3406 1500 3462 ubi
1523 3406 1558 3463 ab
1570 3402 1698 3478 apostolia
1711 3417 1762 3461 seu

962 3499 995 3554 ab
1009 3500 1115 3571 angelis
1135 3499 1304 3556 inveniretur
1332 3496 1490 3553 deducenda
1504 3495 1549 3551 rel
1571 3494 1713 3571 dirigenda
1726 3493 1760 3552 ed

963 3604 1036 3655 eum,
1054 3604 1133 3661 quem
1148 3587 1238 3659 diligit
1252 3589 1341 3644 anima
1355 3601 1414 3641 sna.
1424 3582 1550 3642 Eueritne
1563 3584 1641 3656 priua
1654 3584 1760 3642 insama

962 3694 1041 3748 quarn
1057 3676 1189 3734 collecta?
1208 3677 1286 3742 Non;
1311 3675 1375 3742 qnia
1397 3689 1447 3730 ιιι
1460 3680 1526 3729 erat.
1542 3671 1722 3743 Quamobrem
1737 3672 1760 3729 si

964 3766 1117 3832 collectam,
1130 3766 1154 3821 si
1173 3769 1379 3839 congregatam,
1393 3761 1414 3817 si
1429 3771 1511 3830 certe,
1525 3759 1599 3834 quod
1614 3758 1699 3833 magis
1711 3773 1760 3818 ro·

105 3852 131 3906 iu
143 3852 318 3924 Evangeliis:
337 3855 512 3926 lte,ecceepo
524 3855 664 3912 mittovos
678 3857 753 3927 (ιιι.
764 3874 796 3930 ιι,
806 3859 848 3929 3);
858 3870 903 3916 et:
961 3855 1055 3913 cabulo
1076 3853 1204 3911 Ecclesiae
1223 3853 1362 3924 competit,
1378 3858 1554 3908 convocatam
1567 3848 1756 3920 apraedicato-

107 3943 155 4007 lte,
168 3944 323 4015 predicate
339 3943 524 4016 Eoorrpcliurn
552 3946 630 3999 omni
650 3949 788 4003 creaturae
806 3948 902 4019 (More.
959 3942 1034 3999 ribus
1067 3958 1096 3999 se
1120 3941 1239 4014 dixisset,
1270 3940 1426 3997 transistem
1454 3936 1619 4010 Simpliciter,
1646 3937 1756 3994 minime

105 4036 231 4102 arnlb).
247 4034 286 4087 lta
297 4032 407 4090 escula
417 4033 557 4104 quaerebat
571 4049 711 4106 sponsum,
728 4045 755 4091 et
771 4052 903 4109 sponsum
957 4029 985 4085 5¹1
995 4031 1086 4106 ³15th
1115 4031 1328 4088 cunctabundus·
1339 4029 1516 4100 coadjutores
1529 4026 1601 4085 enim
1616 4025 1667 4083 ⁰⁰5
1680 4034 1753 4099 ⁸⁰⁰¹,

105 4132 159 4175 non
174 4120 282 4177 latebat.
298 4121 401 4194 Nempe
409 4120 456 4193 qui
471 4121 498 4177 in
511 4123 564 4178 hoe
573 4121 663 4190 ipsum
672 4123 834 4183 excitaverat
844 4143 902 4184 eam
917 4152 941 4230 n
958 4136 1037 4193 quem
1046 4128 1074 4177 et
1081 4120 1189 4177 audiere
1197 4122 1367 4193 loquentem:
1382 4120 1437 4189 Qui
1444 4134 1503 4177 non
1513 4116 1621 4190 colligit
1630 4131 1754 4186 mecam,

106 4214 134 4261 ut
149 4221 178 4262 se
191 4218 334 4279 quaereret,
346 4219 373 4266 et
386 4212 498 4269 dederat
507 4210 546 4267 illi
561 4226 610 4268 cor
624 4212 659 4268 ad
674 4222 819 4287 praecepta,
830 4223 858 4273 et
867 4216 905 4273 le·
960 4211 1218 4283 disperpitfflottlr.
1241 4225 1292 4275 xrr,
1306 4208 1362 4279 30).
1372 4207 1424 4265 Sed
1438 4222 1527 4279 neque
1542 4204 1669 4262 boemiiii
1682 4205 1717 4261 ab
1726 4219 1756 4262 re

104 4310 165 4365 gem
184 4297 247 4351 vitae
261 4308 290 4353 et
303 4297 462 4369 disciplinae,
477 4301 625 4357 dummodo
640 4311 712 4360 ιιιιι
725 4302 771 4375 qui
788 4302 903 4361 instrue·
955 4300 1100 4368 videbitur,
1116 4299 1138 4356 si
1153 4299 1251 4356 dixerit
1269 4296 1331 4370 qais
1344 4298 1378 4353 ab
1400 4297 1440 4354 eis
1453 4295 1592 4353 fundatam
1604 4292 1756 4353 sirenaru-

104 4391 145 4439 ret
163 4393 189 4440 et
209 4385 396 4441 noceretvian
409 4388 571 4457 prudentiae.
591 4390 707 4448 Etmisit
718 4392 744 4447 iu
759 4407 901 4451 occursum
955 4398 1051 4444 catam.
1068 4388 1206 4461 Siquidem
1220 4389 1271 4446 hoc
1284 4386 1407 4443 iecerunt
1428 4401 1481 4442 una
1498 4402 1562 4443 eum
1590 4385 1646 4452 illo,
1660 4383 1709 4459 qni
1725 4383 1754 4442 in

104 4473 163 4542 ejus
178 4473 343 4545 plantatores
358 4481 385 4529 et
399 4477 542 4551 rigatores,
560 4479 607 4550 qui
623 4495 683 4536 eam
697 4482 858 4553 enutrirent,
874 4491 901 4538 et
955 4478 1107 4552 Evangeliis
1117 4478 1252 4551 loquitur:
1269 4480 1303 4534 Et
1312 4492 1397 4549 super
1411 4475 1604 4550 boncpetrum
1614 4473 1755 4546 aedificabo

103 4559 293 4618 confirmarent
308 4561 335 4616 in
350 4564 425 4620 omni
440 4566 603 4624 certitudine
627 4569 756 4639 veritatis,
777 4572 829 4629 boc
850 4580 902 4644 est,
958 4569 1117 4626 Ecclesiam
1128 4564 1343 4638 meomfflcttlr.
1355 4564 1537 4639 xvi,18)f;el:
1550 4561 1755 4636 Qoiosttrtdoio

103 4650 251 4708 indicarent
266 4651 305 4707 illi
321 4660 477 4727 certamque
492 4655 637 4714 redderent
649 4657 684 4714 de
697 4659 814 4729 dilecto;
841 4662 905 4734 quia
957 4662 1099 4730 estsaprn
1112 4658 1226 4729 firmum
1236 4662 1347 4730 petrum
1362 4653 1469 4727 (Mattio.
1481 4669 1532 4727 ru,
1543 4653 1753 4726 autumemus

102 4741 199 4799 veritas
214 4749 255 4797 est
269 4757 349 4814 quam
365 4745 470 4815 qnaerit,
487 4751 513 4801 et
529 4761 611 4816 quam
625 4762 686 4804 rere
710 4747 803 4822 diligit
815 4750 904 4807 anima
957 4745 1024 4800 nihil
1052 4746 1149 4803 hurum
1178 4746 1302 4818 loquens,
1319 4743 1367 4800 sed
1395 4751 1493 4816 praeter
1510 4741 1618 4798 solitum
1645 4739 1753 4812 quidem

101 4831 170 4899 rjus.
188 4831 219 4884 Et
234 4847 328 4887 resera
342 4832 402 4903 quia
421 4832 491 4888 lidus
505 4849 620 4893 verusve
636 4836 733 4892 animae
746 4851 834 4910 amor,
850 4839 902 4895 nisi
958 4833 1102 4905 perhibens
1125 4850 1156 4891 ae
1184 4834 1330 4901 iuventam,
1362 4830 1481 4890 cunctari
1508 4829 1673 4904 aliquantum
1702 4843 1754 4888 uos

102 4918 194 4989 ntique
206 4919 239 4984 is,
257 4934 312 4991 qno
327 4919 429 4975 veritas
443 4921 606 4978 adamatur?
615 4922 736 4980 Rationis
751 4942 811 4982 sum
825 4942 900 4982 com·
957 4921 1029 4988 iacit,
1045 4930 1125 4994 atque
1138 4922 1167 4978 in
1177 4923 1360 4996 suspicionem
1372 4921 1483 4980 adducit
1496 4921 1578 4978 latere
1591 4920 1663 4989 loco,
1678 4920 1752 4991 quod

102 5022 161 5078 pos,
174 5010 364 5067 veritatissum
379 5026 485 5083 capnx3
501 5013 548 5068 sed
572 5012 677 5069 utinam
694 5030 750 5071 non
770 5016 863 5085 iorem,
880 5017 904 5074 si
957 5009 991 5066 sii
1005 5008 1161 5086 diligendus
1173 5011 1341 5069 intuendum-

100 5110 176 5152 amor
198 5099 253 5154 reri
290 5098 416 5154 defuerit.
447 5100 548 5158 llornm
589 5101 690 5174 quippe
715 5119 851 5161 ramorum
879 5105 903 5162 is
992 5103 1019 5153 8·
1036 5098 1176 5168 Volebam,
1204 5099 1299 5169 fateor,
1329 5098 1477 5172 lucterius,
1492 5096 1752 5173 mequesulrduc'ere

102 5184 205 5241 fructus
220 5197 271 5257 est,
288 5197 316 5244 et
331 5203 384 5261 ogo
400 5190 486 5246 radix.
503 5191 563 5247 Non
573 5206 634 5247 snm
645 5206 758 5250 securus
771 5208 788 5249 a
801 5194 901 5268 securi,
957 5185 1751 5254 huiestffliissillrcuituffioertssossstutirem·Caewlllmffl·

101 5274 124 5329 ιι
139 5274 901 5348 absquaeoinveniar.1nrrronnnnnmacacianis
954 5276 1100 5334 miniscens
1122 5275 1465 5351 inquantiaaequedubiis
1488 5275 1752 5347 sinnaritanus

101 5380 213 5422 munere
228 5366 292 5422 illud
316 5366 415 5423 divina
440 5369 564 5442 imaginis
589 5369 691 5428 enitere
704 5370 814 5445 insigne
828 5372 900 5428 band
956 5367 1066 5442 quidem
1084 5381 1190 5422 sursum
1204 5366 1288 5422 eorda
1308 5365 1468 5435 levantibus,
1488 5371 1569 5425 etiarn
1583 5381 1751 5442 snpraapem

101 5453 215 5512 dublum
241 5466 293 5525 est,
313 5472 348 5513 ea
371 5474 425 5528 quo
449 5459 554 5515 ceteris
577 5466 688 5532 prestet
709 5460 899 5520 animantibus.
963 5472 1050 5516 meam
1064 5456 1188 5529 adiutum
1202 5469 1246 5512 me
1259 5454 1404 5524 musenim,
1432 5457 1515 5528 pudet
1531 5456 1688 5518 diffidentiae
1701 5473 1711 5514 s
1725 5465 1754 5514 et
