3734 5948
104 171 139 246 93

539 253 542 258 Ι
578 171 612 234 lN
629 170 755 233 tlolltl
773 169 977 233 NlthraNs
996 169 1110 233 DOMINI
1127 169 1235 233 SSRNO
1254 171 1291 234 111

1720 179 1755 240 af

104 297 239 366 {ronam
252 271 412 351 annornm
427 294 521 367 (Apoe.
536 309 574 364 m,
591 297 645 363 tl).
661 297 833 367 inceperunt
846 295 909 368 qui·
923 309 947 389 Ι
963 295 1047 371 gessit
1060 293 1089 351 in
1112 310 1204 364 carue,
1229 294 1348 369 denique
1372 295 1490 356 fructum
1513 299 1603 356 crucis
1617 307 1645 357 et
1662 301 1755 359 mortis

105 381 171 439 dem
188 382 246 452 jam
261 381 383 453 singulas
404 382 488 438 stolas
514 401 521 437 ε
546 384 664 441 sednon
687 382 837 441 vestientur
855 384 907 440 du-

104 469 236 545 plicibus,
251 470 340 526 donec
353 470 499 527 vestiamur
511 477 541 527 et
557 487 617 528 nos.
643 471 725 529 vadia
741 479 866 528 tenemus
880 478 908 528 et

105 562 221 618 obsides
233 560 295 630 ips'a
319 575 415 616 eorum
438 575 564 633 corpora,
579 561 639 616 sine
663 560 762 633 quibus
776 577 905 618 consum·

104 649 176 705 mari
190 663 246 704 non
257 656 382 720 possunt,
399 665 450 704 ncc
463 665 497 705 ca
511 651 645 723 recipient
655 650 714 706 sine
724 650 812 706 uobis.
828 650 907 707 Unde

106 734 142 795 de
154 738 316 810 patriarchis
327 745 356 792 et
369 738 511 808 prophetis
520 738 557 794 ait
566 739 727 810 Apostolus:
742 742 796 797 fleo
805 740 907 798 nntius

103 826 218 901 aliquid
224 826 390 900 providente
402 828 553 899 prenobis,
563 832 598 884 nt
609 844 666 884 non
681 830 742 884 sine
755 830 832 886 nobis
842 845 908 888 con·

102 920 324 975 mmmarentur
339 916 431 987 (Hebe.
454 931 496 984 ιι,
516 916 611 990 lb).0
639 917 661 973 si
679 933 908 992 cognosceremus

102 1013 130 1062 et
144 1021 197 1060 uos
217 1005 356 1077 quomodo
370 1013 529 1077 exspectant
550 1013 577 1062 et
600 1013 729 1078 quantum
748 1004 907 1063 desiderant

102 1094 255 1150 adrentum
279 1093 420 1149 nostruml
438 1110 520 1166 quam
535 1094 650 1151 sollicite
666 1102 801 1168 quaeruut,
826 1112 906 1167 quarn

101 1180 225 1238 libenter
242 1182 356 1238 audiunt
368 1183 440 1238 bona
455 1184 490 1238 de
506 1181 603 1238 uobisl

141 1274 169 1326 6.
190 1268 261 1338 Quid
275 1279 367 1326 tamen
385 1269 471 1326 dehis
493 1270 591 1342 loquor
619 1272 667 1345 qui
688 1271 852 1339 didicerunt,
873 1288 907 1328 ex

105 1359 151 1414 bis
165 1369 228 1432 quae
241 1358 315 1430 passi
339 1366 412 1425 suut,
436 1358 664 1431 compassionem,
681 1361 791 1431 qnando
807 1368 834 1416 et
857 1358 907 1431 ipsi

105 1462 160 1502 nos
174 1446 266 1519 angeli
287 1446 374 1502 sancti
398 1446 572 1503 desideranti
591 1451 689 1504 Nonne
704 1448 739 1504 de
753 1448 907 1506 vermiculis

105 1534 178 1602 istis,
194 1534 271 1591 etde
294 1535 406 1607 pulvere
429 1535 481 1591 isto
500 1535 671 1591 restaurandi
685 1545 747 1592 suut
761 1537 830 1593 muri
849 1554 906 1594 ooe·

103 1623 185 1680 lestis
199 1623 369 1680 temsatemt
382 1625 487 1680 Putatis
508 1632 639 1696 quantum
662 1625 821 1684 desiderant
834 1625 908 1683 cives

963 400 1029 452 suae,
1044 383 1170 456 praetium
1184 386 1324 461 sanguinis
1338 387 1473 450 pretiosi?
1496 389 1593 445 Nonne
1608 388 1757 447 traditurus

962 480 1004 528 est
1019 489 1132 545 reguum
1147 474 1205 530 Deo
1220 482 1247 530 et
1261 475 1341 541 Patri,
1357 476 1431 548 quod
1446 477 1607 549 acquisivit?
1621 480 1717 536 Nonne
1732 479 1756 536 ei

962 571 1161 618 restauraturus
1175 573 1218 619 est
1244 572 1382 620 creaturas
1406 581 1479 632 suas,
1499 581 1549 638 pro
1564 566 1663 639 quibus
1676 567 1755 622 Pater

962 651 1035 706 illum
1059 651 1132 706 misit
1153 651 1181 706 iu
1209 652 1318 707 terras?
1337 653 1486 726 Exspectat
1510 670 1559 710 nos
1588 664 1615 711 et
1637 654 1755 728 Spiritus

961 748 1083 797 sanctus.
1110 742 1158 796 Est
1186 741 1258 795 enim
1288 742 1403 797 charitas
1424 751 1451 799 et
1472 743 1636 816 benignitas,
1659 744 1685 799 in
1705 759 1758 816 qua

961 829 1147 900 predestinati
1161 845 1256 886 sumus
1276 830 1310 884 ab
1330 835 1460 890 aeterno:
1487 849 1538 889 nec
1559 832 1673 889 dubium
1692 832 1758 906 quin

961 918 1229 988 praedestinationem
1244 935 1320 973 suam
1335 918 1399 974 velit
1413 919 1530 992 impleri.

998 1010 1023 1063 8.
1040 1007 1114 1079 Ergo
1129 1006 1192 1078 quia
1214 1015 1315 1077 paratae
1334 1016 1397 1062 sunt
1411 1008 1522 1080 nuptia,
1549 1019 1577 1066 ot
1597 1011 1686 1067 omnis
1709 1025 1760 1067 nos

961 1095 1042 1151 curiae
1063 1094 1182 1150 coelestis
1209 1095 1361 1167 frequentia
1388 1095 1526 1153 desiderat
1554 1107 1581 1154 et
1603 1105 1758 1171 exspectat3

962 1199 1101 1239 curramus
1116 1199 1172 1239 non
1187 1184 1265 1256 quasi
1286 1185 1314 1240 in
1339 1185 1491 1258 incertum3
1516 1201 1656 1243 curramus
1684 1187 1761 1243 desi-

961 1271 1045 1328 deriis
1060 1279 1088 1327 et
1102 1273 1224 1345 profectu
1238 1273 1377 1329 virtutum.
1395 1273 1540 1339 Proicere,
1556 1275 1691 1347 proficisci
1705 1282 1760 1335 ost.

961 1360 1088 1416 Dicamus
1113 1361 1210 1434 singuli
1224 1380 1231 1415 z
1247 1363 1345 1434 Aspice
1363 1364 1395 1418 in
1418 1380 1472 1428 me,
1493 1367 1521 1418 el
1540 1365 1758 1435 misereremei,

962 1449 1115 1506 secundem
1122 1450 1267 1521 judicium
1277 1452 1569 1522 dilipentinmnonten
1578 1455 1660 1507 tuum
1670 1451 1761 1518 (Psoi.

961 1551 1060 1604 cxvru,
1078 1539 1149 1609 132).
1165 1539 1225 1595 Non
1240 1538 1310 1595 siout
1326 1554 1378 1612 ego
1394 1535 1491 1605 merui,
1513 1540 1561 1594 sed
1576 1538 1646 1596 siout
1659 1538 1698 1594 illi
1712 1540 1762 1596 dc-

961 1625 1106 1698 creveriut‚
1136 1625 1278 1683 miserere.
1305 1627 1433 1684 Dicamus
1460 1627 1536 1694 item,
1566 1629 1646 1685 Sicol
1669 1629 1760 1699 feerit

104 1711 234 1768 caelestes
254 1713 401 1768 instaurari
423 1713 537 1770 cintatis
560 1729 617 1770 suae
637 1714 752 1771 ruinas?
764 1715 906 1785 Quomodo
923 1730 945 1808 p
960 1716 1091 1772 volentos
1104 1716 1137 1771 in
1157 1716 1236 1782 colo,
1257 1718 1298 1780 sic
1311 1717 1364 1786 fiet
1379 1736 1388 1773 .·
1403 1716 1533 1788 itemque,
1554 1718 1617 1773 Fial
1631 1716 1763 1774 volnnlos

103 1799 217 1857 solliciti
240 1798 304 1857 s'unt
331 1808 361 1857 ut
383 1802 494 1858 veniant
516 1802 699 1874 lapidesrivi,
723 1804 768 1874 qui
783 1803 905 1860 coaedifi-
961 1807 1012 1860 tuo
1026 1805 1135 1876 (lfollb.
1151 1821 1191 1873 vr,
1213 1806 1268 1874 to),
1284 1805 1390 1861 Scimus
1414 1806 1543 1878 quoniam
1563 1805 1760 1877 scriptumest,

104 1897 206 1946 centur
221 1888 281 1945 eis?
301 1891 438 1963 quomodo
457 1891 610 1948 discurrunt
633 1892 802 1973 mediiginter
815 1909 866 1950 nos
880 1903 907 1950 et
961 1893 990 1949 Si
1004 1895 1075 1950 Dens
1092 1911 1143 1966 pro
1157 1894 1244 1962 nobis,
1260 1896 1322 1967 qnia
1336 1899 1435 1952 contro
1449 1896 1518 1950 nosf
1533 1897 1587 1951 dut
1599 1895 1762 1968 qnisgoecn·

104 1969 206 2043 Deum,
217 1976 373 2035 fidelissime
384 1987 524 2051 portantes
538 1982 572 2036 ad
583 1997 646 2037 eum
660 1983 779 2054 gemitus
788 1988 907 2050 nostros,
960 1982 1033 2037 solit
1051 1982 1185 2040 aduersos
1200 1983 1300 2040 electos
1314 1983 1389 2040 Dei?
1405 1986 1491 2052 (Nom.
1507 1998 1568 2050 vrri,
1585 1987 1631 2047 ll,
1646 1985 1702 2052 33).
1718 1983 1762 2038 An

105 2075 134 2123 et
160 2067 247 2138 ipsius
270 2067 350 2123 nobis
376 2069 491 2140 gratiam
515 2070 691 2126 dovotissime
715 2072 908 2143 reportantes?

104 2156 190 2211 Plane
205 2171 260 2212 non
274 2156 495 2229 dedignabuntur
508 2164 538 2214 ut
548 2159 632 2214 simus
646 2174 740 2216 eorum
750 2161 828 2227 socii,
840 2177 908 2233 quo·

105 2261 168 2300 rum
183 2244 248 2301 facti
262 2253 325 2301 suut
337 2247 394 2316 jam
409 2247 536 2304 ministri.
550 2248 648 2304 Nonne
663 2249 735 2304 enim
750 2265 846 2305 omnes
861 2249 908 2305 ad-

105 2333 296 2390 ministratorii
323 2342 387 2392 sunt
415 2335 535 2408 spiritus,
563 2337 592 2393 iu
624 2338 805 2395 ministerium
833 2338 908 2394 missi

106 2431 223 2494 propter
240 2424 348 2496 eosqui
363 2425 549 2483 hereditatem
567 2425 652 2484 76⁰
664 2427 773 2500 capiunt
791 2427 908 2483 salutis?

108 2513 161 2583 (id.
175 2529 197 2576 1,
214 2512 270 2583 ll).
285 2511 466 2580 Festinemus,
489 2515 615 2584 obsecro,
630 2516 811 2584 dilectissimi,
834 2515 909 2572 festi·

107 2616 226 2656 nemus:
244 2609 299 2657 tota
313 2617 364 2657 nos
378 2603 519 2660 multitudo
529 2605 647 2661 coelestis
660 2605 743 2661 curiae
757 2612 907 2677 exspectat.

108 2689 254 2746 Exsultare
272 2690 385 2762 angelos
404 2689 527 2758 fecimus,
544 2694 654 2766 quaudo
669 2695 795 2751 conversi
815 2710 909 2751 sumus

108 2778 145 2832 ad
157 2778 362 2850 poeuitentiam;
373 2780 555 2852 proficiamus,
564 2789 592 2839 et
600 2783 759 2839 festinemus
770 2783 909 2854 complere

108 2865 145 2922 de
159 2867 240 2922 nobis
253 2883 347 2924 eorum
362 2869 491 2925 laetitiam.
507 2870 554 2927 Vae
569 2872 627 2936 tibi,
643 2872 798 2945 quicunque
818 2887 848 2929 es
863 2873 910 2945 qui

108 2955 248 3012 deliberas
276 2953 366 3014 redire
390 2958 424 3013 ad
450 2959 550 3027 lutum,
579 2961 678 3016 reverti
702 2961 736 3016 ad
759 2960 906 3018 vomitum!

108 3042 228 3100 Putasne
242 3045 365 3116 placatos
385 3047 498 3105 babebis
520 3049 549 3105 in
568 3049 679 3119 jndicio,
704 3064 773 3122 quos
792 3057 867 3105 tauto
882 3055 910 3105 et

961 2087 1018 2127 non
1033 2070 1107 2140 licet,
1117 2070 1211 2144 iuquit,
1223 2073 1295 2128 milti
1308 2072 1479 2145 socereqeod
1490 2073 1549 2128 nolo
1559 2071 1574 2124 ,⁹
1584 2069 1694 2140 (flotin.
1707 2084 1761 2136 xx,

962 2159 1017 2231 lb).
1034 2159 1097 2215 llaec
1120 2160 1153 2214 sit
1171 2160 1279 2216 intorim
1299 2159 1447 2215 consolatio
1467 2167 1569 2223 nostra,
1595 2156 1761 2223 charissimi,

961 2249 1049 2303 donoc
1064 2248 1247 2320 egrediamur,
1273 2256 1300 2304 et
1318 2248 1449 2304 Dominus
1473 2248 1508 2302 sit
1534 2246 1686 2303 nobiscum.
1708 2244 1761 2315 Qui

961 2352 1060 2407 magua
1075 2353 1123 2393 sua
1137 2336 1323 2393 misericordia
1346 2337 1380 2392 ad
1401 2336 1511 2393 beatam
1530 2334 1603 2391 illam
1619 2333 1761 2406 egressio-

962 2441 1033 2494 nem,
1051 2436 1078 2482 et
1091 2427 1125 2481 ad
1139 2427 1241 2481 clarum
1254 2425 1392 2482 illuderes
1404 2441 1453 2481 uos
1469 2425 1608 2497 perducat,
1626 2432 1653 2479 et
1669 2423 1695 2478 iu
1710 2425 1762 2481 boc

962 2530 1071 2586 quoque
1086 2516 1207 2588 proximo
1218 2532 1279 2572 cres
1294 2514 1403 2571 visitare
1418 2528 1478 2579 nos,
1499 2521 1525 2569 et
1540 2511 1683 2569 nobiscum
1697 2528 1763 2570 esse

962 2603 1089 2677 dignetur
1117 2612 1175 2659 :ui
1203 2603 1302 2676 siquis
1331 2603 1401 2659 forte
1421 2602 1448 2657 in
1473 2602 1621 2659 tentatione
1641 2600 1764 2674 qualibet

962 2692 1107 2758 detinetur,
1124 2692 1183 2764 ipso
1199 2693 1345 2748 miseraute
1361 2692 1406 2765 qui
1420 2691 1569 2763 praedicare
1584 2689 1661 2746 venit
1684 2689 1761 2746 clau·

963 2780 1000 2835 sis
1028 2780 1211 2852 apertionem,
1237 2797 1297 2837 cras
1321 2780 1491 2856 egrediatur;
1516 2788 1544 2835 ui
1572 2795 1633 2835 cum
1662 2777 1763 2850 gaudio

964 2869 1074 2925 salutari
1095 2869 1276 2941 suscipiamus
1299 2885 1428 2926 coronam
1443 2868 1547 2942 parvuli
1562 2867 1645 2942 Regis
1664 2866 1760 2938 nostri,
1844 2935 1847 2941 .

963 2957 1023 3030 ipso
1050 2967 1205 3031 praestanto,
1232 2959 1362 3031 quicum
1391 2958 1472 3014 Patre
1492 2967 1518 3013 ct
1542 2957 1643 3029 Spiritu
1667 2963 1762 3012 sancto

964 3047 1030 3106 vivit
1053 3057 1080 3103 et
1099 3057 1197 3121 regnat
1210 3049 1285 3105 Deus
1299 3063 1348 3118 per
1363 3046 1453 3103 omnia
1468 3045 1568 3104 saecula
1591 3045 1764 3102 saeculorum.

107 3140 165 3187 tam
181 3142 292 3205 sperato
307 3136 413 3207 privare
427 3135 468 3192 vis
486 3138 608 3209 gaudio?
627 3138 835 3196 Exsultaveruut
848 3155 910 3195 oum
926 3127 948 3206 c
964 3138 1062 3192 Amen·

108 3235 163 3278 nos
186 3222 222 3276 ad
242 3223 426 3293 poenitentiam
448 3226 581 3292 venimus,
601 3233 731 3299 tanquam
759 3243 842 3298 super
868 3227 910 3282 bis

1272 3223 1389 3284 SERNO
1412 3223 1457 3279 Ill.

109 3325 183 3383 quos
196 3310 231 3366 ab
246 3311 305 3383 ipsa
317 3312 398 3368 inferi
419 3323 497 3386 porta
517 3322 661 3372 cernerent
683 3315 816 3372 revocari.
840 3315 910 3385 Quid
964 3313 994 3368 ln
1008 3311 1292 3371 illud:llodiceciefis
1304 3314 1476 3388 qcieoeniel
1488 3312 1767 3373 Dominus.etncne

110 3413 187 3455 nunc
202 3399 264 3466 erit,
279 3400 303 3456 si
316 3401 351 3455 ab
365 3401 426 3473 ipsa
439 3403 557 3473 paradisi
570 3404 652 3474 janua
666 3404 769 3461 reverti
781 3404 909 3472 viderint,
999 3385 1129 3443 lidelmi
1142 3386 1262 3455 dimam
1272 3387 1344 3457 flui-
1360 3383 1446 3440 Exod.
1462 3398 1522 3456 caP·
1533 3375 1650 3457 ”flell-
1664 3387 1691 3452 ⁶2
1702 3386 1730 3439 7·

111 3494 141 3543 et
153 3485 232 3544 abire
245 3496 398 3546 retrorsum
422 3493 530 3566 eosqui
556 3493 613 3563 jam
633 3494 731 3564 pedem
752 3492 867 3549 alterum
882 3493 910 3548 iu
1001 3496 1027 3547 f.
1038 3490 1144 3564 Quique
1159 3490 1317 3563 terrigenae,
1328 3497 1356 3547 et
1371 3489 1418 3546 frlii
1433 3490 1586 3556 bominum,
1601 3489 1696 3545 audite
1713 3488 1766 3546 Vos

110 3576 242 3648 paradiso
263 3579 516 3650 posueruutham
529 3581 581 3638 etsi
594 3596 710 3654 corpora
723 3579 846 3650 inferius,
862 3581 912 3638 sed
965 3580 1053 3653 quiin
1068 3579 1179 3651 pulvere
1194 3579 1270 3645 estis,
1286 3578 1510 3652 expergiscimini
1521 3577 1664 3634 etlaudate
1681 3596 1688 3632 :
1704 3576 1769 3650 quia

111 3664 198 3720 eorda
207 3681 325 3725 sursum.
964 3668 1056 3725 reniet
1072 3666 1193 3724 medicus
1206 3668 1241 3722 ad
1264 3675 1393 3742 egrotos,
1409 3667 1568 3738 redemptor
1581 3665 1617 3720 ad
1631 3665 1767 3733 venditos,

150 3756 177 3809 7.
195 3755 311 3822 Currite,
325 3755 425 3814 fratres
439 3759 554 3826 currite,
569 3774 624 3816 uon
638 3759 688 3816 soli
702 3759 802 3830 angeli,
818 3759 867 3816 sed
886 3767 913 3816 et
966 3758 1000 3813 ad
1024 3765 1148 3813 errantes
1162 3757 1215 3824 via,
1234 3757 1268 3812 ad
1284 3763 1405 3813 mortuos
1419 3756 1484 3811 vita.
1502 3755 1583 3811 Venit
1606 3753 1706 3827 quippe
1722 3755 1768 3827 qui

113 3842 175 3914 ipse
185 3842 347 3917 augelorum
357 3861 406 3904 vos
416 3849 527 3905 Creator
538 3848 802 3921 exspectatNuptlae
811 3855 913 3922 paratae
966 3846 1089 3919 projiciat
1110 3845 1137 3900 iu
1153 3845 1318 3918 profundum
1338 3844 1419 3899 maris
1434 3842 1524 3900 omnia
1537 3852 1649 3916 peccata
1665 3852 1768 3909 nostra,

112 3940 190 3999 suut,
209 3932 260 3988 sed
275 3934 395 3991 noudum
417 3935 499 4008 plena
520 3937 633 4007 domus;
650 3938 739 3995 adbuc
753 3945 912 4010 exspectan·
967 3935 1013 4008 qui
1026 3944 1105 3991 sanet
1128 3950 1225 3991 omues
1248 3933 1419 3990 infirmitates
1433 3943 1549 4001 nostras,
1567 3935 1614 4007 qui
1639 3949 1689 3991 uos
1702 3949 1767 4006 pro-

113 4029 159 4075 tur
187 4019 223 4076 de
245 4021 344 4095 quibus
362 4025 463 4097 nuptiae
489 4026 662 4099 impleantur.
692 4029 838 4099 Exspectat
866 4040 914 4084 vos
967 4024 1033 4096 priis
1047 4025 1168 4080 humeris
1192 4023 1359 4095 adproprias
1383 4023 1524 4095 dignitatis
1545 4030 1666 4094 reportet
1685 4021 1762 4079 161

112 4109 197 4165 Pater
210 4110 399 4181 etdesiderat,
415 4129 469 4170 non
483 4116 571 4172 solum
593 4124 706 4189 propter
720 4115 830 4171 nimiam
844 4116 912 4172 cba-
967 4112 1111 4185 originem.
1135 4114 1233 4186 Magna
1262 4119 1305 4168 est
1331 4112 1381 4167 ista
1404 4112 1548 4183 potentia:
1572 4113 1621 4167 sed
1645 4111 1706 4185 plus
1727 4118 1771 4168 est

113 4197 224 4254 ritatem
243 4214 320 4256 suam
333 4218 388 4275 qua
402 4203 494 4260 dilexit
515 4220 563 4262 ros
581 4205 666 4275 (uude
693 4211 719 4261 et
741 4204 914 4280 Unigenitus,
968 4201 1091 4258 mirande
1111 4201 1310 4268 misericordia,
1331 4201 1405 4273 quod
1432 4202 1472 4258 sic
1496 4201 1589 4257 venire
1613 4201 1707 4267 voluit,
1723 4199 1770 4272 qui

115 4286 163 4358 qui
178 4286 206 4342 iu
220 4286 282 4344 sinu
305 4290 392 4346 Patris
406 4300 459 4359 est,
475 4293 534 4364 ipse
557 4302 584 4349 ot
601 4293 746 4359 enarravit,
763 4296 857 4362 Peter,
873 4293 914 4349 iu·
968 4289 1054 4362 potuit
1073 4290 1230 4348 subvenire.
1255 4291 1349 4356 Hodie,
1365 4289 1464 4362 iuquit,
1484 4292 1578 4348 scietis
1593 4293 1658 4363 qnia
1678 4291 1769 4349 veniel

116 4375 226 4446 quiens,
242 4383 324 4436 ornet
337 4395 383 4437 nos
403 4381 496 4451 (loon.
513 4398 573 4450 xvi,
589 4385 648 4453 2⁸03
669 4383 719 4439 sed
741 4389 852 4455 propter
866 4397 914 4440 se·
968 4383 1116 4438 Dominus.
1128 4382 1217 4437 Verba
1227 4381 1285 4436 baec
1300 4380 1409 4453 quidem
1424 4396 1474 4436 suo
1494 4380 1554 4437 loco
1565 4386 1593 4436 et
1608 4386 1730 4453 tempore
1742 4377 1770 4434 in

116 4463 274 4537 metipsum,
290 4467 359 4525 deut
381 4469 502 4543 loquitur
517 4487 566 4542 per
580 4472 740 4544 prophetam
767 4488 773 4526 :
795 4474 916 4543 Propter
969 4469 1106 4542 Scriptura
1120 4469 1208 4541 posita
1223 4477 1287 4525 suut
1304 4487 1310 4524 :
1328 4469 1377 4525 sed
1394 4485 1449 4525 nou
1467 4470 1619 4541 incongrue
1637 4469 1682 4526 illa
1697 4467 1772 4542 Vigi-

115 4556 316 4628 memeft'psnm
329 4574 375 4630 epo
389 4560 508 4630 fedane,
527 4577 587 4620 non
603 4567 718 4635 propter
739 4578 786 4619 nos
799 4560 914 4633 (Enoch.
970 4557 1013 4613 liae
1040 4557 1188 4614 Dominicae
1215 4557 1367 4614 Nativitatis
1387 4558 1512 4614 Ecclesia
1539 4567 1627 4614 mater
1654 4557 1768 4629 aptavit.

116 4658 221 4708 mvn
246 4645 303 4716 22).
327 4646 395 4715 Quis
418 4648 492 4705 euim
515 4649 683 4722 implendum
709 4649 815 4706 dubitet
842 4648 917 4721 quod
970 4647 1102 4717 Ecclesia,
1119 4646 1241 4718 inquam,
1261 4645 1306 4701 illa
1328 4663 1388 4719 quae
1410 4662 1504 4702 secum
1527 4646 1608 4702 babet
1627 4646 1771 4702 consilium

114 4731 243 4804 promisit
259 4734 336 4805 Pilio,
352 4735 446 4793 dicens
465 4754 472 4792 :
490 4741 606 4797 Postulo
620 4756 638 4795 o
652 4756 706 4810 me,
726 4743 755 4795 ct
773 4737 842 4797 delo
866 4737 918 4795 tibi

115 4827 215 4894 pentes
222 4821 419 4882 haeredilatem
430 4831 511 4883 loom
521 4829 608 4899 (Papi.
621 4843 653 4894 ιι,
664 4829 702 4900 8).
718 4828 752 4883 Et
764 4827 837 4896 alibi,
850 4827 917 4886 Sede

116 4910 255 4970 odeetrit
269 4914 351 4981 meis,
364 4915 451 4973 donec
463 4933 567 4989 ponam
583 4918 716 4975 inimicos
733 4925 796 4975 tuos
810 4917 918 4975 scobol-

85 5011 92 5021 ·
118 5000 181 5055 lum
209 5000 313 5073 pedem
342 5007 479 5060 tuorem?
501 5007 589 5078 (Psol.
606 5020 663 5077 oux,
689 5008 728 5077 t).
750 5007 810 5062 Non
825 5014 918 5063 conte·

117 5096 214 5145 rentur
229 5105 325 5148 omncs
352 5092 452 5150 inimici
479 5094 549 5164 ejus,
575 5094 640 5150 dum
667 5111 727 5162 uos,
752 5097 800 5170 qui
823 5112 918 5152 sumas

116 5179 244 5235 membra
256 5180 326 5250 ejus,
343 5180 514 5254 aliquatenus
527 5182 734 5258 impugnabunt.
749 5186 808 5241 Nou
821 5183 918 5258 imple·
943 5248 945 5254 Α

116 5267 192 5322 bitur
211 5269 271 5326 baec
298 5270 454 5342 promissio,
469 5271 558 5328 donoc
580 5271 727 5328 novissima
745 5272 853 5329 inimica
868 5273 918 5330 de-

116 5364 241 5413 struatur
256 5372 341 5414 mors.
362 5359 430 5416 Nam
445 5361 479 5417 de
492 5359 560 5416 Pilio
583 5362 643 5435 quis
663 5361 766 5417 nesciat
790 5371 919 5433 quantum

114 5436 259 5505 desideret
280 5446 399 5507 bunum
426 5448 585 5524 nativitatis,
600 5458 629 5509 et
648 5445 728 5519 totius
751 5448 813 5507 vitae
839 5465 919 5524 quam

971 4745 999 4792 et
1013 4736 1136 4809 spiritum
1159 4736 1261 4808 Spousi
1285 4743 1312 4793 et
1336 4736 1387 4792 Dei
1411 4736 1464 4802 sui,
1493 4736 1536 4791 cui
1560 4735 1675 4791 dilectus
1699 4734 1771 4792 inter

971 4826 1057 4882 ubera
1081 4835 1270 4895 commoratur,
1288 4825 1373 4897 ipsam
1393 4825 1484 4881 cordis
1507 4824 1549 4880 sui
1564 4825 1658 4881 sedem
1672 4824 1773 4896 princi·

972 4915 1070 4987 paliter
1088 4915 1234 4986 possidens
1258 4924 1285 4972 et
1300 4929 1476 4972 conservans.
1498 4915 1630 4970 Nimirum
1655 4915 1715 4987 ipsa
1729 4921 1771 4970 est

972 5020 1033 5077 quae
1047 5003 1199 5062 vulneravit
1214 5020 1261 5060 cor
1276 5007 1345 5075 ejus,
1357 5012 1385 5059 et
1398 5007 1425 5058 in
1436 5003 1523 5075 ipsam
1538 5006 1665 5077 abyssum
1681 5020 1771 5061 secrc-

974 5105 1060 5148 torum
1075 5093 1124 5151 [lei
1137 5095 1244 5150 oculum
1253 5093 1476 5164 contemplatoris
1491 5093 1633 5162 immersit,
1649 5102 1678 5149 ut
1693 5102 1719 5149 et
1732 5092 1770 5149 illi

972 5183 1000 5239 iu
1015 5199 1075 5248 suo,
1092 5192 1119 5241 et
1133 5183 1184 5240 sibi
1195 5184 1222 5239 in
1232 5185 1292 5255 eius
1304 5183 1388 5240 corde
1402 5199 1550 5256 perennem
1562 5184 1642 5242 faciat
1656 5181 1771 5240 mansio·

974 5289 1045 5328 uem.
1062 5274 1210 5345 (Inmergo
1230 5273 1287 5346 ipsa
1301 5273 1330 5328 iu
1353 5272 1499 5346 Scripturis
1513 5273 1611 5330 divinis
1629 5271 1713 5330 rerba
1727 5273 1770 5330 vel

973 5361 1070 5417 alterat
1085 5362 1127 5419 vel
1139 5362 1268 5431 alternam
1283 5362 1378 5419 fortior
1389 5371 1430 5420 est
1440 5363 1485 5420 illa
1503 5363 1672 5436 compositio,
1688 5380 1771 5439 quam

972 5451 1071 5546 pppitip
1090 5451 1177 5545 prpqa
1195 5453 1342 5545 perborum
1359 5471 1367 5510 :
1384 5461 1411 5547 et
1430 5452 1553 5512 fortassis
1569 5460 1642 5510 tauto
1665 5451 1769 5520 fortior,
