3734 5948
510 207 569 268 'DE
586 205 858 268 vuaurctrtortn
872 208 903 264 D.
923 207 1047 266 DARIAE
1066 205 1197 266 SERHO.
1607 206 1660 263 370

77 329 158 388 vitatis
176 331 227 404 ipsi
246 347 354 406 qunque
375 351 444 407 quos
463 350 544 392 nemo
559 334 809 407 conduxitfflnttb.
826 347 849 425 fl
865 349 915 404 per
933 344 1020 390 matre
1034 333 1143 392 Domini
1162 330 1338 405 blasphemie
1351 331 1454 391 crimen
1468 330 1619 398 incurrere,
1634 340 1662 388 et

77 421 119 493 l):
138 421 185 494 qui
201 422 258 490 jam
272 423 398 479 conducti
414 433 488 490 sunt,
505 425 528 480 si
543 423 623 480 otiosi
638 423 741 480 inventi
754 421 812 477 fue·
865 422 965 480 idcirco
979 425 1153 496 praemiserit,
1169 429 1298 496 suscepto
1317 423 1450 480 semine?
1468 419 1596 494 Alioquin
1611 421 1661 477 nisi

86 509 156 584 quid
164 498 322 566 merentur?
332 512 411 568 Fides
421 513 521 585 quippe
533 514 591 568 sine
602 512 731 584 operibus
741 525 811 566 mor·
865 509 1012 582 parituram
1031 511 1200 582 praevidisset
1218 512 1277 568 siue
1296 512 1401 568 semiue
1427 510 1579 583 Virginem,
1597 525 1661 584 quaa

77 597 196 668 ertone.
222 612 256 663 ιι,
287 600 347 669 26).
367 598 809 672 lpsadeniquenperauostrain
865 599 1014 655 necessitas
1026 610 1083 656 erat
1097 600 1131 656 de
1146 609 1272 670 suscepto
1283 601 1386 657 semine
1401 599 1459 656 fieri
1474 598 1661 656 mentionem?

77 699 123 743 ore
137 686 245 757 agenda
264 695 340 752 sunt,
357 696 384 743 et
398 688 425 742 iu
440 689 578 745 desiderio
593 688 699 755 cordis,
715 697 743 743 ut
758 687 812 742 siut
866 689 943 744 Patet
960 688 1052 763 itaque
1073 692 1144 760 qued
1160 691 1202 746 lex
1225 690 1278 745 ista
1295 697 1412 745 matrem
1426 687 1533 743 Domini
1547 702 1601 743 unu
1620 687 1662 742 iu-

77 789 134 831 roae
151 774 282 830 ardentes
306 776 332 828 iu
355 776 481 832 manibus
501 777 612 832 nestris.
633 777 759 849 Alioquin
781 777 812 831 ti·
865 777 958 844 cludit,
973 796 1033 851 quae
1049 795 1102 835 nou
1117 786 1243 850 suscepto
1253 778 1357 835 semiue
1377 777 1460 833 lilium
1472 776 1591 848 peperit,
1607 775 1661 832 sic·

77 861 144 918 tlum
158 872 210 928 est,
226 880 261 919 ne
277 865 345 920 lorte
361 865 468 936 tepidos
482 882 533 921 nos
547 881 676 922 emovere
690 865 810 936 incipiat,
866 875 895 921 ut
914 868 1072 937 pradictum
1091 876 1150 923 erat
1168 884 1219 940 per
1240 866 1398 932 lercmiam,
1416 866 1480 937 quia
1500 881 1604 924 novum
1622 862 1662 919 la-

77 949 267 1023 lnEvangelio
286 952 417 1025 loquitur,
434 954 547 1011 diceus:
561 958 654 1028 lpncm
669 956 732 1010 neni
747 957 812 1010 mit·
865 960 941 1008 ceret
958 956 1094 1012 Dominus
1107 959 1321 1026 superterram·
1335 951 1524 1024 Quaerisquod
1543 950 1663 1007 novuml

79 1039 114 1096 itt
124 1043 242 1111 terram,
254 1042 360 1114 etquid
371 1043 430 1098 volo
441 1044 542 1098 nicini
553 1043 747 1112 undecimae.
760 1057 810 1106 ιιιι,
867 1038 1376 1111 liulicr,inquit,circumdabitnt'rum
1384 1040 1495 1110 liorem.
1510 1053 1594 1108 xxxv,
1604 1038 1660 1110 22).

84 1125 136 1183 Hic
150 1128 231 1198 plane
247 1143 325 1183 sacer
340 1137 367 1182 et
382 1129 543 1185 benedictus
564 1140 606 1184 est
625 1130 711 1201 iguis,
729 1144 811 1201 qucm
865 1128 927 1183 Non
944 1129 979 1183 ab
1000 1127 1085 1185 altero
1109 1129 1167 1184 viro
1187 1129 1276 1184 virum
1299 1127 1439 1198 suscipiet,
1464 1142 1519 1183 non
1543 1127 1664 1181 bumana

77 1215 285 1272 aeanctiticavit
300 1226 326 1272 ct
341 1216 414 1272 misit
429 1219 456 1271 in
471 1219 613 1285 muudum,
630 1227 658 1274 et
672 1217 716 1274 cui
731 1218 813 1272 bene·
866 1217 928 1287 lege
941 1217 1076 1288 concipiet
1090 1217 1247 1285 hominem;
1263 1216 1312 1272 sed
1326 1216 1397 1271 intra
1406 1215 1510 1271 viscera
1524 1214 1625 1270 intacta
1636 1222 1665 1269 ει

77 1319 112 1361 ur
132 1304 159 1358 iu
175 1305 311 1372 ecclesiis,
332 1305 401 1361 sicut
420 1306 622 1378 scriptumest:
640 1305 812 1363 [aecclesiis
866 1304 974 1378 integra
1001 1306 1089 1362 virum
1121 1307 1231 1364 claudet
1252 1306 1311 1364 :ita
1339 1319 1405 1360 sane
1433 1310 1463 1359 ut
1489 1304 1607 1360 intrante
1635 1311 1663 1359 et

77 1391 459 1465 dt'citeDcoDomincv‘Prnl.
475 1393 812 1462 rxvvr,27).llabetenim
866 1402 984 1450 exeunte
1008 1395 1134 1462 Domino,
1162 1397 1238 1465 Juxta
1268 1393 1351 1450 alium
1383 1394 1556 1464 prophetam,
1585 1399 1664 1463 porta

77 1498 96 1538 n
115 1483 291 1538 adversarius
311 1492 418 1549 noster,
436 1493 527 1555 utpote
542 1502 691 1558 perversus
705 1484 811 1539 divino·
866 1481 1006 1537 orientatis
1020 1483 1112 1539 clausa
1129 1482 1231 1557 jugiter
1243 1489 1402 1554 perseveret
1411 1480 1522 1552 (Enoch.
1534 1479 1662 1550 nurui).

88 1584 205 1642 operum
219 1573 372 1637 emulator:
386 1572 477 1638 babet,
493 1573 616 1646 inquam,
627 1574 719 1643 iguem
733 1588 811 1627 suum
903 1574 930 1625 D.
956 1570 1038 1627 Putas
1057 1587 1134 1646 ergo,
1154 1588 1209 1627 nen
1228 1578 1337 1644 poterat
1351 1570 1454 1626 moveri
1469 1569 1575 1625 animus
1591 1569 1662 1638 ejus,

77 1674 123 1726 ee,
139 1659 231 1734 ignem
247 1660 477 1731 coucupiscentia
492 1662 623 1728 carnalis;
639 1662 732 1733 iguem
747 1660 812 1715 invi·
828 1659 850 1736 Β
868 1666 894 1713 ει
913 1657 1020 1716 dicere:
1037 1660 1106 1727 Quid
1122 1659 1186 1715 mibi
1200 1676 1269 1731 opus
1286 1658 1492 1732 purificatione?
1511 1673 1559 1712 cur
1577 1655 1663 1710 absti-

82 1755 112 1811 et
129 1748 294 1816 ambitionis,
317 1766 398 1820 quem
419 1751 542 1807 Salvator
557 1750 584 1806 iu
600 1749 680 1806 nobis
697 1765 751 1805 ιιοιι
771 1765 813 1805 ac·
867 1762 946 1801 nearu
961 1748 995 1802 ab
1020 1748 1144 1819 ingressu
1165 1749 1268 1818 templi,
1282 1749 1360 1818 cujus
1378 1756 1473 1802 uterus
1488 1745 1613 1801 nesciens
1622 1743 1665 1799 vi-

77 1833 143 1901 lere,
161 1837 210 1892 sed
225 1836 401 1910 exstinguere
415 1838 498 1894 venit.
510 1838 634 1911 Denique
645 1836 668 1892 si
679 1837 740 1911 quis
749 1836 812 1890 alie-
866 1852 937 1899 rum,
962 1837 1095 1909 templum
1116 1837 1202 1893 lactus
1225 1845 1266 1893 est
1284 1837 1401 1908 Spiritus
1419 1834 1525 1891 sancti?
1540 1849 1589 1890 cur
1608 1848 1663 1889 nou

100 1924 174 1980 hunc
197 1925 289 1999 iguem
314 1925 341 1979 iu
365 1926 456 1981 divino
480 1926 581 1982 offerre
605 1925 811 1998 praesumpserit
865 1924 1005 1999 ingrediar
1024 1925 1166 1997 templum,
1185 1942 1245 1999 quae
1269 1925 1363 1998 peperi
1382 1923 1528 1980 Dominum
1548 1921 1661 1993 templi?

77 2010 162 2078 llicic,
184 2014 289 2069 etiamsi
308 2024 414 2086 patrem
435 2014 532 2069 babeat
551 2018 657 2082 Aaron,
678 2013 811 2069 morietur
865 2013 935 2069 Nihil
950 2012 979 2068 in
993 2015 1044 2069 boc
1058 2022 1204 2085 conceptu,
1219 2014 1288 2069 nibil
1302 2013 1332 2068 in
1346 2022 1426 2083 partu
1441 2011 1579 2082 impurum
1598 2009 1660 2076 luit,

77 2100 199 2175 niquitate
220 2119 279 2159 sua.
864 2101 931 2157 nibil
958 2100 1091 2165 illicitum,
1120 2101 1186 2156 nihil
1208 2102 1397 2175 purgandum:
1435 2097 1562 2153 nimirum
1598 2112 1660 2152 eum

95 2190 184 2247 Porro
199 2208 281 2263 super
297 2194 354 2248 lraec
370 2210 430 2265 qua
441 2193 475 2248 de
486 2192 579 2249 sociali
588 2190 810 2263 yitaetsraterna
863 2190 955 2261 proles
969 2191 1022 2244 ista
1040 2190 1102 2245 leus
1119 2189 1245 2262 puritatis
1263 2191 1306 2255 sit,
1328 2197 1356 2245 et
1375 2185 1564 2260 purgationem
1582 2201 1663 2242 vene·

77 2278 217 2345 ttioue,de
229 2282 307 2336 bouis
320 2282 459 2352 operibus,
474 2289 501 2337 et
513 2282 620 2337 lerrore
633 2280 810 2336 sauctodicta
864 2278 898 2332 rit
916 2278 1005 2334 iacere
1025 2278 1195 2334 delictorum.
1218 2277 1288 2348 Quid
1307 2277 1335 2332 iu
1355 2293 1399 2332 me
1421 2274 1518 2347 legalis
1536 2271 1661 2345 purificet

81 2362 266 2437 {humilitatis
278 2370 364 2425 virtus
378 2370 511 2437 inanima,
528 2369 699 2441 maximeque
712 2383 809 2423 ncces·
862 2366 1029 2431 observatio,
1046 2384 1108 2438 quae
1127 2367 1272 2438 purissima
1293 2367 1361 2423 lacta
1376 2365 1508 2437 cumipse
1522 2370 1600 2435 partu
1610 2362 1663 2416 im·

77 2473 84 2513 ι
106 2466 159 2522 est,
186 2466 214 2512 ut
237 2459 342 2514 bonore
365 2458 565 2530 praeveniamus
589 2457 731 2513 invicem:
757 2470 809 2511 uec
862 2454 1027 2511 maculato?
1053 2457 1135 2521 Vere,
1159 2472 1175 2512 ο
1196 2457 1274 2511 beata
1293 2457 1387 2529 Virgo,
1409 2470 1473 2511 vere
1492 2467 1547 2509 neu
1575 2451 1660 2506 habes

77 2544 220 2619 opriores,
233 2545 281 2601 sed
292 2555 320 2601 et
334 2547 407 2618 ipsos
417 2547 541 2617 juniores
552 2545 602 2600 sibi
613 2545 728 2617 quisque
739 2559 808 2615 prae·
862 2559 982 2614 causam,
1007 2561 1059 2600 nec
1078 2545 1126 2600 tibi
1145 2561 1214 2617 opus
1233 2553 1276 2601 est
1295 2544 1494 2618 purificatione.
1513 2539 1567 2597 Sed
1588 2557 1659 2596 nun·

77 2641 94 2689 ιι
115 2652 121 2692 ;
144 2650 205 2706 quae
224 2633 351 2688 nimirum
374 2635 530 2689 humilitatis
549 2633 681 2705 perfectio
701 2642 757 2697 est,
779 2641 807 2686 et
863 2632 928 2705 quid
954 2632 1007 2688 lilio
1023 2642 1069 2690 tuo
1087 2649 1156 2704 opus
1176 2632 1473 2690 eratcircumcisionc‘?
1494 2631 1559 2686 Esto
1578 2628 1661 2685 iuter·

77 2718 121 2778 lice
133 2719 283 2793 plenitude.
304 2723 339 2776 Et
353 2724 481 2794 quoniam
496 2722 612 2777 hilarem
627 2721 753 2776 datorem
768 2719 807 2773 di·
862 2721 991 2778 mulieres
1010 2730 1138 2794 tauquam
1161 2741 1215 2779 uua
1232 2739 1343 2789 earum;
1374 2737 1438 2777 nam
1461 2728 1488 2777 ει
1505 2717 1576 2775 lilius
1596 2726 1659 2775 tuus

84 2800 162 2869 Deus
177 2815 215 2881 (ll
232 2813 293 2868 Cor.
315 2827 355 2877 ιι,
373 2815 416 2882 7),
435 2821 461 2867 ει
479 2812 586 2867 fructus
610 2809 750 2866 charitatis
767 2817 809 2863 est
862 2808 901 2864 sic
919 2810 1006 2866 estin
1027 2828 1142 2868 numero
1160 2829 1316 2882 puerorum.
1338 2808 1502 2868 Circumcidi
1520 2807 1614 2874 voluit,
1632 2813 1660 2865 et

77 2900 183 2959 llumin
197 2901 298 2972 Spiritu
313 2910 421 2964 sancto;
432 2909 583 2966 cantemus,
600 2908 629 2956 ut
643 2898 806 2963 dictumest,
861 2913 916 2954 nou
935 2898 1019 2955 multo
1037 2900 1125 2971 magis
1144 2885 1209 2957 velit
1226 2901 1346 2957 otlerrii
1368 2899 1445 2956 Ofler
1468 2896 1552 2953 lilium
1571 2906 1657 2961 tuum,

77 2988 107 3047 da
125 2990 249 3055 Domini,
266 2991 395 3063 quoniam
415 3007 515 3065 inagna
534 2998 576 3046 est
594 2989 682 3060 gloria
697 2986 806 3042 Domini
823 2956 845 3034 Β
864 2988 944 3058 Virgo
963 2997 1078 3055 sacrata,
1104 2996 1132 3044 et
1155 2990 1328 3046 benedictum
1355 2988 1470 3043 fructum
1493 2986 1597 3043 ventris
1620 2985 1659 3040 tui

77 3078 95 3135 l.
111 3094 239 3144 cxxxvii,
254 3080 300 3149 5):
316 3088 457 3135 cantemus
472 3078 587 3134 Domine
601 3077 737 3133 cauticum
760 3088 808 3129 no·
861 3075 977 3132 Domino
998 3086 1177 3148 repraesenta.
1194 3076 1272 3135 Oiier
1284 3079 1317 3133 ad
1333 3083 1454 3132 nostram
1475 3073 1596 3130 omnium
1616 3089 1658 3128 re·

77 3167 162 3241 ‚quia
176 3167 310 3222 mirabilia
327 3168 391 3223 lecit
405 3169 491 3237 (Paul.
509 3183 597 3232 xcvu,
615 3165 692 3235 l).1u
707 3162 806 3235 quibus
859 3163 1079 3221 conciliationem
1109 3166 1226 3222 bostiam
1249 3175 1383 3226 sanctam,
1408 3164 1466 3219 Deo
1489 3161 1655 3234 placentem.

77 3254 135 3312 dtus
158 3256 182 3311 si
206 3256 267 3328 quis
292 3257 406 3312 forsitan
432 3255 565 3327 prolicere
589 3252 756 3316 dissimulat,
778 3257 806 3306 et
860 3251 978 3308 Omnino
998 3254 1149 3324 acceptabit
1166 3254 1241 3309 Deus
1261 3254 1339 3310 Pater
1360 3252 1525 3308 oblationem
1547 3264 1656 3314 novam,

77 3341 146 3401 aisn
170 3342 204 3397 de
228 3343 326 3398 virtute
347 3343 373 3397 in
393 3342 535 3409 virtutem;
557 3341 664 3397 noverit
682 3338 807 3413 quisquis
860 3349 887 3395 et
907 3341 1129 3413 pretiosissimam
1148 3344 1276 3406 bostiam,
1292 3343 1327 3398 de
1347 3341 1468 3413 quaipse
1482 3339 1537 3395 ait:
1555 3341 1657 3396 licceat

77 3431 168 3489 smodi
187 3441 242 3498 est,
262 3432 289 3486 in
309 3432 439 3499 statione,
460 3449 514 3487 nou
534 3432 561 3487 iu
580 3430 756 3502 processione
776 3446 806 3485 se
860 3432 949 3488 Filius
967 3449 1045 3488 meus
1064 3433 1194 3500 dilectus,
1210 3435 1242 3489 in
1257 3451 1309 3506 quo
1325 3432 1398 3488 mibi
1416 3430 1481 3488 berte
1501 3429 1659 3502 complacui

77 3561 87 3596 ,
107 3519 164 3575 imo
183 3535 250 3575 vero
269 3527 296 3575 et
315 3519 342 3573 iu
362 3521 550 3591 regressione
568 3520 696 3592 quoniam
716 3518 743 3571 in
763 3517 806 3574 via
861 3519 972 3589 tllnttlt.
987 3536 1028 3588 ιιι,
1045 3521 1101 3591 ιιι.
1123 3521 1177 3577 Sed
1197 3522 1298 3577 oblatio
1316 3521 1378 3583 ista,
1404 3519 1511 3586 fratres,
1528 3517 1593 3572 satis
1607 3517 1656 3573 de-

79 3622 137 3665 nen
153 3608 294 3682 progredi,
310 3609 421 3679 regredi
436 3618 488 3674 est,
512 3625 576 3665 cum
595 3608 660 3662 nihil
676 3607 765 3662 adbuc
780 3607 805 3661 iu
860 3608 940 3664 licata
954 3609 1070 3674 videtur,
1087 3611 1133 3666 ubi
1156 3619 1260 3666 tantum
1280 3610 1383 3664 sistitur
1400 3608 1523 3671 Domino,
1540 3606 1654 3662 redimi-

77 3714 106 3755 ιιι
119 3705 192 3753 statu
207 3697 295 3756 969
306 3708 476 3770 permaneat.
492 3700 576 3755 Porro
591 3698 730 3770 proiectus
742 3713 805 3753 nos·
862 3703 906 3749 tur
914 3696 1019 3763 avibus,
1035 3705 1064 3751 et
1077 3697 1148 3752 illico
1165 3704 1328 3769 reportatur.
1350 3695 1457 3758 Veniet,
1477 3693 1586 3765 quaudo
1601 3708 1655 3748 uon

77 3801 140 3844 neo
158 3786 293 3855 consistit,
311 3797 338 3842 ut
357 3789 455 3860 saepius
473 3805 518 3843 me
528 3787 628 3841 dixisse
641 3785 767 3853 memini,
779 3793 809 3839 ut
861 3785 888 3838 in
909 3784 1009 3855 templo
1024 3784 1166 3855 offeretur,
1181 3802 1233 3841 nnc
1247 3785 1318 3839 iuter
1328 3781 1438 3838 brachia
1447 3781 1590 3845 Simeonis,
1607 3781 1656 3837 sed

77 3892 144 3933 uam
158 3877 324 3932 arbitremur
335 3894 385 3933 uos
396 3877 624 3949 apprehendisse,
636 3875 686 3931 sed
697 3890 807 3946 semper
862 3879 938 3928 exlra
951 3872 1088 3930 civilatem
1102 3874 1174 3929 inter
1187 3874 1297 3928 brachia
1310 3873 1407 3928 crucis.
1424 3870 1530 3936 Veniet,
1546 3870 1656 3944 quando

77 3966 186 4022 namur
204 3965 238 4020 ad
257 3967 413 4032 anteriora,
435 3968 608 4023 incessanter
627 3981 759 4021 conemur
778 3963 805 4018 in
861 3977 916 4016 nen
939 3961 1091 4017 redimetur
1114 3963 1211 4026 alieno,
1229 3962 1277 4018 sed
1297 3962 1365 4018 alios
1384 3960 1500 4017 redimet
1521 3961 1655 4035 sanguine

77 4048 488 4127 rs3etimperlectumnostrum
499 4055 598 4112 divinae
608 4052 805 4111 misericordiae
859 4048 981 4124 proprie,
1001 4051 1064 4122 quia
1080 4052 1294 4124 redemptionem
1309 4067 1371 4107 eum
1394 4051 1467 4106 misit
1486 4051 1558 4105 Deus
1578 4051 1656 4106 Pater

77 4146 145 4201 ibus
158 4145 260 4216 jugiter
273 4163 452 4217 exponamus.
860 4139 960 4210 populo
976 4155 1035 4198 suo.
1051 4139 1120 4196 lllud
1134 4141 1187 4196 erit
1201 4139 1361 4198 sacrificium
1371 4139 1566 4211 vespertinum,
1582 4139 1654 4194 istud

311 4235 430 4289 suanno
449 4236 496 4291 lll.
859 4235 901 4283 est
924 4229 1096 4285 matutinum.
1117 4230 1191 4285 Istud
1210 4230 1319 4302 quidem
1338 4228 1493 4300 jucundius,
1517 4227 1567 4283 sed
1588 4224 1654 4282 illud

200 4325 239 4378 De
251 4340 353 4395 puero,
371 4325 459 4379 llario
473 4329 500 4380 ει
514 4323 623 4395 Ioseplt.
858 4316 976 4389 plenius,
991 4319 1065 4373 lstud
1080 4319 1152 4375 enim
1168 4325 1290 4391 tempore
1306 4317 1462 4384 nativitatis,
1478 4315 1543 4371 illud
1555 4317 1611 4386 jam
1626 4316 1655 4371 in

80 4396 308 4467 'Purilicaticnem
324 4413 410 4466 beatae
425 4412 516 4466 blariae
533 4410 651 4482 Virginis
665 4409 746 4466 bodie
762 4426 804 4468 ce·
857 4405 1026 4478 plenitudine
1040 4408 1137 4465 aetatis.
1152 4408 1193 4463 De
1208 4419 1324 4481 utroque
1339 4415 1430 4462 tamen
1444 4412 1523 4477 potes
1532 4403 1656 4476 accipere

77 4516 161 4567 rmus,
183 4516 244 4572 quae
263 4499 413 4555 secuudum
433 4499 524 4573 legem
547 4498 633 4570 llcysi
657 4498 726 4553 iacta
751 4505 802 4562 cst,
859 4494 931 4566 quod
950 4497 1083 4567 propbeta
1098 4496 1240 4566 praedixit:
1259 4497 1436 4562 ottatmest,
1452 4498 1519 4569 puio
1534 4496 1593 4567 ipse
1605 4510 1654 4551 vc·

77 4587 152 4647 actis
172 4604 187 4642 a
205 4587 349 4643 Nativitate
370 4587 478 4642 Domini
497 4587 676 4659 quadraginta
695 4587 802 4642 diebus.
860 4585 914 4640 tuit
929 4584 1008 4657 (lsai.
1029 4600 1089 4656 aru,
1104 4587 1141 4653 7).
1157 4586 1227 4639 Nam
1247 4592 1276 4639 et
1292 4587 1374 4640 modo
1398 4585 1505 4641 oblatus
1527 4593 1577 4652 est,
1600 4599 1655 4640 non

77 4693 111 4753 pe
127 4676 200 4733 enim
215 4677 346 4748 scriptum
363 4684 431 4742 erat,
446 4686 475 4731 ut
489 4677 587 4732 mulier
602 4694 663 4749 quae
677 4684 804 4748 suscepto
859 4674 921 4746 quia
951 4688 1020 4745 opus
1043 4675 1147 4738 babuit,
1164 4689 1218 4729 nou
1234 4674 1297 4746 quia
1323 4675 1374 4729 sub
1393 4673 1462 4746 legis
1484 4674 1573 4730 edicto
1594 4673 1655 4740 luit,

76 4781 112 4822 ne
135 4765 289 4838 peperisset
312 4765 412 4831 filium,
438 4765 578 4820 immunda
602 4776 674 4821 essm
698 4776 805 4838 septem
859 4767 908 4820 sed
924 4763 1162 4835 quiaipsevnlun,
1181 4771 1208 4820 et
1223 4764 1250 4818 in
1265 4780 1346 4820 cruce
1360 4763 1535 4819 nihilominus
1549 4763 1656 4820 oblatus

77 4869 111 4921 rs,
132 4861 160 4909 et
178 4863 272 4910 octava
287 4852 331 4909 die
346 4853 590 4909 circumcideretur
605 4870 687 4925 puer:
705 4854 805 4911 debinc
860 4860 911 4918 est,
927 4867 983 4908 non
996 4852 1059 4924 quia
1082 4852 1191 4917 meruit,
1212 4868 1265 4907 nnn
1286 4852 1348 4924 quia
1365 4852 1474 4907 ludaeus
1488 4851 1586 4923 potuit,
1607 4851 1656 4909 sed

77 4941 138 5001 vinni
158 4950 187 4996 et
205 4942 386 5014 puriticatioui
407 4943 524 5006 intenta,
543 4943 691 4998 abstineret
710 4945 743 4997 ab
763 4944 806 4999 iu·
858 4941 1103 5016 quiaipsevoluit.
1134 4941 1291 4998 voluntarie
1322 4938 1656 5007 sacrificanomtibt,

77 5049 101 5089 tu
120 5031 213 5103 templi
233 5030 342 5103 triginta
363 5031 450 5085 tribus
469 5031 579 5085 dicbus:
593 5031 692 5102 quibus
712 5033 804 5104 exple·
857 5033 984 5100 Domine,
1004 5033 1065 5104 quia
1080 5030 1232 5088 voluntarie
1247 5030 1353 5087 oblatus
1367 5046 1397 5085 es
1417 5045 1542 5102 promea
1557 5031 1653 5096 salute,

77 5112 181 5177 tllcrret
191 5119 274 5174 filium
285 5119 400 5175 Domino
411 5135 474 5175 cum
485 5119 721 5192 muneribuslleu.
738 5123 802 5192 ιιιι).
859 5137 913 5178 ιιοιι
929 5137 977 5193 pro
993 5130 1037 5177 tua
1051 5121 1224 5177 necessitate.

77 5204 134 5284 puis
149 5225 201 5264 nou
218 5209 341 5264 advertat
356 5208 381 5261 ln
398 5209 455 5279 ipso
466 5208 609 5263 sententiae
620 5211 701 5280 liujus
714 5211 802 5277 initio,
894 5215 920 5266 5.
946 5210 1000 5266 Sed
1020 5211 1095 5282 quid,
1124 5209 1230 5272 iratres,
1266 5223 1315 5264 nos
1336 5209 1487 5279 offerimus,
1516 5218 1562 5265 aut
1590 5209 1653 5282 quid

77 5314 120 5356 am
137 5299 249 5356 omniun
269 5307 386 5355 matrem
404 5299 513 5354 Domini
528 5299 562 5353 ab
582 5300 804 5372 lrocpraeccptc?
859 5299 1030 5357 retribuimus
1048 5299 1084 5354 illi
1114 5314 1163 5369 pro
1192 5298 1317 5355 omuibus
1337 5315 1398 5369 quae
1414 5299 1538 5356 retribuit
1552 5299 1656 5354 nobis?

77 5389 174 5446 terrim
198 5390 262 5463 quia
285 5388 409 5445 dicturus
428 5391 536 5460 llnyses
559 5387 717 5455 mulierem,
742 5406 804 5462 quae
858 5390 904 5446 Dle
919 5402 968 5459 pro
987 5388 1065 5443 uobis
1074 5387 1173 5443 obtulit
1184 5387 1298 5444 bostiam
1310 5389 1499 5459 pretiosiorem
1513 5402 1594 5461 quam
1608 5387 1653 5444 lra-

77 5478 153 5535 isset
168 5478 262 5545 lilium,
279 5478 446 5534 immundam
461 5493 536 5540 esse,
554 5493 607 5535 uon
623 5477 743 5533 timuerit
757 5494 803 5533 su·
857 5478 924 5544 buit,
945 5477 1071 5534 nimirum
1095 5493 1149 5549 qua
1177 5477 1321 5548 pretiosior
1344 5493 1404 5534 esse
1425 5492 1480 5534 non
1495 5477 1584 5549 potuit
1600 5495 1606 5534 :
1623 5483 1653 5534 et
