3734 5948
179 157 243 220 lobi
686 154 713 212 S.
730 150 894 213 bubulum
909 149 1046 209 bBBleS
1063 146 1374 209 bllbmulbbltdsts
1754 146 1824 207 lost

177 300 232 359 qua
245 282 412 343 obdormitur
426 288 522 353 mous,
537 278 767 337 occurreretur
782 280 967 350 posumus
985 289 1009 369 q
1025 276 1073 333 seu
1097 275 1130 331 aa
1152 274 1219 331 mut
1241 275 1286 348 qur
1311 273 1376 331 uiue
1400 272 1564 346 paenuria,
1584 279 1612 329 e
1633 258 1828 331 temnendae

176 387 218 432 est
238 375 273 430 ad
287 383 411 439 mortem,
432 369 647 430 irrevocabiliter
666 379 863 442 perseveratur.
883 368 970 442 ldagis
1024 365 1111 422 tamor
1130 365 1325 436 quiescentem,
1340 362 1387 436 qui
1410 362 1505 420 memte
1527 361 1620 419 dicata
1641 364 1825 431 conuertere,

175 471 267 518 autem
282 458 431 516 istiusmodi
446 458 534 517 vitalis
547 458 668 532 vigilque
682 474 763 540 sopor
776 475 885 516 sensum
896 458 968 514 inte·
1022 457 1121 512 enimc
1134 472 1208 523 mee,
1219 471 1251 511 m
1265 455 1389 527 requiem
1404 457 1501 519 tuom·
1511 453 1580 526 quie
1591 453 1733 509 Dominus
1742 451 1828 512 bens·

176 551 274 606 rioreuu
287 548 431 617 illuminat,
448 558 475 602 et
496 555 582 604 morte
602 547 762 620 propulsata
783 548 864 604 vitam
879 546 971 603 tribuit
1025 546 1093 614 feeit
1109 544 1160 600 tibi
1183 544 1271 612 (Psoi.
1286 557 1367 608 extu,
1380 541 1420 614 l).
1434 542 1522 613 ulique
1537 539 1581 598 bic
1594 555 1656 598 vere
1677 540 1709 597 iu
1729 542 1830 597 solita·

175 645 366 707 sempternsm.
385 636 488 691 Revera
516 636 585 691 enim
594 634 723 692 dormitio
749 647 800 702 est,
814 651 873 708 quae
883 642 971 690 umen
1024 633 1088 688 dinc
1101 634 1178 688 locus
1191 638 1219 688 et
1234 633 1261 688 in
1276 630 1378 687 lumine
1392 628 1531 696 habitatio,
1544 645 1656 699 prorsus
1667 629 1747 700 juxta
1763 644 1829 701 pro·

135 711 137 716 ’
174 738 283 780 sensum
299 739 352 779 non
367 723 465 794 sopiat,
481 725 528 780 sed
543 723 668 780 abducat.
692 725 740 779 Est
754 730 781 777 et
794 738 878 788 mors,
898 718 971 793 quod
1024 725 1144 795 pbetam,
1161 721 1366 777 tabernaculum
1380 718 1408 775 in
1423 718 1610 776 umbraculum
1624 719 1677 776 diei
1693 720 1730 775 sb
1743 735 1828 788 wit,

174 829 229 870 oon
242 812 342 869 dubius
357 813 481 880 dixerim,
495 813 622 885 quoniam
634 812 783 884 Apostolus
797 812 928 886 quosdam
943 809 971 864 in
1025 809 1052 863 in
1067 813 1237 865 securitatem
1253 820 1280 864 et
1293 807 1498 866 absconsionem
1512 824 1528 863 a
1542 807 1649 865 turbiue
1660 815 1719 864 eta
1735 807 1829 878 pluria

174 916 255 957 carue
276 901 364 955 adbuc
387 901 509 956 viventes
529 901 747 957 commendando
775 898 939 969 siloquitur
962 913 969 952 :
1027 900 1092 970 ileu.
1108 914 1147 965 tv,
1163 901 1203 969 iil3
1228 898 1261 953 de
1284 913 1338 970 quo
1362 905 1389 952 et
1410 905 1520 952 sanetus
1542 896 1651 953 David:
1668 896 1828 955 discendit

176 990 278 1047 llortui
292 992 368 1057 estus,
393 995 421 1047 ei
449 992 509 1046 viic
536 995 630 1046 vestre
650 990 814 1048 absconditu
841 993 884 1045 esi
907 1004 971 1044 eum
1024 1006 1079 1055 me,
1105 989 1248 1060 inquitis
1273 989 1456 1046 tabernaculo
1476 1004 1528 1044 suo
1551 989 1583 1043 iu
1607 986 1653 1044 die
1666 989 1824 1055 melonum,

177 1079 287 1136 cbristo
296 1095 326 1134 ιιι
341 1082 394 1136 lieo
406 1079 520 1148 (Colore.
535 1095 575 1145 ut,
594 1081 633 1150 3).
1022 1081 1151 1152 proiecti
1171 1096 1216 1136 me
1239 1094 1270 1134 sn
1289 1077 1451 1135 abscondito
1468 1076 1647 1133 tabenaculo
1666 1077 1716 1133 sui
1735 1076 1823 1148 (Psoi.

211 1169 237 1222 b.
254 1169 369 1222 Proinde
385 1176 412 1221 et
426 1182 477 1238 ego
499 1183 553 1222 nou
576 1165 693 1222 absurde
720 1179 828 1236 sponsae
841 1163 969 1221 exstasim
1024 1183 1103 1233 xxvt,
1119 1169 1158 1238 5).

174 1252 324 1310 i0⁰³l0iim
349 1259 476 1318 moriem,
496 1268 556 1324 qilae
577 1263 665 1308 limen
686 1266 740 1306 ¹¹0⁰
763 1250 829 1319 viia.
848 1251 895 1306 ivd
910 1249 971 1305 iiiae
1060 1261 1087 1313 6.
1104 1258 1173 1315 Puta
1184 1271 1251 1330 ergo
1266 1256 1292 1311 io
1309 1253 1481 1312 solitudinem
1495 1254 1564 1311 banc
1578 1253 1723 1310 secessisse
1738 1270 1824 1325 spon·

172 1339 269 1412 eripiat
283 1340 394 1412 laqueis,
410 1347 439 1394 ut
454 1338 970 1411 possitdioere:dnimouosircsieui
1025 1362 1094 1413 sam,
1121 1344 1210 1418 ibique
1239 1360 1295 1417 pree
1324 1342 1477 1401 aoroenitate
1505 1341 1556 1398 loci
1586 1342 1654 1397 inter
1680 1342 1824 1416 amplexus

169 1444 270 1501 passer
283 1433 377 1503 erepto
387 1432 430 1484 esi
442 1427 475 1485 de
491 1426 968 1501 laqueovenentiumiPscl.cxxtrr,
1023 1434 1117 1505 sponsi
1135 1433 1253 1490 suaviter
1273 1432 1452 1502 obdormisse,
1469 1431 1553 1486 idest
1571 1430 1598 1484 in
1614 1430 1711 1501 spiriru
1724 1447 1823 1489 exere.

171 1517 211 1588 7).
227 1518 299 1573 luter
310 1518 413 1572 medios
427 1515 815 1589 namquelaqueosinbscvita
826 1514 968 1587 inceditur,
1023 1524 1103 1590 sisse,
1119 1524 1226 1597 quando
1246 1520 1391 1595 prohibitae
1414 1528 1477 1576 sunt
1497 1519 1702 1576 adolescentulas
1721 1536 1822 1592 exper-

94 1621 99 1628 ·
171 1608 217 1676 qui
232 1607 324 1677 ntique
338 1605 419 1661 toties
432 1621 486 1662 non
505 1605 641 1671 timentur,
657 1607 762 1677 quoties
776 1616 866 1661 sancta
880 1604 970 1677 eliqua
986 1627 1009 1706 Β
1024 1612 1148 1687 gelacere
1172 1611 1256 1682 illem,
1272 1613 1448 1683 quoadusque
1470 1609 1529 1683 ipsa
1552 1590 1677 1667 voluerit.
1696 1610 1731 1666 Αι
1751 1610 1822 1668 istud

172 1702 199 1750 et
214 1694 364 1751 vehementi
381 1693 545 1766 cogitatione
566 1694 684 1749 animae
708 1694 850 1766 semetipsa
867 1694 969 1767 abripi·
1023 1700 1158 1774 qualiter?
1179 1701 1241 1756 Non
1264 1699 1335 1755 enim
1360 1698 1525 1767 simpliciter,
1542 1714 1632 1769 neque
1649 1698 1712 1765 levi,
1727 1708 1760 1756 nt
1779 1715 1821 1756 ss·

173 1790 230 1849 tur;
247 1785 269 1838 ii
290 1789 515 1856 iiiffl011⁸0u⁸qu⁰
538 1792 628 1839 mente
650 1783 758 1840 secedat
776 1793 805 1840 θῑ
818 1783 916 1852 avolet,
937 1792 968 1839 ut
1023 1789 1100 1856 solet,
1124 1787 1335 1845 commonitione
1358 1787 1501 1858 prohibitae
1524 1794 1605 1854 sont3
1629 1785 1679 1842 sed
1706 1780 1821 1846 omnino

171 1880 199 1929 et
214 1875 286 1930 buno
300 1890 469 1931 communem
485 1874 744 1932 transcendatusum
755 1874 967 1931 etoonsuctudi-
1022 1893 1092 1936 nove
1106 1886 1133 1934 et
1155 1876 1260 1932 insueta
1283 1876 1489 1947 contestatione,
1504 1891 1555 1948 per
1578 1864 1693 1948 cupreos
1716 1876 1820 1934 scilicet

172 1979 235 2019 nem
260 1963 397 2035 cogitandi
423 1978 430 2018 ε
460 1965 559 2020 etenim
585 1964 682 2019 frustra
704 1964 802 2034 jacitur
827 1970 884 2020 rete
906 1972 967 2021 ante
1022 1981 1167 2039 cereosque
1190 1981 1366 2040 camporum.
1382 1963 1443 2032 Quo
1466 1963 1575 2035 quidem
1587 1979 1687 2034 genere
1703 1963 1820 2021 ferarum

171 2051 265 2109 oculos
284 2060 461 2124 pennatorum
474 2052 568 2123 (Prou.
584 2067 603 2124 1,
620 2053 676 2122 lt).
699 2052 769 2121 Quid
783 2052 857 2108 euim
871 2051 967 2109 lormi-
1021 2055 1147 2112 videntur
1174 2054 1239 2110 mibi
1266 2054 1331 2109 satie
1352 2062 1533 2129 congruenter
1555 2067 1692 2124 expresse
1719 2062 1819 2112 sancis

171 2140 251 2198 detur
275 2141 391 2210 luxurie,
425 2141 470 2196 ubi
495 2157 546 2198 nec
568 2143 623 2198 vita
646 2142 785 2199 sentitur?
819 2141 968 2198 Excedeute
1022 2145 1120 2200 aninum
1143 2151 1231 2200 exutae
1255 2143 1422 2215 corporibus,
1443 2142 1523 2200 simul
1548 2153 1575 2199 et
1597 2145 1643 2215 qui
1672 2159 1736 2200 cum
1760 2145 1819 2202 Deo

170 2231 272 2303 quippe
285 2231 382 2302 acuns,
399 2232 450 2288 etsi
468 2246 522 2287 non
544 2231 608 2299 vita,
631 2241 704 2287 certa
728 2231 790 2287 vitae
805 2246 897 2299 sensu,
914 2245 967 2288 ne-
1022 2241 1084 2288 suot
1098 2232 1199 2306 angeli,
1211 2231 1339 2287 nimirum
1351 2239 1459 2303 propter
1473 2246 1587 2287 acumen
1600 2229 1720 2296 visue,et
1733 2230 1819 2287 ssltus

170 2334 246 2374 cesse
259 2326 300 2375 est
313 2320 394 2375 ctiam
408 2326 437 2375 ut
458 2335 508 2375 neo
530 2318 592 2377 vite
607 2319 717 2376 tentum
737 2320 876 2377 sentiatur.
901 2319 968 2390 Quis
1021 2322 1196 2382 celeritatem.
1218 2321 1364 2392 Utrumque
1387 2322 1437 2377 boc
1462 2319 1594 2391 siqnidem
1617 2319 1739 2390 utrisque
1763 2321 1817 2391 spi·

172 2407 246 2465 dabit
260 2408 326 2463 mibi
341 2425 442 2480 pennas
456 2407 524 2464 sicut
543 2409 687 2476 columbe,
702 2416 730 2465 et
753 2409 859 2476 volabo,
883 2416 910 2465 et
924 2424 968 2465 re·
1023 2411 1119 2469 ritibus
1132 2410 1277 2468 convenire
1288 2409 1497 2481 cognoscimus:
1515 2424 1579 2464 nem
1590 2408 1666 2464 facile
1681 2416 1709 2463 et
1723 2415 1815 2478 petunt

172 2496 332 2568 quiescam?
351 2497 441 2566 (Psoi.
455 2512 513 2567 niv,
536 2497 575 2569 l).
601 2496 710 2553 Utinam
732 2499 781 2554 bac
805 2510 891 2555 morte
915 2512 968 2569 ego
1021 2516 1137 2568 summa,
1162 2507 1190 2556 et
1212 2497 1306 2556 intima
1333 2505 1483 2570 penetrant.
1508 2498 1626 2567 Quorum
1653 2513 1764 2569 quoquc
1789 2498 1814 2552 in

173 2586 330 2658 frequenter
343 2585 437 2640 cadam
453 2596 482 2641 ut
496 2585 608 2640 evadam
628 2586 740 2657 laqueos
753 2588 857 2656 mortis,
872 2595 968 2645 utnon
1022 2589 1124 2662 campie
1143 2589 1285 2660 designata
1306 2587 1474 2645 conversatio
1498 2587 1634 2643 evidenter
1654 2586 1758 2642 liberos
1775 2595 1814 2642 sl·

171 2672 286 2731 scobem
309 2671 370 2728 vite
396 2672 559 2729 luxuriantis
577 2671 717 2728 mortifera
730 2673 921 2741 blandimenta,
937 2685 968 2732 ut
1021 2693 1075 2750 que
1098 2678 1238 2750 expeditos
1260 2676 1395 2749 signatio
1417 2675 1643 2747 contemplatione
1666 2675 1812 2733 discursus.

170 2765 360 2833 obstupescam
374 2759 532 2817 sedsed
547 2776 656 2816 sensum
673 2749 799 2827 libidinis,
815 2761 850 2816 ad
873 2771 967 2819 astum
1021 2766 1091 2836 Quid
1105 2767 1156 2820 sibi
1178 2765 1234 2822 vult
1257 2782 1325 2839 ergo
1339 2766 1472 2834 adjuratio
1490 2765 1563 2820 lacta
1578 2780 1625 2834 per
1639 2763 1732 2819 istos?
1748 2764 1813 2819 Pro-

171 2849 304 2919 avaritie,
320 2849 354 2904 ad
377 2849 523 2907 iracundie
538 2857 566 2905 et
588 2848 760 2921 impatientis
774 2851 909 2918 stimulos,
934 2853 977 2913 ed,
1022 2853 1093 2910 iecto
1114 2869 1148 2909 ne
1173 2853 1297 2926 inquietae
1325 2854 1533 2911 adolescentulae
1559 2857 1676 2910 audeant
1703 2853 1758 2912 leri
1783 2868 1815 2909 ex

171 2955 286 3013 angores
300 2940 520 3007 sollicitudinum,
536 2948 563 2996 et
585 2937 724 2996 molestias
746 2940 887 2997 summm!
905 2942 964 2997 llo·
983 2903 1102 2997 ccarisa
1120 2955 1233 2998 euocare
1254 2942 1412 2998 dilectama
1436 2952 1488 2997 tam
1515 2942 1665 2999 reverendo
1687 2940 1814 3012 collegio,

171 3033 260 3086 riatur
282 3031 373 3086 anime
400 3045 460 3085 mea
482 3041 569 3084 morte
594 3029 742 3098 iustorum,
758 3035 787 3086 ut
800 3029 874 3084 nulla
890 3029 964 3085 illem
1019 3030 1063 3086 cui
1078 3030 1182 3103 absque
1196 3029 1279 3085 dubio
1294 3029 1376 3084 toties
1389 3031 1564 3098 admiscetur,
1575 3033 1683 3101 quoties
1693 3040 1815 3086 coutem-

171 3120 300 3194 illaqueet
314 3117 487 3191 ireus,nnlla
500 3119 616 3176 oblectet
635 3119 772 3191 iniqnitas.
793 3120 866 3174 Boua
880 3135 963 3186 mors,
1019 3118 1118 3190 plaudo
1141 3116 1256 3174 excedit.
1281 3116 1394 3172 Pulchre
1417 3115 1505 3188 ltaque
1532 3117 1628 3171 borum
1656 3117 1817 3173 auctoritate

170 3208 324 3281 quaevitam
338 3224 393 3265 non
406 3209 505 3275 aulert,
520 3209 568 3263 sed
583 3208 709 3264 transfert
721 3209 747 3263 in
762 3208 866 3277 melius,
881 3208 964 3276 bona,
1019 3215 1162 3277 terrentur,
1186 3223 1202 3262 a
1225 3221 1340 3279 quorum
1364 3204 1491 3261 societate
1514 3208 1618 3259 constat
1641 3202 1722 3257 avelli
1744 3203 1815 3260 illam

169 3314 222 3369 que
241 3312 295 3354 non
312 3312 411 3367 corpus
426 3297 506 3365 cadit,
523 3295 570 3350 sed
580 3296 671 3351 anima
684 3298 858 3354 sublevetur.'
1019 3297 1138 3370 ipsorum
1153 3297 1365 3369 importunitate.
1376 3291 1736 3350 Attendantadolescentulae
1751 3309 1817 3365 qnos

206 3388 233 3440 ⁵·
249 3386 350 3440 verum
365 3386 424 3440 uaee
438 3384 579 3440 nominum
594 3393 646 3440 eso.
662 3385 713 3441 Sed
729 3387 862 3442 moriatur
876 3387 966 3442 anima
1019 3392 1170 3458 ostendant,
1187 3392 1287 3462 pariter
1310 3405 1372 3446 eum
1397 3400 1509 3445 matrem
1533 3387 1696 3460 inquietare
1716 3394 1742 3441 eu
1762 3387 1817 3441 mi·

170 3488 229 3529 ³¹³³
244 3480 332 3529 morie
346 3473 438 3542 eiiam,
450 3472 473 3529 ii
486 3471 648 3545 disiectum,
664 3474 835 3546 angelorum,
849 3484 879 3530 ut
892 3490 965 3546 prae-
1021 3482 1093 3538 nime
1107 3481 1146 3539 ita
1164 3490 1286 3536 materne
1305 3482 1339 3535 de
1358 3479 1488 3536 obesitate
1505 3476 1652 3543 coniidaot,
1666 3482 1696 3530 ut
1717 3489 1775 3529 non
1790 3475 1815 3530 in

170 3562 286 3635 sentium
297 3562 428 3618 memoria
442 3561 727 3629 excedensrerumse
740 3562 896 3620 inferiorum
911 3579 969 3620 cor·
1020 3569 1096 3626 illum
1115 3569 1253 3626 ooelestem
1274 3560 1434 3625 conventum
1458 3565 1518 3622 sine
1539 3580 1636 3636 magna
1655 3562 1817 3619 necessitate

169 3666 374 3725 porcorumque
388 3666 444 3707 non
458 3649 539 3708 modo
549 3650 751 3722 cupiditatibus,
765 3653 810 3708 sed
826 3661 853 3708 et
872 3651 969 3707 simili·
1022 3661 1125 3717 irruere
1137 3666 1289 3716 vereantur,
1302 3658 1332 3715 ld
1348 3658 1448 3728 quippe
1461 3673 1491 3713 se
1504 3671 1586 3729 agere
1601 3654 1731 3726 cogitent,
1749 3667 1817 3723 qno-

171 3741 310 3797 tudieibus
323 3747 412 3811 exuat,
424 3740 512 3811 sitque
526 3740 550 3795 ei
564 3756 634 3812 pura
647 3755 708 3797 cum
723 3741 776 3797 illis
785 3744 969 3807 conversatio,
1021 3749 1074 3806 ties
1087 3749 1114 3804 in
1129 3747 1356 3819 contemplatione
1368 3745 1517 3816 quiescenti
1531 3745 1592 3814 plus
1603 3743 1679 3811 iusto
1693 3740 1816 3796 moleste

170 3845 231 3886 cum
247 3830 348 3901 quibus
362 3838 404 3885 est
417 3829 543 3900 puritatis
558 3828 808 3898 similitudolslis,
819 3838 849 3886 ut
858 3831 966 3904 opinor,
1022 3845 1095 3894 sunt.
1121 3837 1232 3894 Ponitur
1256 3851 1320 3891 sane
1340 3834 1369 3888 in
1391 3833 1527 3890 uoluntate
1550 3832 1644 3903 ipsius,
1669 3838 1695 3884 et
1722 3842 1815 3888 vacare

168 3932 298 3976 excessus
312 3926 360 3973 eut
374 3925 486 3985 mutum,
497 3925 544 3975 sut
558 3920 676 3975 maxime
689 3920 882 3992 contemplatio
896 3920 968 3978 dici·
1021 3927 1084 3992 sibi,
1100 3935 1127 3983 et
1140 3940 1213 3983 curae
1230 3925 1334 3980 illarum
1350 3921 1490 3978 intendere
1504 3928 1584 3993 prout
1601 3925 1730 3990 oportere
1741 3916 1816 3987 judi·

169 4012 222 4062 tur.
233 4006 336 4063 ilerum
350 4005 449 4062 etenim
463 4005 658 4077 cupiditatibus
671 4007 789 4065 uiuendo
799 4023 853 4064 non
868 4010 963 4080 munem,
1021 4015 1131 4083 averit,
1146 4029 1208 4070 oum
1222 4021 1328 4069 vetatur
1341 4010 1455 4068 excitari
1469 4011 1503 4064 ab
1517 4003 1582 4075 illis,
1597 4021 1741 4080 quousque
1756 4005 1817 4077 ipss

168 4097 292 4152 huminae
306 4093 416 4152 virtutis
430 4103 482 4161 ⁰⁸¹2
497 4109 644 4167 00rl>0iu¹11
658 4110 725 4153 vero
745 4096 964 4154 similitudinibus
1019 4103 1094 4161 velit.
1111 4101 1192 4159 Nouii
1210 4115 1332 4174 sponsus
1352 4105 1454 4173 quante
1467 4098 1562 4170 llagret
1580 4094 1723 4152 dilectione
1736 4092 1817 4150 etiarn

169 4185 339 4257 speculando
366 4198 420 4244 uon
450 4182 563 4250 involvi,
594 4185 724 4256 angelicae
751 4186 878 4258 puritatis
910 4197 961 4244 est.
1021 4208 1086 4268 erga
1113 4192 1254 4263 proximos
1281 4204 1390 4260 sponsa,
1415 4196 1442 4243 et
1466 4185 1531 4243 satis
1553 4184 1660 4256 propria
1687 4181 1818 4239 charitats

169 4275 320 4346 Utrumque
333 4282 423 4328 tamen
437 4271 522 4329 divini
536 4272 657 4328 muneris
670 4282 723 4344 est,
738 4281 966 4349 utrumqueexoe·
980 4232 1005 4311 ὓ
1021 4280 1160 4338 sollicitari
1184 4284 1296 4334 matrem
1320 4275 1355 4332 de
1377 4275 1542 4347 profectibus
1564 4272 1691 4335 filiarum,
1712 4286 1765 4329 nec
1789 4285 1820 4326 sc

168 4363 242 4432 dere,
256 4374 402 4434 nmumque
417 4361 546 4434 teipsum
561 4359 655 4433 [oliuu
667 4373 811 4435 utrumque
823 4378 922 4421 exuere
937 4371 964 4421 te
1019 4370 1075 4426 ullo
1090 4374 1170 4440 paeto
1184 4365 1239 4422 illia
1253 4366 1451 4422 subtracturam
1464 4379 1513 4420 seu
1527 4363 1718 4438 denegaturam
1732 4375 1820 4431 qusn-

168 4451 270 4524 ipsom,
285 4449 350 4524 etc]
361 4451 550 4507 transcendere
569 4459 620 4519 est,
636 4452 684 4506 sed
699 4450 780 4525 longe
792 4455 965 4523 unamalte·
1019 4468 1076 4516 tum
1098 4463 1126 4513 et
1142 4453 1250 4526 quoties
1273 4467 1343 4523 opus
1371 4451 1474 4508 luerit:
1505 4459 1702 4523 proptereaque
1724 4462 1820 4504 secors

169 4557 228 4597 rum
243 4541 400 4612 nonlouge.
416 4539 675 4612 beatusquidioere
690 4544 876 4612 potesttboce
889 4543 966 4600 sbot-
1018 4543 1175 4603 discretioni
1204 4540 1317 4599 1441
1347 4541 1407 4612 eius
1433 4539 1596 4596 credendam
1618 4536 1723 4594 censuit
1748 4536 1821 4593 banc

168 4631 232 4704 quoi
243 4630 404 4702 {optemus
419 4631 514 4685 morsm
532 4630 564 4685 ia
577 4629 733 4689 solitudine
746 4631 836 4704 (ibid,
852 4632 891 4704 8).
905 4632 966 4688 Non
1019 4632 1263 4703 dispensationem.
1278 4630 1340 4686 Non
1365 4630 1439 4686 enirn
1458 4637 1500 4688 eat
1518 4628 1587 4698 talis,
1607 4625 1703 4700 quales
1716 4624 1821 4682 multos

169 4718 373 4775 initoontentus
387 4717 528 4788 exire,niei
539 4731 566 4774 et
579 4718 861 4794 longeselaccret,ut
874 4728 967 4793 posset
1019 4724 1144 4781 videmus
1173 4718 1330 4794 prophetica
1356 4719 1491 4776 inustione
1515 4726 1637 4782 notatos,
1662 4714 1710 4786 qui
1745 4713 1821 4787 quod

168 4808 320 4880 quiescere.
332 4806 483 4862 Transilisti
498 4807 587 4864 earnis
602 4807 810 4875 obiectamenta,
825 4809 965 4866 utmioime
1006 4827 1141 4873 ,crassum
1165 4818 1205 4866 eat
1227 4817 1255 4866 et
1276 4808 1346 4865 forte
1366 4816 1548 4879 assumentes,
1569 4805 1641 4878 quod
1663 4801 1755 4859 debile
1778 4811 1820 4859 est

166 4896 222 4966 jam
237 4896 349 4954 obedies
363 4896 591 4968 concupiscentiis
605 4897 674 4967 ejus,
689 4912 739 4954 nec
748 4899 861 4954 tenearis
875 4898 965 4955 illece-
1021 4900 1169 4974 projiciunt
1193 4896 1305 4968 (lieeclt.
1322 4912 1427 4963 xxxxv,
1450 4900 1477 4967 3,
1494 4895 1531 4964 l).
1546 4893 1673 4966 Nunquid
1696 4891 1821 4948 medicus

168 4986 239 5041 bris:
252 4985 400 5058 proiecisti,
415 4985 548 5056 separasti
563 4992 598 5053 te,
615 4986 662 5042 sed
678 4987 799 5041 nondum
815 4986 963 5059 elongasti,
1019 4991 1137 5050 valentes
1150 4985 1272 5058 requirit,
1287 4993 1314 5042 et
1328 5001 1383 5043 non
1402 4988 1492 5059 potius
1505 4982 1691 5057 egrotantes?
1705 4979 1736 5037 Si
1749 4995 1820 5037 con-

169 5074 221 5130 nisi
232 5083 259 5130 et
267 5074 401 5131 irruentia
410 5074 519 5146 indique
532 5074 720 5147 phantasmata
729 5090 920 5148 corporearum
931 5077 968 5133 si·
1022 5081 1118 5152 tingat,
1132 5076 1196 5133 lacit
1217 5074 1333 5132 forsitan
1357 5081 1386 5130 ut
1399 5075 1511 5141 amicus,
1532 5073 1581 5130 sed
1599 5087 1653 5129 uon
1676 5078 1706 5127 ut
1729 5071 1819 5128 medi-

168 5162 351 5220 militudinum
368 5165 538 5220 transvolare
552 5165 651 5221 mentis
664 5165 787 5237 puritate
806 5166 966 5238 praevaleas.
1021 5183 1081 5225 cus.
1095 5165 1171 5234 Quos
1192 5163 1314 5232 docebis,
1329 5162 1461 5236 liegister
1484 5164 1569 5226 bone,
1586 5162 1609 5216 si
1632 5174 1729 5217 omnes
1742 5158 1821 5215 indo·

166 5252 315 5327 Hucusque
330 5255 385 5311 noli
396 5253 445 5309 tibu
460 5253 620 5327 promittere
637 5254 768 5328 requiem.
784 5255 868 5312 Erras
891 5257 915 5312 si
929 5255 968 5312 ci·
1020 5265 1079 5315 ctos
1096 5254 1253 5327 repuleris?
1273 5253 1389 5322 Quibus,
1412 5267 1517 5325 quaeso,
1539 5249 1677 5308 adhibebis
1698 5248 1820 5322 diligen·

168 5346 211 5398 tra
240 5342 362 5400 invenire
389 5348 416 5398 te
436 5343 574 5401 existimas
597 5345 687 5402 locum
707 5345 817 5419 qnietis,
833 5353 969 5402 secretum
1020 5347 1085 5404 tiam
1112 5343 1272 5417 disciplinae,
1294 5341 1318 5398 si
1339 5340 1555 5414 indisciplinatos
1582 5339 1624 5396 uel
1653 5336 1821 5411 effugaveris

171 5430 336 5504 solitudinis,
360 5430 471 5489 luminis
503 5449 641 5504 serenum,
667 5435 855 5494 babitaculum
882 5434 969 5508 pacis.
1022 5451 1127 5504 omnes,
1141 5433 1184 5493 vel
1203 5430 1329 5506 mgcrisi
1346 5431 1378 5488 Iu
1392 5432 1501 5506 quibus,
1516 5431 1640 5497 obsecro.
1655 5436 1730 5487 mam
1748 5441 1820 5501 pro·
