3734 5948
148 219 199 280 ιιι
616 213 789 277 mummi
808 210 1013 274 mamimus
1032 185 1146 274 ιιοιιιιι
1165 214 1273 280 saeuo
1291 221 1336 281 ιι.
1744 237 1795 299 102

145 348 172 402 in
196 345 322 408 dextera,
346 343 468 417 inquam,
488 341 604 410 deliciae,
621 340 649 396 iu
671 340 780 397 sinistra
802 347 864 396 sunt
884 354 943 395 me·
962 350 986 430 fl
1004 336 1072 392 ciam
1088 338 1168 394 nobis
1192 342 1268 399 daret
1285 348 1357 416 quod
1381 350 1488 407 tolleret
1505 354 1564 410 baec
1582 371 1597 410 a
1614 359 1701 432 nobis,
1720 364 1795 434 prius

83 437 87 481 Ι
143 434 255 492 dim·
1002 427 1114 480 llatrem
1129 445 1204 484 suam
1220 432 1368 491 immunem
1379 438 1412 491 ab
1424 446 1539 512 utroque
1555 449 1689 504 servavit:
1701 458 1729 505 ut
1745 467 1795 508 nec

179 528 210 580 ἢ.
231 523 287 580 Sed
305 519 417 577 ,pende
432 521 506 592 pium
521 519 665 585 medicum,
683 517 793 576 attende
809 517 945 573 medicum
1000 513 1027 568 in
1042 525 1176 587 conceptu
1190 520 1337 593 quidquam
1362 527 1484 597 pudoris
1503 547 1554 588 nec
1568 533 1595 588 in
1609 545 1687 606 partu
1711 539 1794 611 quid·

144 612 310 684 sapientem.
326 611 477 667 Considera
499 609 656 682 diligentius
670 623 750 680 quam
772 621 842 662 nova
855 605 944 661 medi-
999 619 1079 675 quam
1095 606 1195 663 doloris
1209 610 1346 671 existeret.

143 701 253 757 camina
276 706 379 773 portet,
394 698 456 755 vide
472 715 552 771 quam
567 713 621 754 non
637 698 717 753 modo
735 695 878 768 pretiosas,
894 695 943 749 sed
1032 694 1058 748 l.
1079 695 1289 754 Accumulantur
1316 702 1405 759 adbuc
1430 705 1541 774 divitiae,
1569 713 1666 770 crescit
1692 715 1791 786 gloria,

143 798 172 845 st
186 789 328 861 speciosas
352 787 473 844 attulerit
486 787 650 854 medicinas3
666 801 721 842 non
736 784 822 841 solum
837 783 943 856 peruti-
999 779 1161 839 innovantur
1187 787 1278 860 signa,
1311 798 1338 846 et
1360 793 1490 851 miracula
1518 799 1702 860 immutantur.
1732 807 1793 862 Non

142 878 183 936 les
198 880 234 934 ad
245 879 370 934 mimis
384 877 511 945 fructum,
521 876 569 932 sed
583 883 611 932 et
625 874 801 933 delectabiles
815 874 849 929 ad
864 889 943 945 δερ..
998 867 1084 923 solum
1099 869 1157 927 siue
1171 875 1275 943 pudore
1289 888 1446 950 conceptus,
1461 891 1489 937 et
1502 885 1560 942 sine
1574 888 1668 946 dolore
1681 903 1791 964 partum

142 974 226 1035 etum,
244 977 277 1040 et
291 983 389 1025 suaves
410 967 446 1022 ad
467 972 585 1039 gustum.
605 964 728 1036 Denique
749 963 863 1036 primam
883 964 943 1033 eius
998 959 1046 1012 sed
1061 966 1148 1015 mater
1162 962 1272 1019 estsine
1286 968 1467 1039 cormptione.
1479 970 1502 1026 0
1512 990 1575 1030 vere
1591 980 1695 1035 novitas
1709 981 1792 1039 inau-

142 1056 319 1123 mediciuam,
342 1056 460 1129 primum
488 1055 561 1127 quod
587 1054 615 1110 in
642 1054 749 1110 sinistra
775 1059 874 1127 portat,
899 1058 941 1106 et-

143 1146 241 1216 tende;
259 1154 288 1204 et
301 1153 464 1218 conceptum
482 1144 606 1201 invenies
619 1143 679 1200 sine
694 1142 810 1199 semine.
820 1143 940 1209 Intuere,

142 1233 271 1302 obsecro,
295 1234 375 1306 quale
397 1233 431 1288 sit
448 1231 532 1300 istud,
549 1248 629 1306 qnam
651 1246 761 1301 novum,
784 1246 865 1305 quam
888 1229 941 1285 ad-

142 1321 278 1390 mirabile,
308 1338 390 1394 quam
417 1320 543 1388 amabile,
573 1335 654 1393 quam
683 1318 846 1388 jucunduml
871 1317 941 1388 Quid

141 1409 215 1466 euim
231 1409 381 1481 pulchrius,
395 1425 475 1481 quarn
490 1409 631 1481 generatio
650 1406 745 1464 castel
759 1407 824 1480 quid
843 1406 942 1480 glorio·

998 1043 1065 1103 dita!
1084 1046 1168 1123 Virgo
1192 1052 1308 1122 peperit,
1332 1063 1434 1127 etpost
1455 1066 1561 1127 partum
1583 1063 1709 1122 inviolata
1728 1086 1792 1139 per·

998 1134 1105 1200 mansit,
1140 1135 1334 1197 fecunditatem
1365 1143 1449 1215 prolis
1475 1162 1537 1202 cum
1564 1152 1653 1207 carnis
1678 1155 1793 1229 integri·

998 1230 1065 1295 tate,
1087 1230 1115 1280 et
1141 1226 1271 1296 gaudium
1298 1229 1392 1285 matris
1418 1232 1523 1290 babens
1550 1252 1610 1292 cum
1633 1240 1793 1317 virginitatis

997 1313 1110 1371 bonore.
1145 1315 1203 1369 lam
1231 1332 1343 1374 securus
1376 1328 1505 1391 exspecto
1538 1327 1697 1395 promissam
1727 1333 1794 1390 mihi

997 1400 1110 1474 gloriam
1128 1401 1339 1476 incorruptionis
1363 1407 1390 1462 in
1413 1425 1495 1467 carne
1522 1429 1594 1479 mea,
1617 1419 1790 1492 quandoqui-

141 1497 199 1554 sius
216 1515 301 1570 quam
323 1505 417 1553 sancta
440 1504 468 1553 et
490 1497 596 1554 sincera
620 1497 771 1569 conceptio,
786 1497 814 1552 iu
828 1511 882 1569 qua
896 1495 940 1550 ni·
997 1490 1059 1545 dem
1074 1501 1234 1550 conservata
1255 1510 1306 1565 per
1320 1511 1382 1552 cum
1405 1505 1447 1553 est
1469 1498 1637 1576 incorruptio
1661 1507 1741 1564 etiam
1764 1511 1792 1566 in

141 1586 178 1641 bil
193 1587 307 1658 pudoris
320 1596 372 1653 est,
396 1586 462 1642 nibil
486 1587 586 1653 sordis,
603 1587 670 1642 nibil
693 1583 891 1658 corruptionis?
906 1587 940 1639 Λι
996 1580 1081 1635 Matre
1096 1596 1154 1636 sua.
1170 1582 1257 1638 Facile
1273 1583 1325 1639 erit
1345 1585 1378 1648 ei.
1398 1603 1449 1658 per
1464 1604 1545 1660 quem
1567 1602 1655 1648 mater
1676 1595 1736 1665 ipsa
1750 1597 1793 1666 in-

139 1677 271 1749 quoniam
286 1676 375 1732 minus
395 1673 518 1732 fortassis
537 1676 672 1732 detineret
696 1691 763 1744 nos,¹
774 1683 851 1746 grata
865 1673 939 1741 licet,
997 1670 1201 1740 corruptionem
1218 1689 1273 1729 non
1287 1676 1405 1745 perdidit
1419 1678 1560 1748 pariendo,
1576 1688 1605 1736 ut
1620 1689 1647 1738 ct
1661 1685 1794 1758 cormpti·

139 1764 286 1820 admiratio
309 1763 447 1830 novitatis,
472 1763 524 1819 nisi
542 1762 646 1821 fructus
669 1779 778 1836 quoquc
804 1763 899 1819 salutis
914 1770 941 1818 et
995 1757 1049 1813 bile
1068 1759 1120 1816 boc
1132 1760 1362 1834 incorruptionem
1376 1763 1472 1822 induat
1487 1771 1666 1841 resurgendo.

139 1853 265 1909 utilitatis
279 1852 461 1910 consideratio
476 1852 594 1908 animum
611 1853 774 1924 delectaret;
790 1860 940 1924 conceptus
1030 1851 1057 1903 ὅ.
1078 1847 1168 1907 Habes
1192 1859 1284 1907 tamen
1307 1853 1395 1910 adhuc
1421 1857 1540 1924 majores
1562 1859 1678 1927 divitias,
1703 1863 1792 1935 babes

137 1941 201 2011 iste,
233 1955 290 1997 uon
314 1941 394 1997 modo
417 1941 554 2013 gloriosus
576 1941 604 1995 in
627 1942 685 2011 ipsa
706 1940 783 2013 quasi
811 1937 939 1995 exteriori
993 1935 1107 2006 gloriam
1129 1939 1299 2010 ampliorem.
1312 1943 1453 1999 lieterest
1469 1943 1529 2000 sine
1544 1949 1718 2019 corruptione
1733 1952 1790 2007 vir-

138 2029 244 2101 specie,
268 2028 317 2084 sed
345 2037 374 2085 et
396 2029 533 2100 pretiosus
554 2027 584 2084 in
607 2028 727 2085 interiori
748 2027 847 2084 virtute
872 2035 938 2097 :ut,
994 2022 1125 2096 giuitatis,
1148 2026 1232 2083 Filius
1250 2028 1308 2086 sine
1332 2031 1406 2086 omui
1430 2032 1491 2088 labe
1514 2035 1628 2104 peccati.
1643 2036 1704 2092 Non
1718 2039 1790 2095 cadit

138 2116 293 2173 secundnm
317 2117 391 2190 quod
413 2117 544 2188 scriptum
567 2124 618 2184 est,
646 2117 674 2173 iu
698 2115 807 2172 sinistra
832 2116 939 2172 Domim
993 2111 1019 2166 in
1035 2123 1148 2170 matrem
1164 2118 1228 2172 Evae
1241 2117 1404 2186 maledictio,
1421 2135 1476 2175 non
1491 2121 1562 2176 cadit
1576 2123 1603 2178 in
1618 2123 1721 2194 prolem
1737 2143 1790 2198 ge-

136 2206 227 2279 glnria
239 2206 321 2263 simu
339 2215 368 2263 et
387 2205 472 2265 too
486 2206 586 2264 divitiae
599 2206 773 2263 inveniantur
787 2209 878 2277 (Prov.
895 2221 936 2273 vu,
993 2202 1092 2258 neralis
1106 2205 1152 2259 illa
1167 2205 1296 2273 conditio,
1312 2207 1346 2262 de
1362 2223 1415 2279 qua
1435 2208 1594 2266 dictumest
1610 2228 1658 2280 per
1671 2216 1790 2286 propbe-

139 2295 183 2367 ιιι
192 2314 201 2362 ;
224 2294 337 2364 divitiae,
351 2295 473 2368 inquam,
496 2294 591 2352 salutis
613 2311 675 2352 cum
690 2293 777 2369 gloria
800 2293 936 2350 novitatis.
993 2296 1046 2345 ιιιιι
1064 2309 1070 2345 :
1083 2294 1166 2351 Nemo
1180 2294 1305 2350 mundus
1320 2312 1337 2350 c
1351 2296 1440 2365 sorde,
1455 2313 1507 2354 nec
1518 2301 1629 2371 infans,
1645 2305 1727 2374 arjos
1746 2292 1790 2362 est

136 2382 205 2453 Qui,
219 2384 295 2440 enim
309 2390 400 2455 pomi
413 2384 504 2441 faeere
522 2383 653 2441 mundum
668 2384 702 2439 de
716 2383 937 2440 immundo-0011-
992 2380 1079 2435 auius
1093 2379 1151 2436 diei
1174 2383 1233 2438 vito
1252 2397 1337 2452 super
1352 2385 1459 2440 terrem
1476 2385 1545 2455 (lob.
1568 2401 1627 2454 mv,
1646 2389 1671 2455 l,
1685 2390 1789 2459 bjuxta

135 2481 250 2546 ceptam
264 2473 380 2540 semine,
396 2473 446 2529 nisi
466 2474 512 2545 qui
526 2473 599 2530 solus
620 2473 681 2529 sine
707 2472 782 2529 omni
802 2471 895 2527 illicita
909 2479 938 2527 et
991 2467 1088 2540 LXX).
1109 2469 1178 2525 Ecce
1193 2466 1286 2523 infans
1301 2469 1359 2525 siue
1374 2470 1467 2538 sorde,
1482 2472 1557 2529 solus
1574 2475 1647 2548 inter
1665 2477 1789 2536 homines

135 2560 277 2617 immunda
293 2569 441 2632 conceptus
456 2569 498 2618 est
511 2560 672 2634 voluptate?
688 2561 719 2615 ln
728 2561 788 2634 ipsa
802 2559 894 2617 radice
909 2567 936 2616 et
991 2570 1083 2628 verax,
1098 2555 1153 2612 imo
1167 2565 1195 2612 et
1208 2556 1310 2613 veritas
1323 2558 1391 2630 ipsa.
1404 2562 1472 2617 Ecce
1481 2563 1646 2634 Apnassa'nc
1659 2568 1787 2636 amauit,

134 2651 245 2725 origine
259 2667 321 2708 mea
333 2652 451 2709 iniectus
471 2659 500 2721 et
514 2653 669 2726 inquinatus
692 2668 753 2708 sum
769 2673 775 2707 :
797 2651 937 2707 immunda
990 2646 1195 2720 Aenusllciqai
1206 2647 1404 2718 tollitpecccta
1414 2649 1516 2705 mundi
1525 2651 1615 2722 (loco.
1627 2656 1712 2726 uili).
1722 2654 1788 2725 Quia

135 2747 178 2794 est
197 2741 343 2813 conceptio
359 2756 428 2806 mea,
449 2742 499 2797 sed
514 2750 555 2798 est
570 2758 586 2796 a
601 2757 655 2814 quo
677 2741 787 2798 tollatur
800 2740 852 2795 ista
866 2754 936 2796 con·
991 2733 1063 2788 enim
1077 2741 1190 2805 peccata
1209 2734 1303 2790 melius
1318 2735 1436 2799 tolleret,
1452 2752 1532 2809 quam
1547 2737 1570 2794 is
1583 2738 1611 2795 iu
1626 2757 1707 2814 quem
1721 2760 1788 2815 pcc·

136 2826 218 2884 lusio.
232 2829 296 2898 lpse
310 2845 370 2885 eam
385 2829 461 2898 tollit,
477 2831 504 2885 in
519 2846 600 2903 quom
614 2830 700 2885 solum
710 2831 769 2902 ipsa
783 2844 839 2885 uon
853 2827 935 2884 cadit.
990 2829 1079 2877 catum
1091 2838 1144 2877 non
1159 2823 1250 2879 cedit?
1263 2824 1318 2880 iste
1340 2823 1399 2881 sine
1417 2825 1501 2882 dubio
1521 2827 1612 2885 lavare
1627 2847 1671 2888 me
1684 2841 1785 2904 potest,

171 2921 200 2974 3.
216 2917 329 2975 Divitias
352 2918 446 2975 salutm
468 2920 567 2987 babeo,
594 2919 693 2993 quibus
715 2918 848 2974 redimam
870 2932 936 2989 pro·
990 2926 1072 2983 quem
1095 2919 1202 2967 constat
1223 2912 1392 2986 inquinatum
1421 2931 1476 2971 non
1499 2933 1570 2975 esse.
1596 2920 1660 2976 Haec
1689 2939 1785 2980 manus

133 3005 204 3076 priae
226 3006 414 3079 conceptionis
437 3007 632 3079 impuritatem,
642 3006 741 3064 Christi
763 3005 935 3080 purissimam
989 3009 1113 3073 opertum
1129 3002 1184 3058 luto
1200 3001 1325 3074 detergat
1338 3004 1447 3060 oculum
1460 3021 1562 3076 meum,
1579 3023 1640 3079 quae
1654 3009 1712 3065 sola
1726 3011 1786 3068 siue

132 3094 356 3168 conceptionem,
382 3097 460 3152 Adde
479 3097 578 3165 adhuc,
607 3096 722 3153 nomine
736 3097 812 3164 iesu,
836 3095 936 3151 innova
951 3076 973 3155 c
989 3089 1101 3161 pulvere
1122 3099 1175 3147 est.
1203 3090 1255 3145 iste
1278 3106 1340 3147 meo
1364 3091 1493 3149 festucam
1515 3094 1614 3150 educat
1635 3098 1669 3152 de
1695 3099 1784 3171 oculo,

134 3181 227 3257 signa,
250 3183 362 3240 immuta
385 3185 534 3256 mirabilia;
555 3202 618 3241 nam
641 3187 731 3258 priora
752 3186 860 3257 quidem
875 3183 935 3254 ipsa
990 3176 1036 3247 qui
1050 3192 1105 3232 uon
1120 3178 1201 3232 babet
1215 3178 1321 3233 trabem
1335 3177 1363 3233 in
1377 3194 1426 3235 suo
1442 3197 1448 3236 :
1465 3179 1519 3236 imo
1532 3180 1583 3237 iste
1600 3183 1703 3239 trabem
1718 3184 1785 3242 edu·

132 3273 332 3329 consuetudine
355 3274 501 3330 viluemnt.
526 3274 608 3331 Plane
631 3274 703 3330 enim
728 3273 793 3330 solis
816 3279 892 3329 ortus
908 3277 935 3329 et
988 3273 1032 3322 cat
1046 3267 1080 3322 de
1095 3265 1219 3338 memqui
1229 3281 1279 3322 1¹³0
1293 3266 1421 3338 exiguum
1431 3267 1571 3339 pulverem
1587 3270 1667 3327 habel
1680 3272 1709 3328 ιι]
1722 3289 1785 3332 suo·

132 3373 260 3426 occasus,
289 3369 370 3417 terrae
397 3360 558 3430 fecunditas,
588 3370 740 3435 temporum
765 3360 933 3432 vicissitudo,
1024 3361 1050 3412 6.
1073 3355 1192 3412 Vidimus
1206 3365 1280 3413 certe
1295 3356 1401 3414 divitias
1417 3358 1511 3439 salutis
1528 3367 1554 3416 et
1577 3360 1652 3431 vitae3
1668 3362 1785 3421 vidimus

132 3446 264 3504 miracula
278 3458 359 3518 sunt;
378 3457 407 3506 et
427 3466 525 3524 magna
540 3451 666 3508 miracula
683 3467 689 3508 :
706 3451 755 3507 scd
777 3449 856 3507 toties
876 3450 935 3506 baec
987 3443 1102 3518 gloriam
1120 3447 1191 3515 ejus,
1204 3444 1318 3517 gloriam
1333 3445 1411 3518 quasi
1424 3446 1561 3519 Unigeniti
1575 3463 1591 3503 a
1607 3451 1696 3506 Patre.
1707 3449 1785 3520 Quae·

130 3537 260 3605 adnm,
273 3547 306 3594 ut
316 3541 373 3610 jam
393 3555 447 3598 ocu
461 3541 497 3596 sit
510 3541 556 3614 qui
579 3542 711 3598 attendat.
726 3540 829 3598 innova
843 3539 931 3611 sigua,
987 3534 1284 3606 desperauerit
1300 3536 1391 3591 Filius
1401 3535 1542 3593 Altissimt'
1551 3540 1704 3597 uocabitur.
1720 3540 1783 3596 Ma·

130 3627 281 3682 etimmuta
290 3627 432 3686 mirabilia.
443 3632 519 3701 Ecce,
531 3630 579 3698 ait,
590 3647 662 3688 noua
671 3632 747 3702 facio
757 3628 934 3699 omnimQuis
987 3622 1114 3679 nilestum
1133 3632 1175 3678 est
1189 3622 1250 3695 quis
1264 3622 1417 3680 ditissimus
1431 3624 1475 3682 sit.
1499 3625 1553 3680 Sed
1568 3642 1602 3681 ne
1617 3627 1677 3698 quis
1691 3644 1782 3685 rema·

129 3714 182 3771 boc
198 3714 257 3770 aitl
270 3714 365 3786 Agnus
379 3717 473 3790 utique
487 3720 537 3791 qui
551 3719 662 3778 sedebat
676 3722 709 3776 in
724 3720 824 3775 throno
837 3719 932 3790 (alpos.
986 3720 1049 3768 neat
1062 3712 1138 3769 locus
1147 3711 1459 3782 dissimulationia,Qatod
1469 3729 1505 3770 ex
1518 3719 1545 3770 tc
1555 3720 1688 3773 nascetur
1697 3717 1783 3775 Sanc-

128 3817 195 3869 ut,
206 3806 245 3871 5).
255 3807 350 3876 Agnus
363 3806 444 3877 plane
457 3814 529 3863 totus
545 3807 646 3877 suavis,
662 3814 735 3865 totns
753 3804 932 3873 delectabilis,
987 3807 1060 3869 tom,
1073 3801 1108 3857 ait
1117 3802 1233 3873 augelus
1242 3800 1352 3857 Gabriel
1361 3802 1395 3855 ad
1405 3800 1528 3869 Mariam,
1536 3803 1683 3862 vocabatur
1693 3807 1783 3866 filius

128 3890 251 3963 deniqne
260 3899 331 3948 totus
341 3895 532 3963 unctus,Haac
541 3897 615 3952 enim
625 3894 877 3969 interpretationem
885 3895 933 3949 ba·
985 3893 1035 3946 Dei
1054 3893 1129 3962 (luc.
1150 3893 1230 3959 1232,
1247 3891 1304 3959 35).
1330 3886 1451 3945 1610
1473 3884 1539 3947 vere
1562 3891 1702 3950 sanctum!
1720 3897 1782 3952 Non

130 3977 292 4037 betnomen
306 3983 376 4053 ejus,
392 3984 466 4054 quod
481 3993 523 4040 est
539 3985 721 4042 Cirristus.Cui
739 3981 840 4055 poterit
850 3998 932 4055 asper
985 3979 1073 4050 dabis,
1089 3978 1213 4046 Domine,
1235 3976 1366 4034 Sanctum
1381 3984 1456 4033 tuum
1469 3979 1563 4036 videre
1578 3982 1781 4055 cormptiouem

127 4076 178 4123 aut
191 4067 277 4125 durus
286 4069 382 4140 videri,
394 4071 442 4144 qui
455 4088 491 4128 ne
503 4072 556 4144 ipsi
570 4075 648 4130 Matri
662 4074 691 4129 in
706 4072 845 4129 nativitate
855 4071 933 4144 quid·
985 4067 1071 4140 (Psoi
1088 4082 1137 4134 xv,
1154 4069 1206 4138 ¹0).
1226 4066 1298 4139 quod
1322 4082 1374 4123 ¹¹0⁰
1386 4066 1465 4123 Matri
1479 4067 1588 4140 quidem
1612 4070 1722 4128 abstulit
1735 4073 1781 4129 in·

129 4173 215 4229 quam
225 4159 390 4232 asperitate,
402 4161 550 4234 quidquam
560 4162 651 4219 intulit
672 4160 841 4218 laesiomle
861 4175 932 4218 nova
985 4156 1197 4228 corruptionem.
1231 4156 1364 4213 Crescunt
1399 4156 1539 4225 miracula,
1572 4158 1782 4232 multiplicantur

83 4281 88 4289 .
128 4262 197 4305 vere
218 4247 362 4305 nriraculal
379 4250 534 4323 Conceptus
557 4251 608 4308 fuit
631 4252 691 4308 sine
705 4252 820 4325 pudore,
837 4256 932 4321 partus
985 4245 1098 4312 divitiae,
1114 4247 1260 4302 thesaurus
1275 4244 1405 4318 aperitur.
1423 4247 1490 4317 Quae
1509 4255 1633 4318 generat,
1649 4260 1677 4305 et
1694 4260 1782 4309 mater

129 4336 192 4392 sinc
208 4336 314 4394 dolore.
329 4339 432 4394 Mutata
446 4349 488 4395 cst
502 4341 530 4394 in
544 4340 657 4415 Virgine
671 4349 765 4396 nostra
779 4336 930 4395 maledictio
985 4342 1013 4390 et
1032 4334 1181 4406 virgoes13
1197 4334 1244 4407 qui
1257 4341 1414 4406 generatur,
1439 4342 1467 4390 et
1485 4335 1559 4392 Deus
1582 4342 1610 4392 et
1628 4338 1709 4395 bomo
1728 4349 1780 4397 est.

129 4424 195 4482 Evae
211 4443 218 4481 :
234 4427 341 4498 peperit
355 4428 428 4484 enirn
444 4426 527 4485 filium
542 4429 603 4485 sine
617 4429 722 4487 dolore.
736 4430 864 4485 Mutatata
877 4433 929 4495 est,
985 4422 1040 4479 Sed
1063 4422 1187 4494 nunquid
1208 4423 1316 4478 dabitur
1330 4431 1454 4480 sanctum
1468 4424 1590 4492 canibus,
1606 4435 1652 4483 aut
1674 4445 1781 4503 marga·

129 4513 255 4585 inquam,
269 4516 425 4573 maledictio
443 4517 470 4572 in
485 4517 716 4585 benedictionem,
732 4525 760 4574 et
773 4517 844 4574 sicut
858 4531 929 4591 prae·
985 4511 1045 4568 ritae
1058 4510 1167 4584 porcis?
1180 4510 1370 4568 abscondatur
1390 4518 1465 4570 certe
1485 4515 1627 4572 thesaurus
1645 4523 1739 4573 noster
1752 4519 1780 4573 in

130 4601 235 4660 dictum
250 4611 293 4660 est
304 4621 354 4676 per
368 4607 496 4680 angelum
511 4606 677 4681 Gabrielem,
688 4607 839 4666 Benedicta
853 4610 885 4663 tu
899 4607 932 4662 ia
985 4618 1061 4675 agro,
1078 4609 1106 4660 et
1120 4600 1234 4673 pecunie
1256 4608 1348 4658 nostra
1361 4599 1390 4657 in
1408 4601 1516 4659 sacculo
1530 4610 1688 4676 reponatur.
1703 4604 1780 4677 Ope-

129 4693 301 4751 mtrlicritrvs
311 4693 411 4763 (luca,
420 4695 662 4766 28).0beata,sola
670 4697 741 4754 inter
750 4696 878 4752 mulieres
885 4696 933 4752 be·
986 4693 1069 4748 rietur
1086 4699 1234 4764 conceptus
1247 4693 1305 4748 sine
1324 4690 1429 4748 semine
1451 4689 1543 4747 llatris
1556 4692 1778 4764 desponsatione,

129 4778 253 4849 nedicta,
264 4788 292 4838 et
305 4798 361 4839 nou
374 4783 533 4852 maledicta;
548 4785 606 4841 sola
620 4784 771 4858 agenerali
786 4783 932 4842 meledicto
985 4791 1080 4855 partus
1091 4781 1150 4837 sine
1159 4780 1405 4853 aovorsvagitibus
1414 4779 1526 4861 Parvuli.
1537 4788 1564 4837 θῐ
1574 4785 1779 4842 mmmm-Abt-

130 4867 230 4934 libera,
246 4877 298 4926 eta
308 4870 402 4928 dolore
417 4872 625 4944 parturientium
640 4872 742 4930 alienal
754 4876 811 4933 Neo
821 4873 930 4942 mimm,
984 4873 1117 4931 condatur
1130 4881 1158 4930 et
1180 4872 1355 4947 parturientis
1374 4871 1539 4962 incorruptio
1557 4872 1636 4946 legali
1650 4876 1779 4949 purifica·

130 4956 243 5028 fratres,
254 4960 277 5016 si
295 4960 486 5026 doloremnon
499 4964 527 5018 iu
542 4964 603 5020 tulit
612 4966 700 5038 Matri,
712 4966 874 5037 quidotores
887 4971 930 5021 to·
985 4963 1075 5032 tione;
1107 4962 1219 5020 infantis
1255 4962 1410 5020 innocentia
1448 4960 1527 5017 solita
1563 4963 1779 5027 circumcisione.

130 5048 186 5104 tius
199 5051 293 5106 mundi
307 5050 378 5119 tulit,
389 5052 537 5108 secundum
553 5054 626 5125 quod
635 5054 718 5109 lsaias
732 5055 779 5122 ait,
790 5053 853 5128 quia
867 5069 931 5111 uere
984 5051 1137 5121 Abscondc,
1172 5052 1295 5125 inquam,
1323 5049 1471 5118 absconde,
1497 5051 1591 5126 Maria,
1624 5056 1687 5113 novi
1711 5058 1779 5114 solis

131 5137 283 5210 lanpames
296 5143 407 5198 nostros
421 5144 481 5216 ipsc
495 5144 566 5199 tulit
584 5143 650 5213 (ise.
668 5158 725 5208 aru,
742 5146 778 5212 t).
794 5143 853 5198 Duo
867 5146 931 5198 sunt
983 5141 1132 5215 fulgorem3
1157 5143 1237 5214 pone:
1249 5140 1276 5196 in
1291 5139 1443 5212 presepio,
1457 5141 1564 5200 involve
1578 5145 1676 5216 pennis
1689 5145 1778 5202 infan·
1832 5177 1835 5183 ·

130 5234 194 5291 ‘1¹¹⁴'e
214 5217 293 5275 “mel
306 5221 424 5292 humana
437 5223 576 5297 fragilitas,
589 5222 931 5298 Pull0reld0¹0t·Ult11ffl·
985 5240 1040 5290 tem
1057 5250 1063 5291 :
1079 5248 1143 5288 nam
1157 5237 1185 5286 et
1198 5230 1250 5302 ipsi
1264 5230 1346 5300 panni
1360 5228 1460 5287 divitiae
1474 5239 1576 5288 nostrae
1590 5224 1663 5291 sunl.
1674 5235 1779 5292 Pretio·

129 5307 320 5379 queClrristus
331 5309 425 5367 tollere
440 5313 522 5382 venit,
536 5312 610 5368 uude
624 5318 653 5369 et
667 5320 811 5384 utrumque
834 5327 930 5368 susce·
984 5321 1071 5379 dores
1093 5318 1227 5392 siquidem
1242 5317 1324 5391 panni
1346 5317 1494 5377 Salvatoris
1508 5319 1583 5378 omni
1605 5310 1737 5397 purpura,
1751 5333 1778 5381 et
1828 5389 1831 5394 .

130 5397 184 5481 pit,
203 5397 314 5471 quando
328 5398 369 5470 tut
382 5406 482 5474 Ιιειιιεια
496 5402 602 5473 simui)
618 5410 715 5469 morte,
732 5409 760 5458 at
774 5411 862 5460 morte
877 5409 932 5458 tur·
984 5407 1127 5488 gloriosius
1144 5409 1196 5464 boc
1210 5423 1334 5481 presepe
1354 5408 1455 5466 auratis
1476 5425 1572 5484 regum
1593 5409 1679 5480 soliis;
1697 5396 1778 5473 ditio'r

130 5485 246 5559 p'tsima
260 5488 458 5546 condemnatus
471 5498 513 5569 est
528 5491 562 5548 ab
575 5490 687 5567 iniquis.
702 5491 798 5566 ltaque
811 5499 840 5549 ut
858 5490 929 5548 lidu-
985 5497 1104 5572 denique
1118 5496 1217 5554 Christi
1236 5506 1385 5571 paupertas
1404 5493 1509 5556 cunctis
1522 5491 1631 5570 opibus,
1655 5503 1776 5561 cunctis·
