3734 5948
158 267 212 320 aee
621 256 650 312 s,
666 253 842 312 annulum
856 252 1001 310 lnnlrrs
1016 251 1352 311 mann-vacuamus
1617 217 1620 222 ’
1750 255 1804 309 ase

156 388 241 462 igitur
255 385 337 442 modo
352 400 385 440 ex
407 382 449 436 his
463 379 565 436 vidisse
586 395 649 434 eum
672 377 818 434 credemus
844 375 951 443 lsaiam,
968 391 991 469 p
1008 383 1051 432 tas'
1062 378 1122 446 Dei,
1138 377 1247 449 quando
1262 377 1302 432 eis
1315 374 1433 432 efficitur
1450 390 1512 432 cum
1526 375 1585 445 ipso
1599 390 1653 429 una
1667 375 1805 435 voluntas.-
1831 380 1833 384 ’

156 491 219 533 oum
229 475 350 532 diceret:
366 470 423 530 Vidi
436 471 587 528 Dominum
602 468 744 525 sedentem
755 467 951 539 superantium
983 519 990 533 ,
1006 467 1070 523 llaec
1084 482 1150 522 sane
1167 465 1285 521 adhaesio
1295 464 1442 535 spiritualis
1452 480 1536 519 unum
1547 463 1672 534 spiritum
1686 463 1803 536 iaciens,

155 567 299 624 eracleam
313 567 341 617 el
355 559 516 619 eleuata-ra?
530 558 623 630 Longe
634 556 765 627 cnimper
778 570 888 611 omnem
896 570 967 620 mo,
1006 556 1074 612 sicut
1092 555 1269 610 multitudinis
1287 569 1396 626 quoque
1415 552 1585 609 credentium
1604 567 1651 608 ror
1665 569 1752 609 unum
1772 561 1801 611 et

155 655 220 711 dnm
233 650 373 707 dissimilis
386 666 419 707 ea
433 648 501 706 visio
519 647 579 716 luit,
595 646 630 701 de
644 661 698 717 qua
718 643 783 699 alibi
797 644 869 699 idem
883 658 948 716 pro·
1003 644 1093 700 anima
1107 661 1161 701 rina
1175 642 1416 716 legiturexstitisse
1425 642 1496 713 (det.
1512 643 1618 712 1v‚32).
1636 644 1670 699 bt
1685 658 1801 715 ectqttoe
1823 650 1826 655 '

154 745 236 815 pheta
253 759 259 795 :
281 740 402 798 Vidimus
417 755 489 808 eum,
505 734 602 807 inquit,
616 739 644 790 et
659 751 717 791 noc
732 738 794 791 eret
808 735 834 787 ei
847 735 949 805 aperies
1002 735 1052 790 sch
1065 736 1124 806 ipso
1139 740 1229 799 cruat,
1240 732 1385 804 replebant
1397 734 1547 805 ternplum.
1558 729 1713 801 Replebant
1727 733 1804 788 omni
1824 736 1827 741 ’

151 847 240 905 nequa
254 830 336 887 decor
350 848 358 884 :
374 831 402 886 et
416 824 617 882 restituerimus
630 838 696 878 eum
710 829 847 895 tunquam
863 822 949 894 lepre
1002 822 1193 879 benedictione
1208 819 1348 893 spirituali,
1361 820 1504 892 replebant
1513 817 1601 875 95⁶2
1614 818 1802 877 consolatione
1823 848 1825 853 ·

152 938 227 993 sum,
239 925 267 978 et
276 933 441 992 percussu-ru
456 930 473 968 a
488 916 549 974 Deo,
559 916 586 968 ct
596 908 950 968 humiliatamldemutro·
1001 912 1101 977 divina,
1117 911 1260 982 replebant
1278 909 1458 967 divisionibus
1469 907 1631 981 gratiarum,
1653 909 1801 979 replebant
1822 936 1825 943 ·

152 1011 235 1083 bique
249 1007 314 1065 uidit
328 1003 470 1069 eumdem;
486 1000 536 1056 sed
551 1014 606 1055 uon
619 999 795 1056 uditeodam
806 998 899 1067 modo,
915 1012 947 1053 ac
1000 999 1119 1072 denique
1142 999 1229 1055 lructu
1253 996 1474 1054 sanctificationis
1499 1012 1505 1050 :
1532 997 1667 1069 siquidem
1690 997 1801 1056 domum

151 1116 201 1172 per
214 1100 267 1153 hoo
281 1093 399 1168 quodam
413 1090 496 1147 modo
510 1105 565 1146 non
584 1088 721 1144 eumdem.
738 1086 779 1142 lbi
792 1086 866 1143 enim
880 1085 948 1143 vidit
1000 1095 1085 1156 tuam,
1101 1088 1225 1155 Domine,
1241 1087 1321 1144 decet
1335 1085 1500 1142 sanctitudo.
1516 1085 1669 1157 Replebant
1682 1085 1801 1142 dirersis

150 1202 214 1243 eum
227 1182 338 1240 lividum
352 1179 450 1252 plagis,
467 1184 616 1233 saturatum
639 1174 802 1248 opprobriis,
817 1175 946 1232 afflictum
1000 1176 1193 1234 charismatum
1207 1175 1295 1244 denis,
1309 1174 1405 1247 spiritu
1427 1173 1567 1247 sapientias
1591 1182 1618 1230 ct
1633 1174 1799 1242 intellectus,

149 1270 298 1346 suppliciis,
311 1268 468 1325 lacessitum
482 1265 597 1337 injuriis.
614 1263 687 1320 Vidit
700 1263 818 1336 denique
827 1270 947 1320 contem·
1001 1265 1105 1321 consilii
1120 1273 1147 1321 et
1161 1264 1338 1333 fortitudinis,
1357 1264 1480 1320 scientiae
1490 1271 1517 1319 et
1527 1262 1651 1334 pietatis;
1663 1271 1691 1319 et
1705 1264 1816 1347 repleg

148 1361 280 1434 ptibilem,
295 1357 361 1415 vidit
374 1354 550 1429 pendentem,
566 1353 632 1410 vidit
644 1359 756 1425 propter
771 1351 946 1408 nosmorien-
1000 1353 1066 1409 bant
1080 1353 1146 1409 illud
1158 1352 1255 1425 spiritu
1269 1353 1373 1409 timoris
1388 1351 1504 1408 Domini.

147 1456 212 1520 tem,
225 1456 251 1505 et
262 1448 312 1505 ait:
324 1448 449 1503 artrttas
459 1450 499 1502 eat
508 1443 736 1516 propterscclcro
745 1448 852 1507 nostro,
863 1442 946 1513 cujas
1035 1446 1062 1497 6.
1078 1444 1225 1515 Seraphim
1239 1443 1353 1500 stabant
1364 1441 1537 1513 sapertttud.
1551 1440 1657 1495 Nomen
1667 1447 1711 1496 est
1724 1440 1798 1496 ordi-

149 1538 338 1597 livoresauoti
352 1550 450 1592 sumus
460 1533 537 1605 (lsai.
549 1547 608 1600 artr,
617 1533 686 1602 2-5).
698 1530 748 1599 lbi,
764 1529 885 1602 inquam,
897 1544 946 1585 no·
1000 1531 1041 1585 nis
1068 1531 1229 1604 angelorum
1253 1530 1351 1586 summi
1384 1534 1465 1601 atque
1488 1527 1618 1598 supremi,
1643 1536 1672 1583 ut
1697 1530 1797 1586 merito

149 1627 275 1684 vissimus
295 1621 549 1695 vimmmappamit
563 1628 592 1677 ct
611 1619 771 1691 despectum
788 1617 832 1675 hic
852 1624 943 1674 autem
998 1627 1071 1675 stare
1094 1634 1175 1690 super
1198 1626 1312 1676 caeteros
1345 1617 1547 1676 describantur:
1572 1625 1600 1672 et
1616 1617 1670 1688 ipsi
1702 1624 1797 1675 tamen

146 1717 228 1789 plena
242 1722 300 1772 erat
313 1712 401 1770 omnis
414 1719 488 1767 terra
501 1711 643 1782 majestate
657 1707 804 1780 ipsiuslbi
817 1706 944 1764 virdolo·
959 1696 982 1773 Β
998 1708 1146 1780 quamlibet
1181 1709 1286 1764 caeteris
1319 1714 1459 1778 prestent,
1496 1714 1585 1762 astam
1621 1705 1798 1764 nibilominus

147 1820 218 1873 rum,
234 1810 262 1859 et
276 1801 368 1858 sciens
390 1797 590 1867 infirmitatem3
608 1796 652 1854 bic
675 1795 806 1853 Dominus
830 1795 938 1853 sedens.
997 1797 1112 1853 Domino
1133 1797 1298 1869 praesidenti,
1326 1797 1456 1854 devotum
1478 1795 1572 1869 utiquc
1602 1794 1796 1866 ministerium,

146 1890 181 1945 llt
195 1890 239 1945 illa
257 1889 368 1962 quidam
383 1885 537 1944 communis
546 1884 615 1940 risio
624 1883 826 1956 verbopluralis
835 1883 942 1939 numeri
995 1893 1023 1941 et
1040 1887 1151 1957 plenum
1170 1886 1330 1944 reverentiae
1345 1884 1506 1958 obsequium
1525 1884 1697 1942 exhibentes.
1705 1885 1797 1942 Aliter

145 1978 306 2052 designatur
321 1993 327 2032 :
343 1978 401 2033 haec
422 1982 512 2031 autem
536 1980 591 2029 tam
614 1972 760 2046 singularis
783 1980 833 2042 est,
859 1989 940 2045 quam
994 1973 1064 2029 enlm
1084 1975 1202 2044 Domini,
1222 1975 1299 2031 aliter
1318 1975 1419 2047 angeli,
1439 1973 1518 2031 aliter
1538 1973 1657 2032 hominis
1679 1974 1796 2048 intelligi

149 2065 283 2121 sublimis.
302 2064 342 2121 lbi
361 2079 429 2138 ergo
453 2071 582 2135 tanquam
602 2078 672 2117 unus
687 2061 721 2117 de
744 2060 937 2116 multitudine:
994 2063 1120 2119 convenit
1133 2064 1289 2120 stationem.
1309 2064 1368 2120 Stat
1380 2063 1504 2121 Christus
1523 2079 1572 2136 pro
1589 2064 1668 2123 Patre
1688 2065 1794 2135 zelans,

149 2155 272 2211 Vidimus
285 2153 335 2224 ait3
352 2152 396 2210 hic
413 2166 480 2211 vero
499 2158 629 2223 tanquam
654 2150 729 2207 solus
751 2157 779 2207 et
793 2149 938 2215 solitarius,
994 2151 1078 2207 Patris
1091 2152 1204 2222 gloriam
1220 2168 1360 2225 quaerens3
1381 2161 1409 2210 et
1432 2160 1561 2225 tanquam
1576 2152 1663 2209 fidelis
1686 2153 1794 2229 linige-

143 2242 236 2299 levens
248 2257 279 2297 se
293 2256 376 2313 supra
390 2256 419 2296 se
435 2256 442 2295 :
464 2240 533 2305 Vidi,
549 2239 646 2313 inquit,
672 2240 825 2298 Domina-m·
838 2238 939 2296 sederu-
993 2238 1076 2308 nitus,
1092 2240 1146 2297 imo
1174 2248 1201 2295 et
1221 2239 1420 2313 primogenitus
1444 2241 1540 2309 Patris,
1556 2241 1615 2297 nelo
1637 2241 1725 2297 Patris
1738 2241 1792 2298 ad·

145 2335 212 2395 tem,
231 2337 285 2386 etc.
302 2331 372 2385 Sane
391 2336 579 2401 competenter
601 2328 734 2385 Dominus
758 2328 874 2396 dicetur,
893 2326 940 2399 qui
991 2329 1088 2399 jurans
1122 2329 1273 2401 adoptivos.
1307 2329 1353 2386 Sic
1384 2329 1458 2384 illum
1487 2331 1642 2401 Stephanus
1673 2338 1793 2388 stantem

143 2418 241 2474 sedere
264 2417 439 2487 conspicitur.
467 2416 571 2474 Sedere
594 2415 667 2472 enim
688 2415 862 2488 praesidentis
885 2422 936 2481 est,
993 2416 1059 2472 vidit
1077 2418 1150 2488 (Act.
1179 2433 1227 2484 vu,
1244 2420 1301 2487 55),
1330 2432 1413 2489 quem
1441 2417 1534 2473 hahuit
1556 2419 1730 2487 adjutorem:
1751 2419 1793 2476 sic

142 2506 241 2562 sedere
264 2503 429 2561 dominantis
453 2512 495 2561 est
518 2512 546 2560 et
566 2503 718 2577 regnantis.
742 2503 858 2559 Maxime
871 2519 938 2560 vero
992 2505 1126 2575 Propheta
1142 2505 1170 2560 in
1197 2506 1359 2577 adjutorium
1386 2522 1449 2561 eum
1472 2522 1586 2578 surgere
1613 2506 1789 2578 precabatur,

143 2593 244 2650 sedere
256 2608 340 2664 super
354 2591 463 2662 solium,
480 2590 695 2648 dominationem
708 2598 797 2658 notat;
813 2606 876 2646 nam
891 2606 938 2647 se·
990 2595 1126 2665 Excerpe,
1142 2593 1277 2666 inquiens,
1291 2595 1420 2659 Domine,
1429 2595 1532 2667 adjuro
1543 2610 1593 2652 reos
1607 2597 1694 2660 (Psoi.
1709 2611 1790 2668 xcru,

140 2682 207 2739 dere
226 2680 394 2754 simpliciter,
409 2680 556 2753 aliquando
569 2686 597 2735 et
609 2678 834 2737 humiliationem.
851 2680 937 2736 Caete·
989 2683 1047 2750 26).
1065 2682 1137 2735 Sane
1151 2681 1276 2751 angelica
1299 2681 1381 2736 statio
1406 2680 1569 2738 ministratio
1596 2690 1649 2750 est,
1679 2683 1789 2740 dicente

140 2786 211 2839 rum,
227 2776 257 2825 ut
269 2767 456 2842 prediximus,
480 2767 568 2841 quiin
589 2768 667 2824 Patre
689 2768 771 2824 cubat
793 2767 935 2838 delicians,
989 2762 1122 2841 propbeta
1138 2785 1144 2824 :
1159 2770 1646 2838 llillt‘unulliumrrrirristrchoutei,
1657 2775 1688 2829 et
1699 2773 1790 2830 decies

139 2875 202 2915 cum
223 2858 302 2914 Patre
325 2856 465 2930 imperans
486 2857 579 2924 sedet;
599 2857 638 2911 ibi
661 2872 779 2928 sponsus
801 2857 934 2925 amabilis,
990 2862 1110 2915 centena
1123 2859 1219 2914 uriltio
1233 2858 1401 2916 assistebant
1409 2859 1492 2930 (Dan.
1504 2873 1552 2927 vn,
1565 2860 1692 2931 tophum
1701 2858 1790 2915 homi-

139 2946 183 3004 bic
196 2946 322 3003 dominus
335 2945 516 3012 admirabilis3
530 2945 649 3018 denique
668 2944 804 3019 gloriosus
821 2947 894 3004 Deus
907 2947 935 3002 iu
990 2947 1033 3002 nis
1047 2945 1158 3019 quidem
1171 2954 1255 3016 stare,
1272 2946 1420 3017 persistere
1437 2954 1479 3003 est
1498 2946 1524 3002 in
1541 2945 1636 3020 vigore
1650 2946 1744 3015 animi,
1759 2957 1789 3004 et

139 3034 240 3092 sanctis
255 3035 321 3104 suis,
337 3034 471 3090 mirabilis
485 3034 512 3089 in
527 3035 670 3105 majestate
685 3049 742 3091 sua.
952 2998 1180 3092 cobservatione
1205 3035 1345 3107 propositi.
1371 3035 1418 3091 Sic
1441 3037 1549 3108 hloyses
1570 3035 1644 3092 stetit
1668 3035 1696 3091 in
1718 3050 1788 3093 con-

172 3126 199 3179 5.
222 3123 290 3189 Vidi,
307 3121 402 3195 inquit,
415 3122 721 3181 Dominamsedeatem
735 3137 819 3195 super
833 3123 936 3180 sotium
989 3123 1122 3181 fractione
1135 3124 1163 3179 in
1190 3132 1339 3195 conspectu
1367 3124 1485 3191 Domini,
1501 3131 1530 3180 ut
1556 3131 1694 3182 erederet
1716 3123 1787 3181 iram

138 3213 281 3270 accelerem
288 3215 316 3269 et
326 3211 475 3272 elevatum.
487 3214 515 3269 et
521 3211 609 3283 plena
618 3216 682 3267 erat
694 3215 936 3269 cmcrsterramo-
989 3214 1049 3284 ejus
1066 3231 1072 3270 :
1089 3213 1128 3269 sic
1142 3213 1216 3270 stetit
1231 3213 1358 3282 Phineas,
1374 3221 1401 3269 et
1425 3214 1541 3285 placavit
1566 3214 1654 3285 (Paul.
1676 3228 1723 3285 cv,
1738 3216 1785 3284 26,
1827 3242 1831 3247 ·

135 3299 319 3370 iestoteejus:
330 3302 357 3354 et
368 3299 702 3368 enqaoerabr‘psoercut,
714 3297 936 3369 rephbauttem·
989 3306 1045 3374 30).
1061 3303 1209 3375 Seraphim
1230 3303 1343 3361 statuat
1362 3319 1448 3374 super
1467 3303 1551 3360 iliad.
1567 3301 1639 3373 Quid
1649 3302 1701 3359 sihi
1715 3302 1784 3370 vult,

136 3389 225 3460 plum.
241 3383 395 3454 Quacum
418 3385 470 3439 sub
491 3382 551 3455 ipso
573 3382 669 3439 erant?
692 3384 822 3456 Nunquid
844 3385 934 3457 ipsum
988 3391 1061 3463 quod
1099 3406 1153 3446 non
1191 3406 1286 3458 unum,
1324 3389 1455 3460 plurimos
1492 3397 1597 3446 stantes
1628 3388 1728 3446 vidisse
1753 3405 1785 3447 se

137 3474 210 3546 quod
224 3473 330 3529 dixerat
353 3470 472 3529 solium?
493 3471 648 3538 Quamlibet
671 3471 811 3528 excelsum
834 3481 861 3530 et
876 3474 933 3529 ele·
987 3480 1112 3550 perhibet
1139 3479 1282 3549 propheta,
1310 3479 1358 3536 sed
1387 3477 1473 3534 duos?
1501 3479 1575 3535 Duos
1603 3477 1736 3552 siquidem
1757 3480 1785 3536 ei

134 3569 238 3630 vatum,
260 3562 313 3617 sub
334 3561 393 3633 ipso
418 3568 509 3616 umen
531 3559 707 3617 nihilominus
721 3570 787 3617 erat.
811 3562 840 3618 Si
857 3561 931 3619 enim
987 3568 1145 3640 apparuisse
1169 3575 1276 3624 constat
1299 3582 1332 3622 ex
1348 3582 1381 3623 eo
1406 3567 1478 3639 quod
1504 3575 1614 3623 secutus
1633 3567 1782 3637 adjunxit:

133 3651 192 3725 ipse
206 3665 290 3722 super
304 3650 402 3707 solium
417 3649 528 3720 sedens,
536 3648 634 3706 solium
649 3649 731 3721 plane
747 3651 798 3706 sub
815 3649 884 3723 ipso.
895 3652 931 3707 Et
987 3660 1041 3716 Sec
1051 3657 1105 3713 alte
1114 3657 1179 3723 oni,
1192 3656 1342 3713 etsecctoe
1352 3655 1493 3713 olterhllt
1509 3655 1580 3712 bene
1590 3655 1643 3712 duo
1654 3655 1781 3713 stabant:

133 3740 269 3814 quomodo
283 3739 349 3797 illud
359 3739 481 3810 replebat
490 3738 641 3811 templum?
650 3739 756 3796 Deinde
777 3740 885 3813 quaudo
904 3748 931 3796 et
991 3745 1033 3801 Vce
1047 3743 1121 3800 enim
1135 3744 1198 3812 soli,
1209 3745 1275 3816 quic
1287 3744 1312 3799 si
1322 3743 1462 3813 ceciderit,
1472 3759 1532 3799 coa
1541 3743 1621 3801 latet
1633 3744 1784 3802 subhone-

132 3829 192 3903 ipsa
206 3830 262 3900 jam
278 3836 353 3886 terra
366 3827 455 3886 omnis
468 3828 550 3900 plena
564 3829 759 3899 estmajestate
773 3831 848 3900 ejus;
865 3846 930 3902 quo
986 3839 1043 3892 tem
1058 3835 1159 3905 (lisele.
1176 3847 1214 3899 tv,
1232 3834 1286 3903 lo).
1305 3833 1351 3888 llae
1364 3831 1423 3901 tibi,
1440 3830 1576 3904 superbiae
1584 3830 1704 3904 spiritus,
1720 3831 1785 3890 soli·

131 3918 214 3975 modo
229 3917 363 3991 templum
376 3916 466 3974 adhuc
478 3917 521 3975 rel
536 3916 609 3974 unde
624 3917 764 3989 repleturi
782 3918 929 3978 Enimvero
987 3922 1087 3978 tudinis
1110 3930 1138 3978 et
1160 3921 1290 3978 solitariae
1326 3921 1546 3994 praesumptionis
1575 3930 1681 3979 amator
1699 3937 1705 3977 :
1724 3938 1782 3980 non

131 4007 209 4065 disce
227 4022 262 4064 ex
275 4006 319 4062 his
332 4021 394 4080 quae
407 4005 494 4076 audis,
510 4005 606 4063 solium
620 4022 676 4062 non
688 4006 843 4064 machinam
859 4008 928 4064 ima·
983 4010 1082 4067 stetisti
1095 4010 1123 4065 in
1137 4009 1265 4081 veritate3
1283 4009 1412 4083 expulsus
1426 4026 1470 4083 es;
1485 4025 1536 4083 pes
1556 4009 1692 4082 superbie
1707 4016 1783 4069 stare

130 4094 222 4171 ginari
236 4109 406 4168 corpoream,
422 4094 472 4152 sed
484 4093 635 4169 angelicam
649 4095 804 4171 intelligere
817 4108 927 4157 creatu·
982 4113 1037 4155 uon
1050 4097 1147 4171 potuit.
1159 4097 1238 4155 Solus
1247 4097 1343 4155 sedere
1353 4099 1458 4169 rolens,
1470 4096 1701 4172 tauquamlulgur
1712 4098 1784 4157 ceci·

129 4198 199 4242 ram.
214 4185 244 4245 si
259 4184 331 4242 enirn
345 4185 427 4242 sedes
440 4183 579 4258 sapienties
594 4191 637 4240 est
651 4185 740 4242 anima
752 4187 829 4258 justi,
846 4205 926 4261 quam
981 4186 1045 4242 disti
1054 4187 1092 4242 de
1106 4187 1185 4255 coelo,
1201 4201 1258 4243 non
1267 4186 1408 4244 habiturus
1422 4188 1567 4261 aliquando
1578 4185 1781 4245 sublevantem.
1809 4204 1814 4211 ·

129 4272 240 4349 dignior
252 4275 336 4332 sedes
345 4273 548 4348 angelisancti‘?
557 4273 615 4330 lloc
628 4274 708 4345 plane
719 4275 816 4332 solium
831 4275 926 4349 gloriae
1016 4278 1032 4330 t
1049 4277 1104 4333 Sca
1118 4275 1173 4332 alte
1187 4277 1252 4341 usti,
1268 4280 1296 4332 et
1310 4291 1361 4333 aaa
1375 4277 1430 4333 alre
1443 4278 1538 4335 atteri.
1557 4275 1599 4332 Ad
1609 4275 1674 4348 quid
1689 4275 1783 4332 multi·

129 4364 200 4437 ejus,
220 4364 360 4422 excelsum
374 4379 425 4437 per
437 4371 572 4435 naturam,
588 4363 639 4419 sed
661 4364 745 4421 multo
768 4365 856 4438 magis
875 4383 926 4440 per
981 4363 1086 4436 plicitas
1109 4365 1161 4420 ista
1184 4365 1358 4438 pennarum?
1381 4365 1503 4436 Dacica
1526 4364 1624 4438 inquit,
1651 4366 1782 4424 vetabant

128 4453 244 4530 patiam
265 4453 410 4512 elevatum.
434 4453 564 4511 Excelsos
588 4452 741 4511 animiscit
757 4469 807 4510 eos
830 4463 925 4512 nature
979 4461 1063 4529 caput
1076 4457 1149 4528 ejus,
1164 4460 1192 4513 et
1215 4457 1325 4515 tentas
1337 4456 1436 4530 pedem
1460 4461 1486 4512 et
1502 4455 1608 4513 dechar
1632 4454 1780 4512 volabunt.

128 4541 301 4614 madidonis,
322 4542 443 4601 elevatos
466 4543 554 4617 gratia
576 4542 796 4613 continuationis,
821 4543 924 4618 deque
978 4543 1090 4601 Grande
1103 4544 1263 4616 mysterium
1279 4552 1307 4601 et
1327 4543 1493 4617 pmlundum
1509 4544 1603 4617 utique
1617 4558 1779 4601 sacramen-

126 4630 244 4690 dicitur:
262 4632 342 4692 Verbo
352 4634 533 4692 Dominicoeli
541 4633 725 4703 denuntiarent
735 4633 923 4704 (Psclarxu,
979 4633 1050 4689 tuml
1067 4635 1191 4690 attentas
1203 4633 1232 4689 in
1246 4633 1322 4691 vobis
1341 4634 1401 4690 haec
1415 4633 1498 4690 verba
1514 4631 1671 4688 desiderant
1685 4646 1778 4704 aures,

127 4720 165 4793 6).
180 4722 220 4777 Ea
240 4720 323 4795 igitur
346 4721 456 4795 agmina
478 4719 649 4794 angelorum,
674 4720 702 4775 in
725 4721 824 4794 quibus
848 4721 925 4780 sedet
978 4722 1027 4780 sed
1041 4721 1126 4779 multo
1153 4721 1238 4798 magis
1260 4723 1391 4780 disertam
1415 4722 1443 4779 in
1467 4721 1549 4779 nobis
1576 4720 1698 4794 linguam
1717 4720 1778 4777 exi·

125 4809 209 4881 Deus,
224 4816 253 4867 et
265 4825 328 4884 quae
341 4811 392 4867 sub
405 4810 465 4883 ipso
480 4817 553 4880 sunt,
577 4808 709 4882 templum
730 4810 846 4882 replent,
861 4811 924 4868 licet
978 4818 1058 4887 gunt;
1073 4812 1244 4886 maximeque
1258 4812 1379 4869 animum
1402 4811 1579 4884 spiritualem.
1605 4809 1671 4866 Dico
1684 4816 1778 4865 autem

122 4898 181 4972 jem
194 4905 267 4956 terra
280 4898 370 4957 omnis
389 4899 474 4974 ipsius
488 4899 569 4972 plena
588 4899 623 4955 sit
643 4900 796 4970 majestate.
816 4899 924 4974 Ubique
977 4909 1114 4973 uuunque
1129 4901 1203 4974 quod
1217 4903 1316 4974 sentio,
1331 4918 1384 4960 uec
1398 4917 1463 4958 sane
1482 4899 1623 4956 aftlrmaus
1637 4898 1710 4963 dico,
1725 4898 1777 4955 sed

124 4985 199 5045 enim
211 4996 321 5063 regnat,
340 4989 442 5063 ubique
455 4988 581 5062 imperat,
596 4987 698 5060 ubique
707 4989 837 5058 majestas
850 4991 922 5062 ejus,
978 4993 1136 5062 conjectans
1163 4992 1364 5064 quodammodo
1387 5000 1415 5048 et
1443 4990 1568 5062 opinans.
1595 4986 1666 5059 Quid
1701 4986 1777 5045 enim

124 5075 175 5135 sed
188 5077 276 5150 gratia
290 5077 360 5137 torte
373 5095 429 5137 non
443 5079 489 5136 ite.
512 5078 584 5148 Non,
599 5076 721 5150 inquam,
736 5077 838 5151 ubique
852 5078 923 5138 sicut
976 5083 1111 5140 aestimare
1125 5090 1209 5151 vetat,
1234 5083 1342 5155 dejecto
1365 5080 1499 5148 lucifero,
1514 5078 1549 5135 ad
1569 5076 1713 5151 pervigiles
1731 5093 1778 5134 ex·

123 5174 255 5240 potestas,
271 5167 353 5228 sicet
373 5169 497 5228 rolucus
511 5168 573 5240 ejus
587 5167 669 5236 bona,
691 5173 720 5223 et
739 5167 922 5240 beneplacens
976 5171 1070 5230 cubias
1091 5172 1229 5245 seraphim
1255 5172 1434 5238 constitutos;
1456 5167 1527 5225 sicut
1544 5168 1633 5239 ejecto
1653 5165 1775 5232 homine,

123 5261 153 5313 et
173 5257 305 5327 perlecta.
316 5257 444 5331 Alioquin
464 5256 587 5331 quidest
611 5255 684 5329 quod
698 5255 814 5313 dicimus
830 5277 836 5313 :
854 5260 921 5318 Fiat
975 5267 1046 5318 teste
1059 5260 1206 5335 Scriptura,
1218 5260 1360 5318 cherubbn
1370 5256 1567 5315 adcustodiam
1575 5253 1668 5328 posuit
1680 5253 1774 5311 Deus?

101 5390 107 5395 .
122 5345 922 5421 commerueranttucetaettutmatttlattumpo.)
975 5349 1033 5407 Nec
1047 5349 1195 5423 incongrue
1210 5349 1322 5406 lorsitan
1338 5347 1479 5405 cherubim
1493 5347 1636 5402 llamrneus
1659 5342 1777 5400 traditur

71 5483 76 5491 .
123 5430 166 5490 rit
178 5434 252 5501 enim
266 5436 392 5495 voluntas
405 5436 466 5508 ejus
489 5433 524 5493 de
546 5434 682 5505 omnibus,
707 5433 737 5491 lit
749 5451 800 5509 per
813 5450 919 5508 omnes,
974 5437 1082 5512 gladius
1096 5440 1177 5512 (Gerr.
1201 5453 1242 5510 m,
1257 5438 1314 5510 il),
1338 5445 1367 5494 ut
1381 5454 1397 5494 a
1409 5437 1483 5510 ligno
1506 5433 1569 5495 rite
1582 5432 1679 5491 incisio
1696 5432 1774 5504 pari-

124 5536 181 5582 son
195 5523 360 5586 inomnibes
368 5524 512 5585 tamenln
524 5521 812 5598 electisspiritibusfit
824 5526 920 5585 volun-
974 5533 1064 5587 teret
1084 5526 1332 5600 berumodus
1353 5525 1421 5586 nihil
1437 5522 1514 5585 earm
1526 5521 1688 5599 ,tenibilim
1712 5535 1774 5579 ma·
