<?xml version="1.0" encoding="UTF-8"?>
<!DOCTYPE html PUBLIC "-//W3C//DTD XHTML 1.0 Transitional//EN"
    "http://www.w3.org/TR/xhtml1/DTD/xhtml1-transitional.dtd">
<html xmlns="http://www.w3.org/1999/xhtml" xml:lang="en" lang="en">
 <head>
  <title>
</title>
<meta http-equiv="Content-Type" content="text/html;charset=utf-8" />
  <meta name='ocr-system' content='tesseract 3.04.00' />
  <meta name='ocr-capabilities' content='ocr_page ocr_carea ocr_par ocr_line ocrx_word'/>
</head>
<body>
  <div class='ocr_page' id='page_1' title='image "./patrologiaecurs56unkngoog/patrologiaecurs56unkngoog_0591.png"; bbox 0 0 3734 5948; ppageno 0'>
   <div class='ocr_carea' id='block_1_1' title="bbox 173 198 1821 274">
    <p class='ocr_par' dir='ltr' id='par_1_1' title="bbox 173 198 1821 274">
     <span class='ocr_line' id='line_1_1' title="bbox 173 198 1821 274; baseline 0.004 -6"><span class='ocrx_word' id='word_1_1' title='bbox 173 206 239 270; x_wconf 90' lang='grc'>1171</span> <span class='ocrx_word' id='word_1_2' title='bbox 640 205 666 264; x_wconf 88' lang='lat' dir='ltr'><strong>S.</strong></span> <span class='ocrx_word' id='word_1_3' title='bbox 687 198 854 268; x_wconf 77' lang='lat' dir='ltr'><strong>nuntiati</strong></span> <span class='ocrx_word' id='word_1_4' title='bbox 869 207 1009 269; x_wconf 79' lang='lat' dir='ltr'><strong>antitis</strong></span> <span class='ocrx_word' id='word_1_5' title='bbox 1026 206 1342 272; x_wconf 64' lang='lat' dir='ltr'><strong>mttnvtttuhsts</strong></span> <span class='ocrx_word' id='word_1_6' title='bbox 1751 212 1821 274; x_wconf 79' lang='lat' dir='ltr'><strong>titt</strong></span> 
     </span>
    </p>
   </div>
   <div class='ocr_carea' id='block_1_2' title="bbox 169 328 1823 2003">
    <p class='ocr_par' dir='ltr' id='par_1_2' title="bbox 169 328 1823 2003">
     <span class='ocr_line' id='line_1_2' title="bbox 169 328 1821 432; baseline 0.002 -39"><span class='ocrx_word' id='word_1_7' title='bbox 169 343 271 394; x_wconf 81' lang='lat' dir='ltr'><strong>etentes</strong></span> <span class='ocrx_word' id='word_1_8' title='bbox 293 333 370 403; x_wconf 85' lang='lat' dir='ltr'><strong>sequi</strong></span> <span class='ocrx_word' id='word_1_9' title='bbox 392 333 560 404; x_wconf 88' lang='lat' dir='ltr'><strong>episcopum,</strong></span> <span class='ocrx_word' id='word_1_10' title='bbox 575 333 602 387; x_wconf 92' lang='lat' dir='ltr'><strong>in</strong></span> <span class='ocrx_word' id='word_1_11' title='bbox 625 349 680 405; x_wconf 91' lang='lat' dir='ltr'><strong>quo</strong></span> <span class='ocrx_word' id='word_1_12' title='bbox 696 334 756 406; x_wconf 91' lang='lat' dir='ltr'><strong>ipse</strong></span> <span class='ocrx_word' id='word_1_13' title='bbox 775 351 829 407; x_wconf 89' lang='lat' dir='ltr'><strong>quo</strong></span> <span class='ocrx_word' id='word_1_14' title='bbox 839 335 923 401; x_wconf 88' lang='lat' dir='ltr'><strong>stetit,</strong></span> <span class='ocrx_word' id='word_1_15' title='bbox 942 347 969 396; x_wconf 93' lang='grc' dir='ltr'><strong>ει</strong></span> <span class='ocrx_word' id='word_1_16' title='bbox 981 338 1084 432; x_wconf 46' lang='lat' dir='ltr'><strong>*quia</strong></span> <span class='ocrx_word' id='word_1_17' title='bbox 1098 339 1139 394; x_wconf 88' lang='lat' dir='ltr'><strong>vel</strong></span> <span class='ocrx_word' id='word_1_18' title='bbox 1154 347 1216 394; x_wconf 91' lang='lat' dir='ltr'><strong>tuuc</strong></span> <span class='ocrx_word' id='word_1_19' title='bbox 1231 338 1267 393; x_wconf 90' lang='lat' dir='ltr'><strong>sit</strong></span> <span class='ocrx_word' id='word_1_20' title='bbox 1281 328 1415 403; x_wconf 82' lang='lat' dir='ltr'><strong>bocesse,</strong></span> <span class='ocrx_word' id='word_1_21' title='bbox 1431 339 1503 410; x_wconf 91' lang='lat' dir='ltr'><strong>quod</strong></span> <span class='ocrx_word' id='word_1_22' title='bbox 1515 339 1624 394; x_wconf 87' lang='lat' dir='ltr'><strong>beatum</strong></span> <span class='ocrx_word' id='word_1_23' title='bbox 1634 353 1695 395; x_wconf 89' lang='lat' dir='ltr'><strong>esse</strong></span> <span class='ocrx_word' id='word_1_24' title='bbox 1717 338 1757 395; x_wconf 87' lang='lat' dir='ltr'><strong>iili</strong></span> <span class='ocrx_word' id='word_1_25' title='bbox 1773 344 1821 414; x_wconf 92' lang='lat' dir='ltr'><strong>qui</strong></span> 
     </span>
     <span class='ocr_line' id='line_1_3' title="bbox 170 420 1821 497; baseline 0 -15"><span class='ocrx_word' id='word_1_26' title='bbox 170 425 271 482; x_wconf 86' lang='lat' dir='ltr'><strong>erroris</strong></span> <span class='ocrx_word' id='word_1_27' title='bbox 284 438 364 495; x_wconf 86' lang='lat' dir='ltr'><strong>quam</strong></span> <span class='ocrx_word' id='word_1_28' title='bbox 379 420 557 477; x_wconf 78' lang='lat' dir='ltr'><strong>correctionis</strong></span> <span class='ocrx_word' id='word_1_29' title='bbox 579 423 737 495; x_wconf 88' lang='lat' dir='ltr'><strong>magistrum</strong></span> <span class='ocrx_word' id='word_1_30' title='bbox 753 425 853 480; x_wconf 90' lang='lat' dir='ltr'><strong>hahere&#39;</strong></span> <span class='ocrx_word' id='word_1_31' title='bbox 868 427 970 481; x_wconf 88' lang='lat' dir='ltr'><strong>maten·</strong></span> <span class='ocrx_word' id='word_1_32' title='bbox 1022 441 1055 482; x_wconf 91' lang='lat' dir='ltr'><strong>eo</strong></span> <span class='ocrx_word' id='word_1_33' title='bbox 1070 427 1243 497; x_wconf 63' lang='lat' dir='ltr'><strong>pervenerit:</strong></span> <span class='ocrx_word' id='word_1_34' title='bbox 1256 433 1385 497; x_wconf 87' lang='lat' dir='ltr'><strong>quatenus</strong></span> <span class='ocrx_word' id='word_1_35' title='bbox 1400 426 1439 480; x_wconf 92' lang='lat' dir='ltr'><strong>ita</strong></span> <span class='ocrx_word' id='word_1_36' title='bbox 1457 425 1590 497; x_wconf 73' lang='lat' dir='ltr'><strong>glorietur</strong></span> <span class='ocrx_word' id='word_1_37' title='bbox 1604 441 1653 496; x_wconf 92' lang='lat' dir='ltr'><strong>pro</strong></span> <span class='ocrx_word' id='word_1_38' title='bbox 1682 426 1821 484; x_wconf 89' lang='lat' dir='ltr'><strong>simulitu-</strong></span> 
     </span>
     <span class='ocr_line' id='line_1_4' title="bbox 172 508 1820 587; baseline 0 -16"><span class='ocrx_word' id='word_1_39' title='bbox 172 525 222 572; x_wconf 89' lang='lat' dir='ltr'><strong>tes.</strong></span> <span class='ocrx_word' id='word_1_40' title='bbox 237 513 298 569; x_wconf 91' lang='lat' dir='ltr'><strong>Non</strong></span> <span class='ocrx_word' id='word_1_41' title='bbox 310 508 398 566; x_wconf 90' lang='lat' dir='ltr'><strong>solum</strong></span> <span class='ocrx_word' id='word_1_42' title='bbox 412 517 503 565; x_wconf 89' lang='lat' dir='ltr'><strong>autem</strong></span> <span class='ocrx_word' id='word_1_43' title='bbox 518 510 565 565; x_wconf 88' lang='lat' dir='ltr'><strong>sed</strong></span> <span class='ocrx_word' id='word_1_44' title='bbox 579 518 604 566; x_wconf 91' lang='lat' dir='ltr'><strong>et</strong></span> <span class='ocrx_word' id='word_1_45' title='bbox 628 519 736 582; x_wconf 91' lang='lat' dir='ltr'><strong>propter</strong></span> <span class='ocrx_word' id='word_1_46' title='bbox 750 528 809 580; x_wconf 81' lang='lat' dir='ltr'><strong>vos,</strong></span> <span class='ocrx_word' id='word_1_47' title='bbox 824 515 970 570; x_wconf 79' lang='lat' dir='ltr'><strong>occasione</strong></span> <span class='ocrx_word' id='word_1_48' title='bbox 1022 514 1096 585; x_wconf 91' lang='lat' dir='ltr'><strong>dine,</strong></span> <span class='ocrx_word' id='word_1_49' title='bbox 1116 521 1146 569; x_wconf 94' lang='lat' dir='ltr'><strong>ut</strong></span> <span class='ocrx_word' id='word_1_50' title='bbox 1156 523 1244 571; x_wconf 83' lang='lat' dir='ltr'><strong>temen</strong></span> <span class='ocrx_word' id='word_1_51' title='bbox 1259 529 1308 584; x_wconf 89' lang='lat' dir='ltr'><strong>pro</strong></span> <span class='ocrx_word' id='word_1_52' title='bbox 1321 513 1478 585; x_wconf 77' lang='lat' dir='ltr'><strong>disparitate</strong></span> <span class='ocrx_word' id='word_1_53' title='bbox 1493 514 1590 569; x_wconf 86' lang='lat' dir='ltr'><strong>babeat</strong></span> <span class='ocrx_word' id='word_1_54' title='bbox 1612 529 1731 587; x_wconf 85' lang='lat' dir='ltr'><strong>semper,</strong></span> <span class='ocrx_word' id='word_1_55' title='bbox 1746 517 1820 571; x_wconf 92' lang='lat' dir='ltr'><strong>uude</strong></span> 
     </span>
     <span class='ocr_line' id='line_1_5' title="bbox 171 598 1821 676; baseline 0.002 -21"><span class='ocrx_word' id='word_1_56' title='bbox 171 605 283 671; x_wconf 84' lang='lat' dir='ltr'><strong>accepta</strong></span> <span class='ocrx_word' id='word_1_57' title='bbox 309 601 341 653; x_wconf 91' lang='lat' dir='ltr'><strong>de</strong></span> <span class='ocrx_word' id='word_1_58' title='bbox 356 598 510 656; x_wconf 75' lang='lat' dir='ltr'><strong>differentia</strong></span> <span class='ocrx_word' id='word_1_59' title='bbox 528 599 654 672; x_wconf 82' lang='lat' dir='ltr'><strong>imaginis</strong></span> <span class='ocrx_word' id='word_1_60' title='bbox 683 603 829 671; x_wconf 84' lang='lat' dir='ltr'><strong>etanimae,</strong></span> <span class='ocrx_word' id='word_1_61' title='bbox 861 600 970 674; x_wconf 84' lang='lat' dir='ltr'><strong>quaeed</strong></span> <span class='ocrx_word' id='word_1_62' title='bbox 1023 606 1189 660; x_wconf 77' lang='lat' dir='ltr'><strong>omniaossa</strong></span> <span class='ocrx_word' id='word_1_63' title='bbox 1208 604 1270 673; x_wconf 83' lang='lat' dir='ltr'><strong>ejus</strong></span> <span class='ocrx_word' id='word_1_64' title='bbox 1288 602 1730 676; x_wconf 79' lang='lat' dir='ltr'><strong>dieentzllomiee,qttt&#39;aaimilis</strong></span> <span class='ocrx_word' id='word_1_65' title='bbox 1741 604 1821 660; x_wconf 71' lang='lat' dir='ltr'><strong>uti?</strong></span> 
     </span>
     <span class='ocr_line' id='line_1_6' title="bbox 171 687 1820 764; baseline 0.001 -17"><span class='ocrx_word' id='word_1_66' title='bbox 171 689 318 762; x_wconf 72' lang='lat' dir='ltr'><strong>imaginem</strong></span> <span class='ocrx_word' id='word_1_67' title='bbox 333 687 406 743; x_wconf 84' lang='lat' dir='ltr'><strong>facta</strong></span> <span class='ocrx_word' id='word_1_68' title='bbox 433 697 483 758; x_wconf 91' lang='lat' dir='ltr'><strong>est,</strong></span> <span class='ocrx_word' id='word_1_69' title='bbox 500 704 589 760; x_wconf 79' lang='lat' dir='ltr'><strong>operae</strong></span> <span class='ocrx_word' id='word_1_70' title='bbox 618 689 733 759; x_wconf 88' lang='lat' dir='ltr'><strong>pretium</strong></span> <span class='ocrx_word' id='word_1_71' title='bbox 758 690 860 747; x_wconf 87' lang='lat' dir='ltr'><strong>credidi</strong></span> <span class='ocrx_word' id='word_1_72' title='bbox 875 707 971 748; x_wconf 81' lang='lat' dir='ltr'><strong>excur-</strong></span> <span class='ocrx_word' id='word_1_73' title='bbox 1023 690 1110 761; x_wconf 85' lang='lat' dir='ltr'><strong>(Psoi.</strong></span> <span class='ocrx_word' id='word_1_74' title='bbox 1131 706 1220 758; x_wconf 79' lang='lat' dir='ltr'><strong>xxxiv,</strong></span> <span class='ocrx_word' id='word_1_75' title='bbox 1237 689 1294 762; x_wconf 86' lang='grc' dir='ltr'>1ο.)</span> <span class='ocrx_word' id='word_1_76' title='bbox 1321 690 1412 746; x_wconf 81' lang='lat' dir='ltr'><strong>bouus</strong></span> <span class='ocrx_word' id='word_1_77' title='bbox 1436 699 1525 747; x_wconf 90' lang='lat' dir='ltr'><strong>tamen</strong></span> <span class='ocrx_word' id='word_1_78' title='bbox 1544 691 1770 764; x_wconf 82' lang='lat' dir='ltr'><strong>enimaegradue,</strong></span> <span class='ocrx_word' id='word_1_79' title='bbox 1786 707 1820 749; x_wconf 85' lang='lat' dir='ltr'><strong>ex</strong></span> 
     </span>
     <span class='ocr_line' id='line_1_7' title="bbox 171 776 1650 853; baseline 0 -18"><span class='ocrx_word' id='word_1_80' title='bbox 171 795 233 835; x_wconf 88' lang='lat' dir='ltr'><strong>sum</strong></span> <span class='ocrx_word' id='word_1_81' title='bbox 249 777 321 834; x_wconf 90' lang='lat' dir='ltr'><strong>hune</strong></span> <span class='ocrx_word' id='word_1_82' title='bbox 335 776 421 834; x_wconf 85' lang='lat' dir='ltr'><strong>lacere</strong></span> <span class='ocrx_word' id='word_1_83' title='bbox 436 795 442 830; x_wconf 90' lang='lat'>:</span> <span class='ocrx_word' id='word_1_84' title='bbox 459 789 489 834; x_wconf 90' lang='lat' dir='ltr'><strong>ut</strong></span> <span class='ocrx_word' id='word_1_85' title='bbox 503 777 526 831; x_wconf 91' lang='lat' dir='ltr'><strong>si</strong></span> <span class='ocrx_word' id='word_1_86' title='bbox 549 778 594 850; x_wconf 93' lang='lat' dir='ltr'><strong>qui</strong></span> <span class='ocrx_word' id='word_1_87' title='bbox 611 777 680 834; x_wconf 84' lang='lat' dir='ltr'><strong>torte</strong></span> <span class='ocrx_word' id='word_1_88' title='bbox 695 794 726 834; x_wconf 89' lang='grc' dir='ltr'><strong>ει</strong></span> <span class='ocrx_word' id='word_1_89' title='bbox 751 779 830 853; x_wconf 91' lang='lat' dir='ltr'><strong>aquis</strong></span> <span class='ocrx_word' id='word_1_90' title='bbox 854 779 971 849; x_wconf 80' lang='lat' dir='ltr'><strong>furtivis,</strong></span> <span class='ocrx_word' id='word_1_91' title='bbox 1023 795 1085 853; x_wconf 87' lang='lat' dir='ltr'><strong>quo,</strong></span> <span class='ocrx_word' id='word_1_92' title='bbox 1098 788 1125 835; x_wconf 89' lang='lat' dir='ltr'><strong>et</strong></span> <span class='ocrx_word' id='word_1_93' title='bbox 1138 783 1206 844; x_wconf 91' lang='lat' dir='ltr'><strong>solo,</strong></span> <span class='ocrx_word' id='word_1_94' title='bbox 1223 779 1257 836; x_wconf 91' lang='lat' dir='ltr'><strong>ad</strong></span> <span class='ocrx_word' id='word_1_95' title='bbox 1267 779 1371 835; x_wconf 87' lang='lat' dir='ltr'><strong>beatam</strong></span> <span class='ocrx_word' id='word_1_96' title='bbox 1385 778 1543 836; x_wconf 68' lang='lat' dir='ltr'><strong>ascenditur</strong></span> <span class='ocrx_word' id='word_1_97' title='bbox 1556 780 1650 836; x_wconf 70' lang='lat' dir='ltr'><strong>vitant</strong></span> 
     </span>
     <span class='ocr_line' id='line_1_8' title="bbox 171 865 1820 942; baseline 0.003 -19"><span class='ocrx_word' id='word_1_98' title='bbox 171 882 232 941; x_wconf 83' lang='lat' dir='ltr'><strong>quac</strong></span> <span class='ocrx_word' id='word_1_99' title='bbox 260 865 396 923; x_wconf 83' lang='lat' dir='ltr'><strong>dulciores</strong></span> <span class='ocrx_word' id='word_1_100' title='bbox 410 865 543 922; x_wconf 89' lang='lat' dir='ltr'><strong>videntur.</strong></span> <span class='ocrx_word' id='word_1_101' title='bbox 559 868 650 935; x_wconf 81' lang='lat' dir='ltr'><strong>(Prot.</strong></span> <span class='ocrx_word' id='word_1_102' title='bbox 665 882 706 933; x_wconf 80' lang='lat' dir='ltr'><strong>rs,</strong></span> <span class='ocrx_word' id='word_1_103' title='bbox 732 867 793 938; x_wconf 77' lang='lat' dir='ltr'><strong>tt),</strong></span> <span class='ocrx_word' id='word_1_104' title='bbox 823 868 970 941; x_wconf 87' lang='lat' dir='ltr'><strong>aliquando</strong></span> <span class='ocrx_word' id='word_1_105' title='bbox 1059 873 1085 924; x_wconf 78' lang='grc'><strong>3.</strong></span> <span class='ocrx_word' id='word_1_106' title='bbox 1103 869 1171 925; x_wconf 88' lang='lat' dir='ltr'><strong>Sunt</strong></span> <span class='ocrx_word' id='word_1_107' title='bbox 1189 884 1305 940; x_wconf 89' lang='lat' dir='ltr'><strong>namque</strong></span> <span class='ocrx_word' id='word_1_108' title='bbox 1332 868 1459 939; x_wconf 77' lang='lat' dir='ltr'><strong>virentia,</strong></span> <span class='ocrx_word' id='word_1_109' title='bbox 1477 869 1615 924; x_wconf 89' lang='lat' dir='ltr'><strong>ethorum</strong></span> <span class='ocrx_word' id='word_1_110' title='bbox 1635 883 1739 942; x_wconf 85' lang='lat' dir='ltr'><strong>genere</strong></span> <span class='ocrx_word' id='word_1_111' title='bbox 1752 871 1820 941; x_wconf 89' lang='lat' dir='ltr'><strong>duo,</strong></span> 
     </span>
     <span class='ocr_line' id='line_1_9' title="bbox 171 953 1822 1031; baseline 0.001 -19"><span class='ocrx_word' id='word_1_112' title='bbox 171 953 271 1026; x_wconf 84' lang='lat' dir='ltr'><strong>aliquid</strong></span> <span class='ocrx_word' id='word_1_113' title='bbox 296 953 422 1020; x_wconf 83' lang='lat' dir='ltr'><strong>biberint,</strong></span> <span class='ocrx_word' id='word_1_114' title='bbox 438 961 547 1026; x_wconf 90' lang='lat' dir='ltr'><strong>sumpto</strong></span> <span class='ocrx_word' id='word_1_115' title='bbox 566 955 696 1024; x_wconf 86' lang='lat' dir='ltr'><strong>antidoto,</strong></span> <span class='ocrx_word' id='word_1_116' title='bbox 713 968 837 1012; x_wconf 89' lang='lat' dir='ltr'><strong>evomant</strong></span> <span class='ocrx_word' id='word_1_117' title='bbox 850 957 927 1024; x_wconf 90' lang='lat' dir='ltr'><strong>iliud,</strong></span> <span class='ocrx_word' id='word_1_118' title='bbox 944 967 971 1016; x_wconf 91' lang='grc' dir='ltr'><strong>ει</strong></span> <span class='ocrx_word' id='word_1_119' title='bbox 1023 974 1084 1031; x_wconf 83' lang='lat' dir='ltr'><strong>quae</strong></span> <span class='ocrx_word' id='word_1_120' title='bbox 1098 957 1227 1026; x_wconf 89' lang='lat' dir='ltr'><strong>sentiunt,</strong></span> <span class='ocrx_word' id='word_1_121' title='bbox 1243 964 1271 1015; x_wconf 92' lang='lat' dir='ltr'><strong>et</strong></span> <span class='ocrx_word' id='word_1_122' title='bbox 1285 973 1346 1030; x_wconf 81' lang='lat' dir='ltr'><strong>quae</strong></span> <span class='ocrx_word' id='word_1_123' title='bbox 1359 971 1415 1013; x_wconf 91' lang='lat' dir='ltr'><strong>nou</strong></span> <span class='ocrx_word' id='word_1_124' title='bbox 1440 957 1568 1015; x_wconf 86' lang='lat' dir='ltr'><strong>sentiunt.</strong></span> <span class='ocrx_word' id='word_1_125' title='bbox 1589 957 1675 1014; x_wconf 87' lang='lat' dir='ltr'><strong>Porro</strong></span> <span class='ocrx_word' id='word_1_126' title='bbox 1703 961 1822 1016; x_wconf 85' lang='lat' dir='ltr'><strong>insensi-</strong></span> 
     </span>
     <span class='ocr_line' id='line_1_10' title="bbox 171 1043 1819 1120; baseline 0.002 -21"><span class='ocrx_word' id='word_1_127' title='bbox 171 1051 289 1120; x_wconf 89' lang='lat' dir='ltr'><strong>purgato</strong></span> <span class='ocrx_word' id='word_1_128' title='bbox 317 1043 417 1099; x_wconf 90' lang='lat' dir='ltr'><strong>mentis</strong></span> <span class='ocrx_word' id='word_1_129' title='bbox 444 1044 597 1111; x_wconf 83' lang='lat' dir='ltr'><strong>stomacho,</strong></span> <span class='ocrx_word' id='word_1_130' title='bbox 629 1045 661 1099; x_wconf 94' lang='lat' dir='ltr'><strong>ad</strong></span> <span class='ocrx_word' id='word_1_131' title='bbox 684 1044 711 1099; x_wconf 93' lang='lat' dir='ltr'><strong>id</strong></span> <span class='ocrx_word' id='word_1_132' title='bbox 725 1045 797 1118; x_wconf 90' lang='lat' dir='ltr'><strong>quod</strong></span> <span class='ocrx_word' id='word_1_133' title='bbox 821 1048 970 1103; x_wconf 88' lang='lat' dir='ltr'><strong>secuudum</strong></span> <span class='ocrx_word' id='word_1_134' title='bbox 1023 1046 1122 1101; x_wconf 89' lang='lat' dir='ltr'><strong>bilibus</strong></span> <span class='ocrx_word' id='word_1_135' title='bbox 1131 1045 1269 1101; x_wconf 84' lang='lat' dir='ltr'><strong>sensibilia</strong></span> <span class='ocrx_word' id='word_1_136' title='bbox 1279 1045 1476 1118; x_wconf 77' lang='lat' dir='ltr'><strong>preferuntur,</strong></span> <span class='ocrx_word' id='word_1_137' title='bbox 1490 1053 1573 1118; x_wconf 88' lang='lat' dir='ltr'><strong>atque</strong></span> <span class='ocrx_word' id='word_1_138' title='bbox 1604 1045 1735 1118; x_wconf 89' lang='lat' dir='ltr'><strong>utrisque</strong></span> <span class='ocrx_word' id='word_1_139' title='bbox 1754 1047 1819 1118; x_wconf 84' lang='lat' dir='ltr'><strong>rita,</strong></span> 
     </span>
     <span class='ocr_line' id='line_1_11' title="bbox 172 1131 1820 1208; baseline 0.002 -20"><span class='ocrx_word' id='word_1_140' title='bbox 172 1131 383 1205; x_wconf 81' lang='lat' dir='ltr'><strong>promissionem</strong></span> <span class='ocrx_word' id='word_1_141' title='bbox 395 1141 516 1188; x_wconf 88' lang='lat' dir='ltr'><strong>nostram</strong></span> <span class='ocrx_word' id='word_1_142' title='bbox 530 1132 670 1189; x_wconf 82' lang='lat' dir='ltr'><strong>dicendum</strong></span> <span class='ocrx_word' id='word_1_143' title='bbox 686 1133 720 1189; x_wconf 93' lang='lat' dir='ltr'><strong>de</strong></span> <span class='ocrx_word' id='word_1_144' title='bbox 730 1133 906 1190; x_wconf 90' lang='lat' dir='ltr'><strong>similitudine</strong></span> <span class='ocrx_word' id='word_1_145' title='bbox 919 1151 969 1191; x_wconf 90' lang='lat' dir='ltr'><strong>su·</strong></span> <span class='ocrx_word' id='word_1_146' title='bbox 1024 1150 1078 1208; x_wconf 87' lang='lat' dir='ltr'><strong>qua</strong></span> <span class='ocrx_word' id='word_1_147' title='bbox 1091 1133 1188 1191; x_wconf 85' lang='lat' dir='ltr'><strong>vivitur</strong></span> <span class='ocrx_word' id='word_1_148' title='bbox 1215 1142 1241 1188; x_wconf 90' lang='grc' dir='ltr'><strong>ει</strong></span> <span class='ocrx_word' id='word_1_149' title='bbox 1251 1133 1374 1188; x_wconf 88' lang='lat' dir='ltr'><strong>sentitur.</strong></span> <span class='ocrx_word' id='word_1_150' title='bbox 1383 1133 1445 1189; x_wconf 90' lang='lat' dir='ltr'><strong>Non</strong></span> <span class='ocrx_word' id='word_1_151' title='bbox 1456 1133 1565 1189; x_wconf 85' lang='lat' dir='ltr'><strong>stabunt</strong></span> <span class='ocrx_word' id='word_1_152' title='bbox 1579 1133 1675 1204; x_wconf 86' lang='lat' dir='ltr'><strong>pariter</strong></span> <span class='ocrx_word' id='word_1_153' title='bbox 1690 1134 1719 1190; x_wconf 92' lang='lat' dir='ltr'><strong>in</strong></span> <span class='ocrx_word' id='word_1_154' title='bbox 1735 1137 1820 1208; x_wconf 79' lang='lat' dir='ltr'><strong>gradu</strong></span> 
     </span>
     <span class='ocr_line' id='line_1_12' title="bbox 172 1220 1822 1296; baseline 0.002 -19"><span class='ocrx_word' id='word_1_155' title='bbox 172 1231 265 1294; x_wconf 85' lang='lat' dir='ltr'><strong>peresi</strong></span> <span class='ocrx_word' id='word_1_156' title='bbox 295 1221 461 1287; x_wconf 85' lang='lat' dir='ltr'><strong>accedentes,</strong></span> <span class='ocrx_word' id='word_1_157' title='bbox 492 1220 601 1290; x_wconf 87' lang='lat' dir='ltr'><strong>puriora</strong></span> <span class='ocrx_word' id='word_1_158' title='bbox 626 1222 684 1290; x_wconf 89' lang='lat' dir='ltr'><strong>jam</strong></span> <span class='ocrx_word' id='word_1_159' title='bbox 707 1220 734 1277; x_wconf 92' lang='lat' dir='ltr'><strong>iu</strong></span> <span class='ocrx_word' id='word_1_160' title='bbox 750 1224 848 1296; x_wconf 84' lang='lat' dir='ltr'><strong>gaudio</strong></span> <span class='ocrx_word' id='word_1_161' title='bbox 864 1239 918 1279; x_wconf 93' lang='lat' dir='ltr'><strong>non</strong></span> <span class='ocrx_word' id='word_1_162' title='bbox 937 1225 970 1280; x_wconf 90' lang='lat' dir='ltr'><strong>de</strong></span> <span class='ocrx_word' id='word_1_163' title='bbox 1023 1221 1313 1286; x_wconf 79' lang='lat' dir='ltr'><strong>uuoritaetvivens3</strong></span> <span class='ocrx_word' id='word_1_164' title='bbox 1329 1221 1415 1277; x_wconf 91' lang='lat' dir='ltr'><strong>multo</strong></span> <span class='ocrx_word' id='word_1_165' title='bbox 1438 1220 1608 1291; x_wconf 86' lang='lat' dir='ltr'><strong>minusvita,</strong></span> <span class='ocrx_word' id='word_1_166' title='bbox 1625 1232 1652 1277; x_wconf 89' lang='lat' dir='ltr'><strong>et</strong></span> <span class='ocrx_word' id='word_1_167' title='bbox 1679 1233 1822 1295; x_wconf 79' lang='lat' dir='ltr'><strong>quaesunt</strong></span> 
     </span>
     <span class='ocr_line' id='line_1_13' title="bbox 177 1309 1821 1384; baseline 0.001 -17"><span class='ocrx_word' id='word_1_168' title='bbox 177 1312 279 1368; x_wconf 91' lang='lat' dir='ltr'><strong>nostris</strong></span> <span class='ocrx_word' id='word_1_169' title='bbox 294 1310 428 1375; x_wconf 82' lang='lat' dir='ltr'><strong>hauriant,</strong></span> <span class='ocrx_word' id='word_1_170' title='bbox 446 1311 493 1365; x_wconf 87' lang='lat' dir='ltr'><strong>sed</strong></span> <span class='ocrx_word' id='word_1_171' title='bbox 510 1311 679 1367; x_wconf 89' lang='lat' dir='ltr'><strong>delentibus</strong></span> <span class='ocrx_word' id='word_1_172' title='bbox 701 1311 860 1384; x_wconf 89' lang='lat' dir='ltr'><strong>Salvatoris,</strong></span> <span class='ocrx_word' id='word_1_173' title='bbox 877 1314 970 1383; x_wconf 88' lang='lat' dir='ltr'><strong>sponsi</strong></span> <span class='ocrx_word' id='word_1_174' title='bbox 1023 1310 1082 1366; x_wconf 90' lang='lat' dir='ltr'><strong>siue</strong></span> <span class='ocrx_word' id='word_1_175' title='bbox 1097 1309 1159 1368; x_wconf 88' lang='lat' dir='ltr'><strong>vita.</strong></span> <span class='ocrx_word' id='word_1_176' title='bbox 1176 1309 1237 1365; x_wconf 83' lang='lat' dir='ltr'><strong>Vita</strong></span> <span class='ocrx_word' id='word_1_177' title='bbox 1261 1311 1351 1365; x_wconf 89' lang='lat' dir='ltr'><strong>anima</strong></span> <span class='ocrx_word' id='word_1_178' title='bbox 1366 1316 1407 1366; x_wconf 90' lang='lat' dir='ltr'><strong>est</strong></span> <span class='ocrx_word' id='word_1_179' title='bbox 1431 1310 1525 1367; x_wconf 78' lang='lat' dir='ltr'><strong>vivens</strong></span> <span class='ocrx_word' id='word_1_180' title='bbox 1544 1309 1667 1382; x_wconf 89' lang='lat' dir='ltr'><strong>quidem,</strong></span> <span class='ocrx_word' id='word_1_181' title='bbox 1692 1312 1743 1368; x_wconf 89' lang='lat' dir='ltr'><strong>sed</strong></span> <span class='ocrx_word' id='word_1_182' title='bbox 1768 1327 1821 1368; x_wconf 91' lang='lat' dir='ltr'><strong>non</strong></span> 
     </span>
     <span class='ocr_line' id='line_1_14' title="bbox 173 1398 1820 1474; baseline 0.001 -17"><span class='ocrx_word' id='word_1_183' title='bbox 173 1400 301 1457; x_wconf 80' lang='lat' dir='ltr'><strong>Ecclesiae</strong></span> <span class='ocrx_word' id='word_1_184' title='bbox 319 1402 385 1456; x_wconf 86' lang='lat' dir='ltr'><strong>lesu</strong></span> <span class='ocrx_word' id='word_1_185' title='bbox 409 1398 506 1456; x_wconf 81' lang='lat' dir='ltr'><strong>Christi</strong></span> <span class='ocrx_word' id='word_1_186' title='bbox 529 1398 638 1454; x_wconf 88' lang='lat' dir='ltr'><strong>Domini</strong></span> <span class='ocrx_word' id='word_1_187' title='bbox 658 1399 755 1466; x_wconf 84' lang='lat' dir='ltr'><strong>nostri,</strong></span> <span class='ocrx_word' id='word_1_188' title='bbox 771 1400 817 1471; x_wconf 89' lang='lat' dir='ltr'><strong>qui</strong></span> <span class='ocrx_word' id='word_1_189' title='bbox 831 1411 874 1457; x_wconf 92' lang='grc' dir='ltr'><strong>εει</strong></span> <span class='ocrx_word' id='word_1_190' title='bbox 888 1419 970 1474; x_wconf 91' lang='lat' dir='ltr'><strong>super</strong></span> <span class='ocrx_word' id='word_1_191' title='bbox 1022 1400 1130 1457; x_wconf 86' lang='lat' dir='ltr'><strong>aliunde</strong></span> <span class='ocrx_word' id='word_1_192' title='bbox 1147 1414 1228 1473; x_wconf 88' lang='lat' dir='ltr'><strong>quem</strong></span> <span class='ocrx_word' id='word_1_193' title='bbox 1241 1415 1272 1456; x_wconf 91' lang='lat' dir='ltr'><strong>se</strong></span> <span class='ocrx_word' id='word_1_194' title='bbox 1289 1399 1363 1469; x_wconf 86' lang='lat' dir='ltr'><strong>ipsa;</strong></span> <span class='ocrx_word' id='word_1_195' title='bbox 1378 1414 1412 1455; x_wconf 89' lang='lat' dir='ltr'><strong>ac</strong></span> <span class='ocrx_word' id='word_1_196' title='bbox 1439 1413 1488 1470; x_wconf 88' lang='lat' dir='ltr'><strong>per</strong></span> <span class='ocrx_word' id='word_1_197' title='bbox 1502 1400 1553 1455; x_wconf 86' lang='lat' dir='ltr'><strong>boe</strong></span> <span class='ocrx_word' id='word_1_198' title='bbox 1568 1413 1622 1455; x_wconf 92' lang='lat' dir='ltr'><strong>non</strong></span> <span class='ocrx_word' id='word_1_199' title='bbox 1637 1406 1693 1456; x_wconf 85' lang='lat' dir='ltr'><strong>tam</strong></span> <span class='ocrx_word' id='word_1_200' title='bbox 1715 1402 1820 1467; x_wconf 82' lang='lat' dir='ltr'><strong>virens,</strong></span> 
     </span>
     <span class='ocr_line' id='line_1_15' title="bbox 173 1487 1822 1562; baseline 0 -17"><span class='ocrx_word' id='word_1_201' title='bbox 173 1489 347 1545; x_wconf 89' lang='lat' dir='ltr'><strong>omniaDeus</strong></span> <span class='ocrx_word' id='word_1_202' title='bbox 369 1487 530 1544; x_wconf 89' lang='lat' dir='ltr'><strong>benedictus</strong></span> <span class='ocrx_word' id='word_1_203' title='bbox 544 1487 570 1541; x_wconf 92' lang='lat' dir='ltr'><strong>in</strong></span> <span class='ocrx_word' id='word_1_204' title='bbox 587 1488 695 1544; x_wconf 87' lang='lat' dir='ltr'><strong>saccula.</strong></span> <span class='ocrx_word' id='word_1_205' title='bbox 710 1488 807 1543; x_wconf 79' lang='lat' dir='ltr'><strong>limen.</strong></span> <span class='ocrx_word' id='word_1_206' title='bbox 1023 1503 1104 1562; x_wconf 83' lang='lat' dir='ltr'><strong>quam</strong></span> <span class='ocrx_word' id='word_1_207' title='bbox 1128 1488 1194 1558; x_wconf 82' lang='lat' dir='ltr'><strong>sita,</strong></span> <span class='ocrx_word' id='word_1_208' title='bbox 1222 1495 1251 1542; x_wconf 91' lang='lat' dir='ltr'><strong>ut</strong></span> <span class='ocrx_word' id='word_1_209' title='bbox 1267 1487 1377 1559; x_wconf 88' lang='lat' dir='ltr'><strong>proprie</strong></span> <span class='ocrx_word' id='word_1_210' title='bbox 1405 1487 1440 1542; x_wconf 92' lang='lat' dir='ltr'><strong>de</strong></span> <span class='ocrx_word' id='word_1_211' title='bbox 1452 1501 1484 1541; x_wconf 91' lang='lat' dir='ltr'><strong>ea</strong></span> <span class='ocrx_word' id='word_1_212' title='bbox 1510 1487 1662 1560; x_wconf 85' lang='lat' dir='ltr'><strong>loquamur.</strong></span> <span class='ocrx_word' id='word_1_213' title='bbox 1697 1489 1768 1545; x_wconf 90' lang='lat' dir='ltr'><strong>lude</strong></span> <span class='ocrx_word' id='word_1_214' title='bbox 1782 1498 1822 1545; x_wconf 88' lang='lat' dir='ltr'><strong>est</strong></span> 
     </span>
     <span class='ocr_line' id='line_1_16' title="bbox 1024 1574 1823 1649; baseline 0.005 -18"><span class='ocrx_word' id='word_1_215' title='bbox 1024 1578 1098 1648; x_wconf 92' lang='lat' dir='ltr'><strong>quod</strong></span> <span class='ocrx_word' id='word_1_216' title='bbox 1108 1575 1197 1632; x_wconf 89' lang='lat' dir='ltr'><strong>inlusa</strong></span> <span class='ocrx_word' id='word_1_217' title='bbox 1206 1577 1314 1648; x_wconf 88' lang='lat' dir='ltr'><strong>corpori</strong></span> <span class='ocrx_word' id='word_1_218' title='bbox 1335 1574 1450 1634; x_wconf 81' lang='lat' dir='ltr'><strong>viviticat</strong></span> <span class='ocrx_word' id='word_1_219' title='bbox 1464 1577 1540 1647; x_wconf 86' lang='lat' dir='ltr'><strong>illud,</strong></span> <span class='ocrx_word' id='word_1_220' title='bbox 1556 1586 1585 1632; x_wconf 92' lang='lat' dir='ltr'><strong>ut</strong></span> <span class='ocrx_word' id='word_1_221' title='bbox 1604 1577 1638 1632; x_wconf 92' lang='lat' dir='ltr'><strong>sit</strong></span> <span class='ocrx_word' id='word_1_222' title='bbox 1669 1592 1773 1649; x_wconf 88' lang='lat' dir='ltr'><strong>eorpus</strong></span> <span class='ocrx_word' id='word_1_223' title='bbox 1790 1579 1823 1634; x_wconf 91' lang='lat' dir='ltr'><strong>de</strong></span> 
     </span>
     <span class='ocr_line' id='line_1_17' title="bbox 441 1627 1821 1740; baseline -0.001 -19"><span class='ocrx_word' id='word_1_224' title='bbox 441 1644 557 1701; x_wconf 70' lang='lat' dir='ltr'>SERMO</span> <span class='ocrx_word' id='word_1_225' title='bbox 580 1645 708 1700; x_wconf 57' lang='lat' dir='ltr'>LXXXL</span> <span class='ocrx_word' id='word_1_226' title='bbox 986 1627 1252 1737; x_wconf 75' lang='lat' dir='ltr'><strong>nvitaepraesentia,</strong></span> <span class='ocrx_word' id='word_1_227' title='bbox 1267 1678 1322 1720; x_wconf 90' lang='lat' dir='ltr'><strong>uon</strong></span> <span class='ocrx_word' id='word_1_228' title='bbox 1335 1663 1403 1736; x_wconf 85' lang='lat' dir='ltr'><strong>rita,</strong></span> <span class='ocrx_word' id='word_1_229' title='bbox 1417 1664 1464 1720; x_wconf 90' lang='lat' dir='ltr'><strong>sed</strong></span> <span class='ocrx_word' id='word_1_230' title='bbox 1489 1664 1591 1723; x_wconf 77' lang='lat' dir='ltr'><strong>virens</strong></span> <span class='ocrx_word' id='word_1_231' title='bbox 1616 1666 1695 1721; x_wconf 89' lang='lat' dir='ltr'><strong>Unde</strong></span> <span class='ocrx_word' id='word_1_232' title='bbox 1724 1665 1821 1740; x_wconf 87' lang='lat' dir='ltr'><strong>liquet,</strong></span> 
     </span>
     <span class='ocr_line' id='line_1_18' title="bbox 174 1751 1822 1829; baseline -0.001 -1"><span class='ocrx_word' id='word_1_233' title='bbox 174 1770 413 1829; x_wconf 82' lang='lat' dir='ltr'><strong>Deeonventeetio</strong></span> <span class='ocrx_word' id='word_1_234' title='bbox 434 1773 462 1824; x_wconf 90' lang='grc' dir='ltr'><strong>ει</strong></span> <span class='ocrx_word' id='word_1_235' title='bbox 471 1767 662 1826; x_wconf 78' lang='lat' dir='ltr'><strong>similitudine</strong></span> <span class='ocrx_word' id='word_1_236' title='bbox 675 1769 782 1826; x_wconf 82' lang='lat' dir='ltr'><strong>animae</strong></span> <span class='ocrx_word' id='word_1_237' title='bbox 804 1787 872 1827; x_wconf 84' lang='lat' dir='ltr'><strong>com</strong></span> <span class='ocrx_word' id='word_1_238' title='bbox 891 1771 973 1829; x_wconf 84' lang='lat' dir='ltr'><strong>Verbo</strong></span> <span class='ocrx_word' id='word_1_239' title='bbox 1028 1767 1062 1808; x_wconf 74' lang='lat'><strong>¹¹⁰</strong></span> <span class='ocrx_word' id='word_1_240' title='bbox 1075 1752 1136 1810; x_wconf 63' lang='lat' dir='ltr'><strong>Vil⁰</strong></span> <span class='ocrx_word' id='word_1_241' title='bbox 1147 1753 1256 1825; x_wconf 88' lang='lat' dir='ltr'><strong>quidem</strong></span> <span class='ocrx_word' id='word_1_242' title='bbox 1275 1752 1383 1825; x_wconf 61' lang='lat' dir='ltr'><strong>‘iifl&#39;ori</strong></span> <span class='ocrx_word' id='word_1_243' title='bbox 1410 1751 1437 1808; x_wconf 63' lang='lat' dir='ltr'><strong>id</strong></span> <span class='ocrx_word' id='word_1_244' title='bbox 1451 1752 1625 1819; x_wconf 58' lang='lat' dir='ltr'><strong>Vilfflfflffls</strong></span> <span class='ocrx_word' id='word_1_245' title='bbox 1654 1755 1729 1826; x_wconf 75' lang='lat' dir='ltr'><strong>(luod</strong></span> <span class='ocrx_word' id='word_1_246' title='bbox 1751 1771 1822 1819; x_wconf 71' lang='lat' dir='ltr'><strong>0⁸³0r</strong></span> 
     </span>
     <span class='ocr_line' id='line_1_19' title="bbox 208 1840 1823 1915; baseline 0.002 -18"><span class='ocrx_word' id='word_1_247' title='bbox 208 1840 365 1898; x_wconf 78' lang='lat' dir='ltr'><strong>secondom</strong></span> <span class='ocrx_word' id='word_1_248' title='bbox 378 1840 557 1898; x_wconf 78' lang='lat' dir='ltr'><strong>identitatem</strong></span> <span class='ocrx_word' id='word_1_249' title='bbox 571 1841 710 1906; x_wconf 81' lang='lat' dir='ltr'><strong>assentire,</strong></span> <span class='ocrx_word' id='word_1_250' title='bbox 730 1842 835 1898; x_wconf 80' lang='lat' dir='ltr'><strong>etoile</strong></span> <span class='ocrx_word' id='word_1_251' title='bbox 855 1845 975 1902; x_wconf 84' lang='lat' dir='ltr'><strong>immor·</strong></span> <span class='ocrx_word' id='word_1_252' title='bbox 1027 1856 1088 1897; x_wconf 90' lang='lat' dir='ltr'><strong>cum</strong></span> <span class='ocrx_word' id='word_1_253' title='bbox 1103 1848 1202 1898; x_wconf 90' lang='grc' dir='ltr'>εεεεει</span> <span class='ocrx_word' id='word_1_254' title='bbox 1216 1841 1326 1898; x_wconf 90' lang='lat' dir='ltr'><strong>minime</strong></span> <span class='ocrx_word' id='word_1_255' title='bbox 1339 1841 1430 1901; x_wconf 75' lang='lat' dir='ltr'><strong>sitem</strong></span> <span class='ocrx_word' id='word_1_256' title='bbox 1444 1841 1540 1915; x_wconf 85' lang='lat' dir='ltr'><strong>possit.</strong></span> <span class='ocrx_word' id='word_1_257' title='bbox 1556 1842 1639 1898; x_wconf 90' lang='lat' dir='ltr'><strong>liulto</strong></span> <span class='ocrx_word' id='word_1_258' title='bbox 1659 1842 1823 1914; x_wconf 77' lang='lat' dir='ltr'><strong>minusque</strong></span> 
     </span>
     <span class='ocr_line' id='line_1_20' title="bbox 209 1910 1823 2003; baseline 0.004 -22"><span class='ocrx_word' id='word_1_259' title='bbox 209 1911 370 1976; x_wconf 59' lang='grc'>1411111111,</span> <span class='ocrx_word' id='word_1_260' title='bbox 387 1917 414 1968; x_wconf 70' lang='lat'><strong>⁶²</strong></span> <span class='ocrx_word' id='word_1_261' title='bbox 427 1910 542 1967; x_wconf 63' lang='grc' dir='ltr'>11111Τῆ</span> <span class='ocrx_word' id='word_1_262' title='bbox 556 1910 730 1973; x_wconf 55' lang='lat' dir='ltr'><strong>mimum·</strong></span> <span class='ocrx_word' id='word_1_263' title='bbox 1029 1928 1089 1985; x_wconf 79' lang='lat' dir='ltr'><strong>uitae</strong></span> <span class='ocrx_word' id='word_1_264' title='bbox 1101 1929 1221 2002; x_wconf 78' lang='lat' dir='ltr'><strong>expertia</strong></span> <span class='ocrx_word' id='word_1_265' title='bbox 1239 1939 1314 2002; x_wconf 87' lang='lat' dir='ltr'><strong>sunt,</strong></span> <span class='ocrx_word' id='word_1_266' title='bbox 1333 1931 1368 1986; x_wconf 90' lang='lat' dir='ltr'><strong>ad</strong></span> <span class='ocrx_word' id='word_1_267' title='bbox 1386 1930 1457 1987; x_wconf 92' lang='lat' dir='ltr'><strong>hune</strong></span> <span class='ocrx_word' id='word_1_268' title='bbox 1471 1929 1584 2002; x_wconf 84' lang='lat' dir='ltr'><strong>gradum</strong></span> <span class='ocrx_word' id='word_1_269' title='bbox 1599 1938 1757 2003; x_wconf 82' lang='lat' dir='ltr'><strong>assurgent.</strong></span> <span class='ocrx_word' id='word_1_270' title='bbox 1771 1931 1823 1988; x_wconf 85' lang='lat' dir='ltr'><strong>Sed</strong></span> 
     </span>
    </p>
   </div>
   <div class='ocr_carea' id='block_1_3' title="bbox 211 2017 1824 2090">
    <p class='ocr_par' dir='ltr' id='par_1_3' title="bbox 211 2017 1824 2090">
     <span class='ocr_line' id='line_1_21' title="bbox 211 2017 1824 2090; baseline 0 -15"><span class='ocrx_word' id='word_1_271' title='bbox 211 2024 237 2075; x_wconf 91' lang='grc'><strong>1.</strong></span> <span class='ocrx_word' id='word_1_272' title='bbox 251 2017 403 2089; x_wconf 86' lang='lat' dir='ltr'><strong>Quaesitum</strong></span> <span class='ocrx_word' id='word_1_273' title='bbox 422 2026 463 2075; x_wconf 90' lang='lat' dir='ltr'><strong>ast</strong></span> <span class='ocrx_word' id='word_1_274' title='bbox 477 2024 538 2073; x_wconf 91' lang='lat' dir='ltr'><strong>ante</strong></span> <span class='ocrx_word' id='word_1_275' title='bbox 549 2017 582 2073; x_wconf 92' lang='lat' dir='ltr'><strong>de</strong></span> <span class='ocrx_word' id='word_1_276' title='bbox 596 2017 726 2074; x_wconf 86' lang='lat' dir='ltr'><strong>attinitete</strong></span> <span class='ocrx_word' id='word_1_277' title='bbox 740 2018 837 2075; x_wconf 77' lang='lat' dir='ltr'><strong>anime</strong></span> <span class='ocrx_word' id='word_1_278' title='bbox 850 2021 884 2076; x_wconf 89' lang='lat' dir='ltr'><strong>ad</strong></span> <span class='ocrx_word' id='word_1_279' title='bbox 899 2020 972 2078; x_wconf 81' lang='lat' dir='ltr'><strong>Ver·</strong></span> <span class='ocrx_word' id='word_1_280' title='bbox 1028 2032 1076 2076; x_wconf 89' lang='lat' dir='ltr'><strong>nec</strong></span> <span class='ocrx_word' id='word_1_281' title='bbox 1090 2033 1171 2076; x_wconf 89' lang='lat' dir='ltr'><strong>omne</strong></span> <span class='ocrx_word' id='word_1_282' title='bbox 1184 2019 1257 2090; x_wconf 90' lang='lat' dir='ltr'><strong>quod</strong></span> <span class='ocrx_word' id='word_1_283' title='bbox 1273 2019 1326 2075; x_wconf 82' lang='lat' dir='ltr'><strong>rita</strong></span> <span class='ocrx_word' id='word_1_284' title='bbox 1349 2019 1457 2089; x_wconf 89' lang='lat' dir='ltr'><strong>dicitur,</strong></span> <span class='ocrx_word' id='word_1_285' title='bbox 1482 2018 1524 2075; x_wconf 85' lang='lat' dir='ltr'><strong>rel</strong></span> <span class='ocrx_word' id='word_1_286' title='bbox 1538 2025 1589 2090; x_wconf 88' lang='lat' dir='ltr'><strong>est,</strong></span> <span class='ocrx_word' id='word_1_287' title='bbox 1605 2019 1735 2077; x_wconf 86' lang='lat' dir='ltr'><strong>continuo</strong></span> <span class='ocrx_word' id='word_1_288' title='bbox 1753 2019 1824 2076; x_wconf 84' lang='lat' dir='ltr'><strong>vale·</strong></span> 
     </span>
    </p>
   </div>
   <div class='ocr_carea' id='block_1_4' title="bbox 174 2106 974 2359">
    <p class='ocr_par' dir='ltr' id='par_1_4' title="bbox 174 2106 974 2359">
     <span class='ocr_line' id='line_1_22' title="bbox 174 2106 974 2181; baseline 0 -15"><span class='ocrx_word' id='word_1_289' title='bbox 174 2110 250 2177; x_wconf 86' lang='lat' dir='ltr'><strong>burn,</strong></span> <span class='ocrx_word' id='word_1_290' title='bbox 258 2106 375 2181; x_wconf 82' lang='lat' dir='ltr'><strong>atqueid</strong></span> <span class='ocrx_word' id='word_1_291' title='bbox 384 2107 492 2180; x_wconf 89' lang='lat' dir='ltr'><strong>quidem</strong></span> <span class='ocrx_word' id='word_1_292' title='bbox 503 2106 666 2164; x_wconf 87' lang='lat' dir='ltr'><strong>necessarie.</strong></span> <span class='ocrx_word' id='word_1_293' title='bbox 676 2108 743 2179; x_wconf 84' lang='lat' dir='ltr'><strong>Quae</strong></span> <span class='ocrx_word' id='word_1_294' title='bbox 751 2108 822 2165; x_wconf 88' lang='lat' dir='ltr'><strong>enim</strong></span> <span class='ocrx_word' id='word_1_295' title='bbox 833 2111 974 2166; x_wconf 81' lang='lat' dir='ltr'><strong>conventio</strong></span> 
     </span>
     <span class='ocr_line' id='line_1_23' title="bbox 175 2195 970 2267; baseline 0.003 -14"><span class='ocrx_word' id='word_1_296' title='bbox 175 2205 255 2254; x_wconf 85' lang='lat' dir='ltr'><strong>tautae</strong></span> <span class='ocrx_word' id='word_1_297' title='bbox 265 2195 429 2267; x_wconf 77' lang='lat' dir='ltr'><strong>maiestatiet</strong></span> <span class='ocrx_word' id='word_1_298' title='bbox 440 2201 519 2251; x_wconf 79' lang='lat' dir='ltr'><strong>tautae</strong></span> <span class='ocrx_word' id='word_1_299' title='bbox 526 2195 691 2267; x_wconf 88' lang='lat' dir='ltr'><strong>paupertati,</strong></span> <span class='ocrx_word' id='word_1_300' title='bbox 709 2203 822 2253; x_wconf 88' lang='lat' dir='ltr'><strong>utmore</strong></span> <span class='ocrx_word' id='word_1_301' title='bbox 833 2205 860 2253; x_wconf 90' lang='grc' dir='ltr'><strong>ει</strong></span> <span class='ocrx_word' id='word_1_302' title='bbox 875 2213 970 2256; x_wconf 85' lang='grc' dir='ltr'>ειιιοιε</span> 
     </span>
     <span class='ocr_line' id='line_1_24' title="bbox 175 2283 973 2359; baseline 0.004 -18"><span class='ocrx_word' id='word_1_303' title='bbox 175 2301 348 2358; x_wconf 89' lang='lat' dir='ltr'><strong>sponsorum,</strong></span> <span class='ocrx_word' id='word_1_304' title='bbox 364 2283 445 2342; x_wconf 84' lang='lat' dir='ltr'><strong>veluti</strong></span> <span class='ocrx_word' id='word_1_305' title='bbox 473 2299 504 2340; x_wconf 87' lang='lat' dir='ltr'><strong>ex</strong></span> <span class='ocrx_word' id='word_1_306' title='bbox 520 2299 609 2359; x_wconf 87' lang='lat' dir='ltr'><strong>aequo,</strong></span> <span class='ocrx_word' id='word_1_307' title='bbox 624 2301 686 2342; x_wconf 90' lang='lat' dir='ltr'><strong>sese</strong></span> <span class='ocrx_word' id='word_1_308' title='bbox 700 2285 842 2358; x_wconf 90' lang='lat' dir='ltr'><strong>complecti</strong></span> <span class='ocrx_word' id='word_1_309' title='bbox 853 2283 973 2344; x_wconf 74' lang='grc' dir='ltr'>ιειειειι·</span> 
     </span>
    </p>
   </div>
   <div class='ocr_carea' id='block_1_5' title="bbox 1028 2107 1825 2357">
    <p class='ocr_par' dir='ltr' id='par_1_5' title="bbox 1028 2107 1825 2357">
     <span class='ocr_line' id='line_1_25' title="bbox 1028 2107 1823 2179; baseline -0.003 -15"><span class='ocrx_word' id='word_1_310' title='bbox 1028 2110 1066 2164; x_wconf 89' lang='lat' dir='ltr'><strong>bit</strong></span> <span class='ocrx_word' id='word_1_311' title='bbox 1080 2107 1236 2179; x_wconf 88' lang='lat' dir='ltr'><strong>pertingere</strong></span> <span class='ocrx_word' id='word_1_312' title='bbox 1258 2109 1322 2163; x_wconf 89' lang='lat' dir='ltr'><strong>huo.</strong></span> <span class='ocrx_word' id='word_1_313' title='bbox 1346 2107 1396 2163; x_wconf 83' lang='lat' dir='ltr'><strong>Est</strong></span> <span class='ocrx_word' id='word_1_314' title='bbox 1423 2121 1564 2179; x_wconf 90' lang='lat' dir='ltr'><strong>pecorum,</strong></span> <span class='ocrx_word' id='word_1_315' title='bbox 1592 2116 1634 2163; x_wconf 89' lang='grc' dir='ltr'><strong>εει</strong></span> <span class='ocrx_word' id='word_1_316' title='bbox 1648 2115 1674 2163; x_wconf 89' lang='grc' dir='ltr'><strong>ει</strong></span> <span class='ocrx_word' id='word_1_317' title='bbox 1695 2109 1823 2165; x_wconf 80' lang='lat' dir='ltr'><strong>uberum</strong></span> 
     </span>
     <span class='ocr_line' id='line_1_26' title="bbox 1028 2196 1825 2270; baseline -0.006 -14"><span class='ocrx_word' id='word_1_318' title='bbox 1028 2198 1091 2262; x_wconf 85' lang='lat' dir='ltr'><strong>vite,</strong></span> <span class='ocrx_word' id='word_1_319' title='bbox 1112 2212 1193 2252; x_wconf 86' lang='lat' dir='ltr'><strong>sensu</strong></span> <span class='ocrx_word' id='word_1_320' title='bbox 1208 2197 1292 2254; x_wconf 85' lang='lat' dir='ltr'><strong>altera</strong></span> <span class='ocrx_word' id='word_1_321' title='bbox 1313 2197 1422 2270; x_wconf 77' lang='lat' dir='ltr'><strong>uigens,</strong></span> <span class='ocrx_word' id='word_1_322' title='bbox 1444 2196 1525 2252; x_wconf 86' lang='lat' dir='ltr'><strong>altere</strong></span> <span class='ocrx_word' id='word_1_323' title='bbox 1543 2210 1646 2253; x_wconf 81' lang='lat' dir='ltr'><strong>careus</strong></span> <span class='ocrx_word' id='word_1_324' title='bbox 1674 2199 1710 2254; x_wconf 76' lang='lat' dir='ltr'><strong>At</strong></span> <span class='ocrx_word' id='word_1_325' title='bbox 1732 2196 1825 2252; x_wconf 89' lang='lat' dir='ltr'><strong>neutri</strong></span> 
     </span>
     <span class='ocr_line' id='line_1_27' title="bbox 1028 2283 1824 2357; baseline 0 -16"><span class='ocrx_word' id='word_1_326' title='bbox 1028 2293 1117 2341; x_wconf 86' lang='grc' dir='ltr'>ιειιιειι</span> <span class='ocrx_word' id='word_1_327' title='bbox 1130 2283 1200 2340; x_wconf 86' lang='lat' dir='ltr'><strong>idem</strong></span> <span class='ocrx_word' id='word_1_328' title='bbox 1213 2299 1275 2341; x_wconf 89' lang='lat' dir='ltr'><strong>esse</strong></span> <span class='ocrx_word' id='word_1_329' title='bbox 1291 2285 1365 2357; x_wconf 89' lang='lat' dir='ltr'><strong>quod</strong></span> <span class='ocrx_word' id='word_1_330' title='bbox 1378 2284 1470 2340; x_wconf 83' lang='lat' dir='ltr'><strong>rivere</strong></span> <span class='ocrx_word' id='word_1_331' title='bbox 1493 2292 1535 2342; x_wconf 86' lang='grc' dir='ltr'><strong>εει</strong></span> <span class='ocrx_word' id='word_1_332' title='bbox 1550 2302 1555 2342; x_wconf 89' lang='grc'>;</span> <span class='ocrx_word' id='word_1_333' title='bbox 1568 2299 1641 2352; x_wconf 89' lang='lat' dir='ltr'><strong>cum,</strong></span> <span class='ocrx_word' id='word_1_334' title='bbox 1654 2290 1685 2340; x_wconf 92' lang='lat' dir='ltr'><strong>ut</strong></span> <span class='ocrx_word' id='word_1_335' title='bbox 1712 2283 1824 2357; x_wconf 85' lang='lat' dir='ltr'><strong>quidem</strong></span> 
     </span>
    </p>
   </div>
   <div class='ocr_carea' id='block_1_6' title="bbox 175 2371 1823 2445">
    <p class='ocr_par' dir='ltr' id='par_1_6' title="bbox 175 2371 1823 2445">
     <span class='ocr_line' id='line_1_28' title="bbox 175 2371 1823 2445; baseline -0.003 -14"><span class='ocrx_word' id='word_1_336' title='bbox 175 2383 219 2431; x_wconf 90' lang='lat' dir='ltr'><strong>tur</strong></span> <span class='ocrx_word' id='word_1_337' title='bbox 233 2373 386 2430; x_wconf 87' lang='lat' dir='ltr'><strong>sublimitas</strong></span> <span class='ocrx_word' id='word_1_338' title='bbox 398 2373 453 2444; x_wconf 92' lang='lat' dir='ltr'><strong>illa,</strong></span> <span class='ocrx_word' id='word_1_339' title='bbox 469 2383 495 2431; x_wconf 88' lang='lat' dir='ltr'><strong>et</strong></span> <span class='ocrx_word' id='word_1_340' title='bbox 510 2373 556 2430; x_wconf 91' lang='lat' dir='ltr'><strong>illa</strong></span> <span class='ocrx_word' id='word_1_341' title='bbox 570 2374 726 2431; x_wconf 76' lang='lat' dir='ltr'><strong>humilitas?</strong></span> <span class='ocrx_word' id='word_1_342' title='bbox 740 2375 808 2431; x_wconf 91' lang='lat' dir='ltr'><strong>Nam</strong></span> <span class='ocrx_word' id='word_1_343' title='bbox 822 2376 845 2431; x_wconf 91' lang='lat' dir='ltr'><strong>si</strong></span> <span class='ocrx_word' id='word_1_344' title='bbox 860 2392 924 2434; x_wconf 85' lang='lat' dir='ltr'><strong>vere</strong></span> <span class='ocrx_word' id='word_1_345' title='bbox 947 2376 973 2434; x_wconf 95' lang='lat' dir='ltr'><strong>id</strong></span> <span class='ocrx_word' id='word_1_346' title='bbox 1029 2374 1172 2430; x_wconf 89' lang='lat' dir='ltr'><strong>multorum</strong></span> <span class='ocrx_word' id='word_1_347' title='bbox 1186 2372 1281 2445; x_wconf 92' lang='lat' dir='ltr'><strong>opinio</strong></span> <span class='ocrx_word' id='word_1_348' title='bbox 1295 2376 1434 2445; x_wconf 69' lang='lat' dir='ltr'><strong>esttibi),</strong></span> <span class='ocrx_word' id='word_1_349' title='bbox 1450 2380 1513 2429; x_wconf 88' lang='lat' dir='ltr'><strong>aute</strong></span> <span class='ocrx_word' id='word_1_350' title='bbox 1527 2374 1554 2429; x_wconf 92' lang='lat' dir='ltr'><strong>in</strong></span> <span class='ocrx_word' id='word_1_351' title='bbox 1577 2371 1725 2440; x_wconf 82' lang='lat' dir='ltr'><strong>eieruentls,</strong></span> <span class='ocrx_word' id='word_1_352' title='bbox 1742 2387 1823 2444; x_wconf 87' lang='lat' dir='ltr'><strong>quam</strong></span> 
     </span>
    </p>
   </div>
   <div class='ocr_carea' id='block_1_7' title="bbox 176 2460 1824 2988">
    <p class='ocr_par' dir='ltr' id='par_1_7' title="bbox 176 2460 1824 2988">
     <span class='ocr_line' id='line_1_29' title="bbox 176 2460 1821 2538; baseline -0.004 -17"><span class='ocrx_word' id='word_1_353' title='bbox 176 2462 300 2529; x_wconf 89' lang='lat' dir='ltr'><strong>dicimus,</strong></span> <span class='ocrx_word' id='word_1_354' title='bbox 326 2463 402 2520; x_wconf 91' lang='lat' dir='ltr'><strong>valde</strong></span> <span class='ocrx_word' id='word_1_355' title='bbox 417 2464 477 2519; x_wconf 89' lang='lat' dir='ltr'><strong>laeta</strong></span> <span class='ocrx_word' id='word_1_356' title='bbox 491 2461 590 2519; x_wconf 85' lang='lat' dir='ltr'><strong>fiducia</strong></span> <span class='ocrx_word' id='word_1_357' title='bbox 604 2472 658 2535; x_wconf 81' lang='lat' dir='ltr'><strong>est3</strong></span> <span class='ocrx_word' id='word_1_358' title='bbox 688 2463 711 2519; x_wconf 92' lang='lat' dir='ltr'><strong>si</strong></span> <span class='ocrx_word' id='word_1_359' title='bbox 726 2463 808 2535; x_wconf 85' lang='lat' dir='ltr'><strong>laiso,</strong></span> <span class='ocrx_word' id='word_1_360' title='bbox 828 2465 904 2521; x_wconf 88' lang='lat' dir='ltr'><strong>valde</strong></span> <span class='ocrx_word' id='word_1_361' title='bbox 918 2483 974 2538; x_wconf 91' lang='lat' dir='ltr'><strong>pu·</strong></span> <span class='ocrx_word' id='word_1_362' title='bbox 1028 2461 1070 2518; x_wconf 81' lang='lat' dir='ltr'><strong>vel</strong></span> <span class='ocrx_word' id='word_1_363' title='bbox 1084 2460 1132 2518; x_wconf 88' lang='lat' dir='ltr'><strong>ilia</strong></span> <span class='ocrx_word' id='word_1_364' title='bbox 1147 2462 1175 2518; x_wconf 93' lang='lat' dir='ltr'><strong>in</strong></span> <span class='ocrx_word' id='word_1_365' title='bbox 1205 2463 1344 2531; x_wconf 87' lang='lat' dir='ltr'><strong>membris,</strong></span> <span class='ocrx_word' id='word_1_366' title='bbox 1365 2461 1471 2520; x_wconf 83' lang='lat' dir='ltr'><strong>relista</strong></span> <span class='ocrx_word' id='word_1_367' title='bbox 1489 2463 1517 2518; x_wconf 91' lang='lat' dir='ltr'><strong>in</strong></span> <span class='ocrx_word' id='word_1_368' title='bbox 1546 2462 1628 2518; x_wconf 88' lang='lat' dir='ltr'><strong>ramis</strong></span> <span class='ocrx_word' id='word_1_369' title='bbox 1660 2460 1821 2526; x_wconf 82' lang='lat' dir='ltr'><strong>exstiterint,</strong></span> 
     </span>
     <span class='ocr_line' id='line_1_30' title="bbox 176 2547 1823 2624; baseline -0.002 -15"><span class='ocrx_word' id='word_1_370' title='bbox 176 2551 277 2609; x_wconf 84' lang='lat' dir='ltr'><strong>nienda</strong></span> <span class='ocrx_word' id='word_1_371' title='bbox 303 2552 427 2608; x_wconf 90' lang='lat' dir='ltr'><strong>audacia.</strong></span> <span class='ocrx_word' id='word_1_372' title='bbox 456 2551 603 2623; x_wconf 85' lang='lat' dir='ltr'><strong>Propterea</strong></span> <span class='ocrx_word' id='word_1_373' title='bbox 629 2567 696 2624; x_wconf 81' lang='lat' dir='ltr'><strong>ergo</strong></span> <span class='ocrx_word' id='word_1_374' title='bbox 723 2552 756 2610; x_wconf 91' lang='lat' dir='ltr'><strong>de</strong></span> <span class='ocrx_word' id='word_1_375' title='bbox 785 2553 975 2611; x_wconf 90' lang='lat' dir='ltr'><strong>convenientia</strong></span> <span class='ocrx_word' id='word_1_376' title='bbox 1029 2552 1064 2608; x_wconf 83' lang='grc' dir='ltr'><strong>Αι</strong></span> <span class='ocrx_word' id='word_1_377' title='bbox 1086 2552 1237 2609; x_wconf 88' lang='lat' dir='ltr'><strong>secundum</strong></span> <span class='ocrx_word' id='word_1_378' title='bbox 1260 2552 1393 2609; x_wconf 90' lang='lat' dir='ltr'><strong>boccum</strong></span> <span class='ocrx_word' id='word_1_379' title='bbox 1419 2551 1545 2609; x_wconf 87' lang='lat' dir='ltr'><strong>desinunt</strong></span> <span class='ocrx_word' id='word_1_380' title='bbox 1573 2550 1720 2618; x_wconf 81' lang='lat' dir='ltr'><strong>virilieere,</strong></span> <span class='ocrx_word' id='word_1_381' title='bbox 1746 2547 1823 2605; x_wconf 88' lang='lat' dir='ltr'><strong>simol</strong></span> 
     </span>
     <span class='ocr_line' id='line_1_31' title="bbox 177 2639 1823 2713; baseline -0.003 -14"><span class='ocrx_word' id='word_1_382' title='bbox 177 2643 274 2699; x_wconf 88' lang='lat' dir='ltr'><strong>horum</strong></span> <span class='ocrx_word' id='word_1_383' title='bbox 284 2641 458 2713; x_wconf 86' lang='lat' dir='ltr'><strong>quaereudum</strong></span> <span class='ocrx_word' id='word_1_384' title='bbox 478 2640 617 2712; x_wconf 76' lang='lat' dir='ltr'><strong>luitzquae</strong></span> <span class='ocrx_word' id='word_1_385' title='bbox 635 2640 745 2712; x_wconf 90' lang='lat' dir='ltr'><strong>quidem</strong></span> <span class='ocrx_word' id='word_1_386' title='bbox 758 2643 814 2711; x_wconf 88' lang='lat' dir='ltr'><strong>jam</strong></span> <span class='ocrx_word' id='word_1_387' title='bbox 828 2643 914 2700; x_wconf 91' lang='lat' dir='ltr'><strong>multa</strong></span> <span class='ocrx_word' id='word_1_388' title='bbox 928 2644 973 2700; x_wconf 92' lang='lat' dir='ltr'><strong>in·</strong></span> <span class='ocrx_word' id='word_1_389' title='bbox 1027 2641 1119 2699; x_wconf 82' lang='lat' dir='ltr'><strong>vivere</strong></span> <span class='ocrx_word' id='word_1_390' title='bbox 1134 2648 1252 2709; x_wconf 81' lang='grc' dir='ltr'>εεεεειιι,</span> <span class='ocrx_word' id='word_1_391' title='bbox 1269 2643 1318 2698; x_wconf 90' lang='lat' dir='ltr'><strong>sed</strong></span> <span class='ocrx_word' id='word_1_392' title='bbox 1333 2656 1387 2698; x_wconf 89' lang='lat' dir='ltr'><strong>non</strong></span> <span class='ocrx_word' id='word_1_393' title='bbox 1407 2648 1435 2698; x_wconf 89' lang='lat' dir='ltr'><strong>et</strong></span> <span class='ocrx_word' id='word_1_394' title='bbox 1453 2656 1525 2699; x_wconf 89' lang='lat' dir='ltr'><strong>esse.</strong></span> <span class='ocrx_word' id='word_1_395' title='bbox 1550 2641 1700 2698; x_wconf 82' lang='lat' dir='ltr'><strong>Solvuntur</strong></span> <span class='ocrx_word' id='word_1_396' title='bbox 1723 2639 1823 2713; x_wconf 69' lang='lat' dir='ltr'><strong>parim</strong></span> 
     </span>
     <span class='ocr_line' id='line_1_32' title="bbox 178 2728 1822 2804; baseline -0.002 -16"><span class='ocrx_word' id='word_1_397' title='bbox 178 2737 321 2796; x_wconf 86' lang='lat' dir='ltr'><strong>veutaest,</strong></span> <span class='ocrx_word' id='word_1_398' title='bbox 351 2729 398 2784; x_wconf 91' lang='lat' dir='ltr'><strong>sed</strong></span> <span class='ocrx_word' id='word_1_399' title='bbox 426 2744 482 2785; x_wconf 94' lang='lat' dir='ltr'><strong>non</strong></span> <span class='ocrx_word' id='word_1_400' title='bbox 510 2730 607 2786; x_wconf 91' lang='lat' dir='ltr'><strong>omnis.</strong></span> <span class='ocrx_word' id='word_1_401' title='bbox 636 2728 703 2798; x_wconf 87' lang='lat' dir='ltr'><strong>Quis</strong></span> <span class='ocrx_word' id='word_1_402' title='bbox 726 2730 808 2801; x_wconf 91' lang='lat' dir='ltr'><strong>enim,</strong></span> <span class='ocrx_word' id='word_1_403' title='bbox 825 2732 869 2788; x_wconf 83' lang='lat' dir='ltr'><strong>rel</strong></span> <span class='ocrx_word' id='word_1_404' title='bbox 891 2732 973 2789; x_wconf 89' lang='lat' dir='ltr'><strong>minis</strong></span> <span class='ocrx_word' id='word_1_405' title='bbox 1028 2731 1262 2798; x_wconf 83' lang='lat' dir='ltr'><strong>etdissolruntur,</strong></span> <span class='ocrx_word' id='word_1_406' title='bbox 1288 2740 1414 2802; x_wconf 88' lang='lat' dir='ltr'><strong>tauquam</strong></span> <span class='ocrx_word' id='word_1_407' title='bbox 1437 2745 1492 2787; x_wconf 92' lang='lat' dir='ltr'><strong>nou</strong></span> <span class='ocrx_word' id='word_1_408' title='bbox 1513 2730 1627 2804; x_wconf 83' lang='lat' dir='ltr'><strong>alligatae</strong></span> <span class='ocrx_word' id='word_1_409' title='bbox 1645 2736 1764 2795; x_wconf 89' lang='lat' dir='ltr'><strong>tautum,</strong></span> <span class='ocrx_word' id='word_1_410' title='bbox 1779 2728 1822 2784; x_wconf 89' lang='lat' dir='ltr'><strong>sed</strong></span> 
     </span>
     <span class='ocr_line' id='line_1_33' title="bbox 177 2816 1824 2897; baseline -0.001 -23"><span class='ocrx_word' id='word_1_411' title='bbox 177 2819 272 2891; x_wconf 85' lang='lat' dir='ltr'><strong>hebes,</strong></span> <span class='ocrx_word' id='word_1_412' title='bbox 287 2816 439 2876; x_wconf 87' lang='lat' dir='ltr'><strong>uouvideat</strong></span> <span class='ocrx_word' id='word_1_413' title='bbox 450 2832 532 2888; x_wconf 92' lang='lat' dir='ltr'><strong>quam</strong></span> <span class='ocrx_word' id='word_1_414' title='bbox 547 2833 576 2873; x_wconf 87' lang='lat' dir='ltr'><strong>se</strong></span> <span class='ocrx_word' id='word_1_415' title='bbox 591 2834 606 2873; x_wconf 91' lang='lat' dir='ltr'><strong>e</strong></span> <span class='ocrx_word' id='word_1_416' title='bbox 621 2817 710 2876; x_wconf 86' lang='lat' dir='ltr'><strong>ricino</strong></span> <span class='ocrx_word' id='word_1_417' title='bbox 721 2818 868 2897; x_wconf 89' lang='lat' dir='ltr'><strong>respiciant</strong></span> <span class='ocrx_word' id='word_1_418' title='bbox 881 2819 974 2894; x_wconf 87' lang='lat' dir='ltr'><strong>imago</strong></span> <span class='ocrx_word' id='word_1_419' title='bbox 1029 2828 1056 2876; x_wconf 87' lang='lat' dir='ltr'><strong>et</strong></span> <span class='ocrx_word' id='word_1_420' title='bbox 1065 2819 1207 2892; x_wconf 77' lang='lat' dir='ltr'><strong>colligate.</strong></span> <span class='ocrx_word' id='word_1_421' title='bbox 1224 2821 1318 2891; x_wconf 84' lang='lat' dir='ltr'><strong>Neque</strong></span> <span class='ocrx_word' id='word_1_422' title='bbox 1332 2819 1403 2876; x_wconf 86' lang='lat' dir='ltr'><strong>euim</strong></span> <span class='ocrx_word' id='word_1_423' title='bbox 1415 2835 1499 2876; x_wconf 93' lang='lat' dir='ltr'><strong>unum</strong></span> <span class='ocrx_word' id='word_1_424' title='bbox 1515 2818 1629 2893; x_wconf 77' lang='lat' dir='ltr'><strong>simplex</strong></span> <span class='ocrx_word' id='word_1_425' title='bbox 1648 2825 1692 2876; x_wconf 90' lang='grc' dir='ltr'><strong>εει</strong></span> <span class='ocrx_word' id='word_1_426' title='bbox 1705 2831 1824 2891; x_wconf 72' lang='grc' dir='ltr'><strong>1(μιιεειιε</strong></span> 
     </span>
     <span class='ocr_line' id='line_1_34' title="bbox 176 2903 1823 2988; baseline -0.001 -25"><span class='ocrx_word' id='word_1_427' title='bbox 176 2912 204 2963; x_wconf 90' lang='grc' dir='ltr'><strong>ει</strong></span> <span class='ocrx_word' id='word_1_428' title='bbox 217 2906 288 2978; x_wconf 92' lang='lat' dir='ltr'><strong>quod</strong></span> <span class='ocrx_word' id='word_1_429' title='bbox 298 2905 335 2962; x_wconf 90' lang='lat' dir='ltr'><strong>ad</strong></span> <span class='ocrx_word' id='word_1_430' title='bbox 344 2903 493 2977; x_wconf 81' lang='lat' dir='ltr'><strong>imaginem</strong></span> <span class='ocrx_word' id='word_1_431' title='bbox 502 2913 543 2961; x_wconf 91' lang='lat' dir='ltr'><strong>est</strong></span> <span class='ocrx_word' id='word_1_432' title='bbox 553 2906 567 2960; x_wconf 83' lang='lat' dir='ltr'><strong>i</strong></span> <span class='ocrx_word' id='word_1_433' title='bbox 578 2904 698 2976; x_wconf 86' lang='lat' dir='ltr'><strong>Quorum</strong></span> <span class='ocrx_word' id='word_1_434' title='bbox 713 2907 809 2982; x_wconf 88' lang='lat' dir='ltr'><strong>utique</strong></span> <span class='ocrx_word' id='word_1_435' title='bbox 822 2926 908 2966; x_wconf 91' lang='lat' dir='ltr'><strong>unum</strong></span> <span class='ocrx_word' id='word_1_436' title='bbox 916 2910 973 2981; x_wconf 90' lang='lat' dir='ltr'><strong>uni,</strong></span> <span class='ocrx_word' id='word_1_437' title='bbox 995 2906 1140 2988; x_wconf 67' lang='lat' dir='ltr'><strong>cherum</strong></span> <span class='ocrx_word' id='word_1_438' title='bbox 1155 2910 1203 2966; x_wconf 88' lang='lat' dir='ltr'><strong>sed</strong></span> <span class='ocrx_word' id='word_1_439' title='bbox 1218 2925 1251 2966; x_wconf 84' lang='lat' dir='ltr'><strong>ex</strong></span> <span class='ocrx_word' id='word_1_440' title='bbox 1265 2908 1388 2979; x_wconf 86' lang='lat' dir='ltr'><strong>pluribus</strong></span> <span class='ocrx_word' id='word_1_441' title='bbox 1400 2916 1539 2966; x_wconf 88' lang='lat' dir='ltr'><strong>constans.</strong></span> <span class='ocrx_word' id='word_1_442' title='bbox 1561 2909 1592 2966; x_wconf 78' lang='lat' dir='ltr'><strong>iit</strong></span> <span class='ocrx_word' id='word_1_443' title='bbox 1612 2914 1763 2981; x_wconf 85' lang='lat' dir='ltr'><strong>propterea</strong></span> <span class='ocrx_word' id='word_1_444' title='bbox 1775 2919 1823 2961; x_wconf 90' lang='lat' dir='ltr'><strong>nou</strong></span> 
     </span>
    </p>
   </div>
   <div class='ocr_carea' id='block_1_8' title="bbox 177 2992 1822 3160">
    <p class='ocr_par' dir='ltr' id='par_1_8' title="bbox 177 2992 1822 3160">
     <span class='ocr_line' id='line_1_35' title="bbox 178 2992 1822 3073; baseline -0.002 -21"><span class='ocrx_word' id='word_1_445' title='bbox 178 3003 204 3052; x_wconf 90' lang='lat' dir='ltr'><strong>et</strong></span> <span class='ocrx_word' id='word_1_446' title='bbox 232 2992 348 3052; x_wconf 87' lang='lat' dir='ltr'><strong>alterum</strong></span> <span class='ocrx_word' id='word_1_447' title='bbox 376 2994 452 3051; x_wconf 87' lang='lat' dir='ltr'><strong>alteri</strong></span> <span class='ocrx_word' id='word_1_448' title='bbox 477 3010 578 3064; x_wconf 90' lang='lat' dir='ltr'><strong>sermo,</strong></span> <span class='ocrx_word' id='word_1_449' title='bbox 612 2995 634 3051; x_wconf 91' lang='lat' dir='ltr'><strong>si</strong></span> <span class='ocrx_word' id='word_1_450' title='bbox 667 2995 796 3070; x_wconf 90' lang='lat' dir='ltr'><strong>recolitis,</strong></span> <span class='ocrx_word' id='word_1_451' title='bbox 826 2999 975 3073; x_wconf 73' lang='lat' dir='ltr'><strong>assignavit</strong></span> <span class='ocrx_word' id='word_1_452' title='bbox 1029 2997 1197 3068; x_wconf 84' lang='lat' dir='ltr'><strong>redigiturin</strong></span> <span class='ocrx_word' id='word_1_453' title='bbox 1212 2995 1402 3064; x_wconf 79' lang='lat' dir='ltr'><strong>nibilum,·sed</strong></span> <span class='ocrx_word' id='word_1_454' title='bbox 1415 2996 1513 3052; x_wconf 86' lang='lat' dir='ltr'><strong>dissilit</strong></span> <span class='ocrx_word' id='word_1_455' title='bbox 1523 2998 1551 3051; x_wconf 89' lang='lat' dir='ltr'><strong>in</strong></span> <span class='ocrx_word' id='word_1_456' title='bbox 1571 3004 1673 3067; x_wconf 89' lang='lat' dir='ltr'><strong>partes,</strong></span> <span class='ocrx_word' id='word_1_457' title='bbox 1704 3003 1738 3052; x_wconf 89' lang='lat' dir='ltr'><strong>ut</strong></span> <span class='ocrx_word' id='word_1_458' title='bbox 1755 2992 1822 3051; x_wconf 85' lang='lat' dir='ltr'><strong>etad</strong></span> 
     </span>
     <span class='ocr_line' id='line_1_36' title="bbox 177 3082 1821 3160; baseline -0.001 -18"><span class='ocrx_word' id='word_1_459' title='bbox 177 3088 336 3143; x_wconf 89' lang='lat' dir='ltr'><strong>hesternus.</strong></span> <span class='ocrx_word' id='word_1_460' title='bbox 352 3084 410 3141; x_wconf 91' lang='lat' dir='ltr'><strong>Nec</strong></span> <span class='ocrx_word' id='word_1_461' title='bbox 433 3085 467 3140; x_wconf 91' lang='lat' dir='ltr'><strong>de</strong></span> <span class='ocrx_word' id='word_1_462' title='bbox 499 3084 617 3160; x_wconf 89' lang='lat' dir='ltr'><strong>imagine</strong></span> <span class='ocrx_word' id='word_1_463' title='bbox 637 3092 753 3154; x_wconf 75' lang='lat' dir='ltr'><strong>mutum,</strong></span> <span class='ocrx_word' id='word_1_464' title='bbox 774 3088 822 3144; x_wconf 90' lang='lat' dir='ltr'><strong>sed</strong></span> <span class='ocrx_word' id='word_1_465' title='bbox 847 3091 926 3145; x_wconf 87' lang='lat' dir='ltr'><strong>etiam</strong></span> <span class='ocrx_word' id='word_1_466' title='bbox 940 3090 975 3148; x_wconf 90' lang='lat' dir='ltr'><strong>de</strong></span> <span class='ocrx_word' id='word_1_467' title='bbox 1028 3102 1104 3143; x_wconf 88' lang='lat' dir='ltr'><strong>suum</strong></span> <span class='ocrx_word' id='word_1_468' title='bbox 1120 3085 1245 3157; x_wconf 89' lang='lat' dir='ltr'><strong>quodque</strong></span> <span class='ocrx_word' id='word_1_469' title='bbox 1270 3092 1391 3142; x_wconf 87' lang='lat' dir='ltr'><strong>recurrat</strong></span> <span class='ocrx_word' id='word_1_470' title='bbox 1412 3082 1587 3155; x_wconf 82' lang='lat' dir='ltr'><strong>principium3</strong></span> <span class='ocrx_word' id='word_1_471' title='bbox 1622 3084 1700 3142; x_wconf 79' lang='lat' dir='ltr'><strong>verbi</strong></span> <span class='ocrx_word' id='word_1_472' title='bbox 1737 3098 1821 3148; x_wconf 82' lang='grc' dir='ltr'>εειιεε,</span> 
     </span>
    </p>
   </div>
   <div class='ocr_carea' id='block_1_9' title="bbox 176 3172 977 4138">
    <p class='ocr_par' dir='ltr' id='par_1_9' title="bbox 176 3172 977 4030">
     <span class='ocr_line' id='line_1_37' title="bbox 176 3172 972 3249; baseline 0.006 -18"><span class='ocrx_word' id='word_1_473' title='bbox 176 3174 352 3231; x_wconf 87' lang='lat' dir='ltr'><strong>similitudine</strong></span> <span class='ocrx_word' id='word_1_474' title='bbox 379 3174 560 3230; x_wconf 89' lang='lat' dir='ltr'><strong>demonstrata</strong></span> <span class='ocrx_word' id='word_1_475' title='bbox 590 3172 692 3231; x_wconf 89' lang='lat' dir='ltr'><strong>ibidem</strong></span> <span class='ocrx_word' id='word_1_476' title='bbox 715 3175 903 3249; x_wconf 88' lang='lat' dir='ltr'><strong>propinquitas</strong></span> <span class='ocrx_word' id='word_1_477' title='bbox 922 3189 972 3248; x_wconf 88' lang='lat' dir='ltr'><strong>est,</strong></span> 
     </span>
     <span class='ocr_line' id='line_1_38' title="bbox 176 3261 975 3340; baseline 0.005 -19"><span class='ocrx_word' id='word_1_478' title='bbox 176 3264 228 3321; x_wconf 90' lang='lat' dir='ltr'><strong>nisi</strong></span> <span class='ocrx_word' id='word_1_479' title='bbox 248 3263 321 3337; x_wconf 93' lang='lat' dir='ltr'><strong>quod</strong></span> <span class='ocrx_word' id='word_1_480' title='bbox 335 3263 394 3335; x_wconf 89' lang='lat' dir='ltr'><strong>ipsa</strong></span> <span class='ocrx_word' id='word_1_481' title='bbox 409 3261 556 3318; x_wconf 88' lang='lat' dir='ltr'><strong>similitudo</strong></span> <span class='ocrx_word' id='word_1_482' title='bbox 584 3262 610 3318; x_wconf 94' lang='lat' dir='ltr'><strong>in</strong></span> <span class='ocrx_word' id='word_1_483' title='bbox 625 3280 679 3336; x_wconf 88' lang='lat' dir='ltr'><strong>quo</strong></span> <span class='ocrx_word' id='word_1_484' title='bbox 702 3265 746 3321; x_wconf 81' lang='lat' dir='ltr'><strong>rel</strong></span> <span class='ocrx_word' id='word_1_485' title='bbox 761 3263 789 3322; x_wconf 93' lang='lat' dir='ltr'><strong>in</strong></span> <span class='ocrx_word' id='word_1_486' title='bbox 807 3267 905 3338; x_wconf 90' lang='lat' dir='ltr'><strong>quihus</strong></span> <span class='ocrx_word' id='word_1_487' title='bbox 925 3283 975 3340; x_wconf 93' lang='lat' dir='ltr'><strong>po·</strong></span> 
     </span>
     <span class='ocr_line' id='line_1_39' title="bbox 177 3352 972 3413; baseline 0.005 -5"><span class='ocrx_word' id='word_1_488' title='bbox 177 3352 313 3409; x_wconf 87' lang='lat' dir='ltr'><strong>tissimum</strong></span> <span class='ocrx_word' id='word_1_489' title='bbox 340 3360 447 3408; x_wconf 89' lang='lat' dir='ltr'><strong>constet</strong></span> <span class='ocrx_word' id='word_1_490' title='bbox 461 3352 576 3407; x_wconf 91' lang='lat' dir='ltr'><strong>necdum</strong></span> <span class='ocrx_word' id='word_1_491' title='bbox 598 3368 614 3407; x_wconf 93' lang='lat' dir='ltr'><strong>a</strong></span> <span class='ocrx_word' id='word_1_492' title='bbox 637 3353 717 3409; x_wconf 90' lang='lat' dir='ltr'><strong>nobis</strong></span> <span class='ocrx_word' id='word_1_493' title='bbox 739 3364 781 3412; x_wconf 88' lang='lat' dir='ltr'><strong>est</strong></span> <span class='ocrx_word' id='word_1_494' title='bbox 796 3356 972 3413; x_wconf 85' lang='lat' dir='ltr'><strong>declaratum.</strong></span> 
     </span>
     <span class='ocr_line' id='line_1_40' title="bbox 177 3440 975 3518; baseline 0.008 -23"><span class='ocrx_word' id='word_1_495' title='bbox 177 3440 249 3518; x_wconf 78' lang='lat' dir='ltr'><strong>Age,</strong></span> <span class='ocrx_word' id='word_1_496' title='bbox 263 3442 318 3512; x_wconf 87' lang='lat' dir='ltr'><strong>jam</strong></span> <span class='ocrx_word' id='word_1_497' title='bbox 334 3440 504 3498; x_wconf 88' lang='lat' dir='ltr'><strong>intendamus</strong></span> <span class='ocrx_word' id='word_1_498' title='bbox 512 3442 687 3499; x_wconf 90' lang='lat' dir='ltr'><strong>declarationi</strong></span> <span class='ocrx_word' id='word_1_499' title='bbox 699 3441 773 3511; x_wconf 90' lang='lat' dir='ltr'><strong>huic,</strong></span> <span class='ocrx_word' id='word_1_500' title='bbox 784 3450 813 3501; x_wconf 90' lang='lat' dir='ltr'><strong>ut</strong></span> <span class='ocrx_word' id='word_1_501' title='bbox 822 3459 877 3517; x_wconf 92' lang='lat' dir='ltr'><strong>quo</strong></span> <span class='ocrx_word' id='word_1_502' title='bbox 885 3444 975 3501; x_wconf 86' lang='lat' dir='ltr'><strong>anima</strong></span> 
     </span>
     <span class='ocr_line' id='line_1_41' title="bbox 179 3528 977 3603; baseline 0.008 -19"><span class='ocrx_word' id='word_1_503' title='bbox 179 3528 284 3602; x_wconf 89' lang='lat' dir='ltr'><strong>plenius</strong></span> <span class='ocrx_word' id='word_1_504' title='bbox 299 3545 374 3586; x_wconf 90' lang='lat' dir='ltr'><strong>suam</strong></span> <span class='ocrx_word' id='word_1_505' title='bbox 399 3540 530 3603; x_wconf 85' lang='lat' dir='ltr'><strong>agnoscet</strong></span> <span class='ocrx_word' id='word_1_506' title='bbox 548 3530 693 3602; x_wconf 87' lang='lat' dir='ltr'><strong>originem,</strong></span> <span class='ocrx_word' id='word_1_507' title='bbox 722 3547 756 3588; x_wconf 93' lang='grc' dir='ltr'><strong>εο</strong></span> <span class='ocrx_word' id='word_1_508' title='bbox 775 3532 891 3603; x_wconf 89' lang='lat' dir='ltr'><strong>emplius</strong></span> <span class='ocrx_word' id='word_1_509' title='bbox 914 3549 977 3590; x_wconf 90' lang='lat' dir='ltr'><strong>eru·</strong></span> 
     </span>
     <span class='ocr_line' id='line_1_42' title="bbox 178 3619 976 3695; baseline 0.005 -19"><span class='ocrx_word' id='word_1_510' title='bbox 178 3621 269 3676; x_wconf 88' lang='lat' dir='ltr'><strong>hesoat</strong></span> <span class='ocrx_word' id='word_1_511' title='bbox 297 3619 379 3674; x_wconf 87' lang='lat' dir='ltr'><strong>vitam</strong></span> <span class='ocrx_word' id='word_1_512' title='bbox 408 3620 508 3675; x_wconf 89' lang='lat' dir='ltr'><strong>habere</strong></span> <span class='ocrx_word' id='word_1_513' title='bbox 535 3620 713 3692; x_wconf 72' lang='lat' dir='ltr'><strong>degenerem,</strong></span> <span class='ocrx_word' id='word_1_514' title='bbox 729 3621 784 3677; x_wconf 91' lang='lat' dir='ltr'><strong>imo</strong></span> <span class='ocrx_word' id='word_1_515' title='bbox 810 3637 874 3679; x_wconf 81' lang='lat' dir='ltr'><strong>vero</strong></span> <span class='ocrx_word' id='word_1_516' title='bbox 902 3622 976 3695; x_wconf 89' lang='lat' dir='ltr'><strong>quod</strong></span> 
     </span>
     <span class='ocr_line' id='line_1_43' title="bbox 177 3706 977 3783; baseline 0.001 -17"><span class='ocrx_word' id='word_1_517' title='bbox 177 3716 288 3783; x_wconf 90' lang='lat' dir='ltr'><strong>peccato</strong></span> <span class='ocrx_word' id='word_1_518' title='bbox 302 3706 427 3764; x_wconf 80' lang='lat' dir='ltr'><strong>vitiatum</strong></span> <span class='ocrx_word' id='word_1_519' title='bbox 452 3708 662 3778; x_wconf 83' lang='lat' dir='ltr'><strong>deprehenderit</strong></span> <span class='ocrx_word' id='word_1_520' title='bbox 691 3711 718 3765; x_wconf 93' lang='lat' dir='ltr'><strong>in</strong></span> <span class='ocrx_word' id='word_1_521' title='bbox 746 3718 852 3779; x_wconf 87' lang='lat' dir='ltr'><strong>nature,</strong></span> <span class='ocrx_word' id='word_1_522' title='bbox 869 3712 977 3768; x_wconf 88' lang='lat' dir='ltr'><strong>studeat</strong></span> 
     </span>
     <span class='ocr_line' id='line_1_44' title="bbox 179 3796 977 3875; baseline 0.003 -21"><span class='ocrx_word' id='word_1_523' title='bbox 179 3796 327 3854; x_wconf 78' lang='lat' dir='ltr'><strong>reformare</strong></span> <span class='ocrx_word' id='word_1_524' title='bbox 346 3797 476 3853; x_wconf 89' lang='lat' dir='ltr'><strong>industria</strong></span> <span class='ocrx_word' id='word_1_525' title='bbox 493 3815 499 3866; x_wconf 87' lang='lat'><strong>;</strong></span> <span class='ocrx_word' id='word_1_526' title='bbox 528 3807 555 3853; x_wconf 90' lang='lat' dir='ltr'><strong>et</strong></span> <span class='ocrx_word' id='word_1_527' title='bbox 568 3797 652 3871; x_wconf 91' lang='lat' dir='ltr'><strong>digne</strong></span> <span class='ocrx_word' id='word_1_528' title='bbox 667 3813 717 3854; x_wconf 87' lang='lat' dir='ltr'><strong>suo</strong></span> <span class='ocrx_word' id='word_1_529' title='bbox 730 3814 839 3875; x_wconf 86' lang='lat' dir='ltr'><strong>genere,</strong></span> <span class='ocrx_word' id='word_1_530' title='bbox 855 3801 903 3856; x_wconf 86' lang='lat' dir='ltr'><strong>Dei</strong></span> <span class='ocrx_word' id='word_1_531' title='bbox 918 3800 977 3875; x_wconf 92' lang='lat' dir='ltr'><strong>qui·</strong></span> 
     </span>
     <span class='ocr_line' id='line_1_45' title="bbox 179 3886 976 3958; baseline 0.004 -16"><span class='ocrx_word' id='word_1_532' title='bbox 179 3886 243 3942; x_wconf 90' lang='lat' dir='ltr'><strong>dem</strong></span> <span class='ocrx_word' id='word_1_533' title='bbox 257 3900 379 3951; x_wconf 89' lang='lat' dir='ltr'><strong>munere,</strong></span> <span class='ocrx_word' id='word_1_534' title='bbox 395 3901 454 3941; x_wconf 89' lang='lat' dir='ltr'><strong>sese</strong></span> <span class='ocrx_word' id='word_1_535' title='bbox 469 3899 577 3958; x_wconf 88' lang='lat' dir='ltr'><strong>regens,</strong></span> <span class='ocrx_word' id='word_1_536' title='bbox 588 3887 622 3942; x_wconf 89' lang='lat' dir='ltr'><strong>ad</strong></span> <span class='ocrx_word' id='word_1_537' title='bbox 636 3886 775 3958; x_wconf 87' lang='lat' dir='ltr'><strong>amplexus</strong></span> <span class='ocrx_word' id='word_1_538' title='bbox 790 3888 875 3944; x_wconf 83' lang='lat' dir='ltr'><strong>Verbi</strong></span> <span class='ocrx_word' id='word_1_539' title='bbox 889 3886 976 3948; x_wconf 90' lang='lat' dir='ltr'><strong>liden-</strong></span> 
     </span>
     <span class='ocr_line' id='line_1_46' title="bbox 180 3974 354 4030; baseline -0.006 0"><span class='ocrx_word' id='word_1_540' title='bbox 180 3983 222 4030; x_wconf 89' lang='lat' dir='ltr'><strong>ter</strong></span> <span class='ocrx_word' id='word_1_541' title='bbox 236 3974 354 4030; x_wconf 89' lang='lat' dir='ltr'><strong>accedat.</strong></span> 
     </span>
    </p>

    <p class='ocr_par' dir='ltr' id='par_1_10' title="bbox 217 4061 977 4138">
     <span class='ocr_line' id='line_1_47' title="bbox 217 4061 977 4138; baseline 0.003 -17"><span class='ocrx_word' id='word_1_542' title='bbox 217 4067 243 4121; x_wconf 76' lang='grc'>1.</span> <span class='ocrx_word' id='word_1_543' title='bbox 259 4062 393 4118; x_wconf 66' lang='lat' dir='ltr'><strong>advertat</strong></span> <span class='ocrx_word' id='word_1_544' title='bbox 406 4061 489 4134; x_wconf 85' lang='lat' dir='ltr'><strong>igitur</strong></span> <span class='ocrx_word' id='word_1_545' title='bbox 499 4079 532 4119; x_wconf 87' lang='grc' dir='ltr'><strong>ει</strong></span> <span class='ocrx_word' id='word_1_546' title='bbox 547 4064 599 4120; x_wconf 88' lang='lat' dir='ltr'><strong>bac</strong></span> <span class='ocrx_word' id='word_1_547' title='bbox 609 4064 708 4120; x_wconf 82' lang='lat' dir='ltr'><strong>diviuae</strong></span> <span class='ocrx_word' id='word_1_548' title='bbox 717 4063 883 4138; x_wconf 87' lang='lat' dir='ltr'><strong>ingenuitate</strong></span> <span class='ocrx_word' id='word_1_549' title='bbox 898 4063 977 4123; x_wconf 92' lang='lat' dir='ltr'><strong>simi·</strong></span> 
     </span>
    </p>
   </div>
   <div class='ocr_carea' id='block_1_10' title="bbox 1028 3170 1828 4134">
    <p class='ocr_par' dir='ltr' id='par_1_11' title="bbox 1028 3170 1824 3424">
     <span class='ocr_line' id='line_1_48' title="bbox 1028 3170 1824 3249; baseline -0.005 -19"><span class='ocrx_word' id='word_1_550' title='bbox 1028 3191 1073 3232; x_wconf 88' lang='lat' dir='ltr'><strong>aer</strong></span> <span class='ocrx_word' id='word_1_551' title='bbox 1087 3174 1233 3242; x_wconf 83' lang='lat' dir='ltr'><strong>adaerem,</strong></span> <span class='ocrx_word' id='word_1_552' title='bbox 1262 3171 1334 3249; x_wconf 90' lang='lat' dir='ltr'><strong>iguis</strong></span> <span class='ocrx_word' id='word_1_553' title='bbox 1356 3173 1389 3228; x_wconf 88' lang='lat' dir='ltr'><strong>ed</strong></span> <span class='ocrx_word' id='word_1_554' title='bbox 1412 3171 1516 3244; x_wconf 88' lang='lat' dir='ltr'><strong>ignem,</strong></span> <span class='ocrx_word' id='word_1_555' title='bbox 1532 3179 1558 3227; x_wconf 92' lang='lat' dir='ltr'><strong>et</strong></span> <span class='ocrx_word' id='word_1_556' title='bbox 1586 3170 1693 3244; x_wconf 86' lang='lat' dir='ltr'><strong>reliqua</strong></span> <span class='ocrx_word' id='word_1_557' title='bbox 1707 3173 1741 3228; x_wconf 90' lang='lat' dir='ltr'><strong>in</strong></span> <span class='ocrx_word' id='word_1_558' title='bbox 1759 3174 1824 3229; x_wconf 86' lang='lat' dir='ltr'><strong>bure</strong></span> 
     </span>
     <span class='ocr_line' id='line_1_49' title="bbox 1029 3260 1824 3337; baseline -0.003 -18"><span class='ocrx_word' id='word_1_559' title='bbox 1029 3264 1151 3321; x_wconf 87' lang='lat' dir='ltr'><strong>modum.</strong></span> <span class='ocrx_word' id='word_1_560' title='bbox 1168 3264 1345 3337; x_wconf 83' lang='lat' dir='ltr'><strong>Nequaquam</strong></span> <span class='ocrx_word' id='word_1_561' title='bbox 1367 3260 1451 3335; x_wconf 86' lang='lat' dir='ltr'><strong>igitur</strong></span> <span class='ocrx_word' id='word_1_562' title='bbox 1468 3261 1514 3317; x_wconf 85' lang='lat' dir='ltr'><strong>tali</strong></span> <span class='ocrx_word' id='word_1_563' title='bbox 1535 3261 1598 3318; x_wconf 82' lang='lat' dir='ltr'><strong>vitre</strong></span> <span class='ocrx_word' id='word_1_564' title='bbox 1621 3260 1698 3318; x_wconf 90' lang='lat' dir='ltr'><strong>idem</strong></span> <span class='ocrx_word' id='word_1_565' title='bbox 1728 3266 1824 3320; x_wconf 85' lang='lat' dir='ltr'><strong>eeseet</strong></span> 
     </span>
     <span class='ocr_line' id='line_1_50' title="bbox 1029 3350 1637 3424; baseline -0.007 -14"><span class='ocrx_word' id='word_1_566' title='bbox 1029 3355 1120 3411; x_wconf 82' lang='lat' dir='ltr'><strong>vivere</strong></span> <span class='ocrx_word' id='word_1_567' title='bbox 1133 3359 1185 3420; x_wconf 89' lang='lat' dir='ltr'><strong>eat,</strong></span> <span class='ocrx_word' id='word_1_568' title='bbox 1200 3368 1262 3424; x_wconf 80' lang='lat' dir='ltr'><strong>que</strong></span> <span class='ocrx_word' id='word_1_569' title='bbox 1274 3358 1315 3409; x_wconf 90' lang='grc' dir='ltr'><strong>εει</strong></span> <span class='ocrx_word' id='word_1_570' title='bbox 1329 3359 1356 3410; x_wconf 90' lang='grc' dir='ltr'><strong>ει</strong></span> <span class='ocrx_word' id='word_1_571' title='bbox 1369 3350 1479 3424; x_wconf 88' lang='lat' dir='ltr'><strong>quaudo</strong></span> <span class='ocrx_word' id='word_1_572' title='bbox 1495 3366 1549 3407; x_wconf 89' lang='lat' dir='ltr'><strong>uon</strong></span> <span class='ocrx_word' id='word_1_573' title='bbox 1562 3350 1637 3408; x_wconf 79' lang='lat' dir='ltr'><strong>tivit.</strong></span> 
     </span>
    </p>

    <p class='ocr_par' dir='ltr' id='par_1_12' title="bbox 1030 3437 1828 4134">
     <span class='ocr_line' id='line_1_51' title="bbox 1065 3437 1824 3514; baseline -0.005 -16"><span class='ocrx_word' id='word_1_574' title='bbox 1065 3445 1092 3501; x_wconf 84' lang='lat' dir='ltr'><strong>t.</strong></span> <span class='ocrx_word' id='word_1_575' title='bbox 1109 3442 1191 3498; x_wconf 88' lang='lat' dir='ltr'><strong>Porro</strong></span> <span class='ocrx_word' id='word_1_576' title='bbox 1207 3442 1271 3497; x_wconf 88' lang='lat' dir='ltr'><strong>nihil</strong></span> <span class='ocrx_word' id='word_1_577' title='bbox 1291 3442 1399 3508; x_wconf 90' lang='lat' dir='ltr'><strong>horum,</strong></span> <span class='ocrx_word' id='word_1_578' title='bbox 1420 3439 1521 3514; x_wconf 90' lang='lat' dir='ltr'><strong>quihus</strong></span> <span class='ocrx_word' id='word_1_579' title='bbox 1538 3454 1591 3496; x_wconf 91' lang='lat' dir='ltr'><strong>nou</strong></span> <span class='ocrx_word' id='word_1_580' title='bbox 1617 3440 1670 3495; x_wconf 89' lang='lat' dir='ltr'><strong>boe</strong></span> <span class='ocrx_word' id='word_1_581' title='bbox 1685 3437 1824 3510; x_wconf 82' lang='lat' dir='ltr'><strong>esseqbod</strong></span> 
     </span>
     <span class='ocr_line' id='line_1_52' title="bbox 1031 3527 1825 3602; baseline -0.005 -16"><span class='ocrx_word' id='word_1_582' title='bbox 1031 3531 1121 3587; x_wconf 82' lang='lat' dir='ltr'><strong>vivere</strong></span> <span class='ocrx_word' id='word_1_583' title='bbox 1139 3529 1183 3598; x_wconf 91' lang='lat' dir='ltr'><strong>sit,</strong></span> <span class='ocrx_word' id='word_1_584' title='bbox 1203 3529 1237 3584; x_wconf 90' lang='lat' dir='ltr'><strong>ad</strong></span> <span class='ocrx_word' id='word_1_585' title='bbox 1260 3530 1329 3586; x_wconf 88' lang='lat' dir='ltr'><strong>bene</strong></span> <span class='ocrx_word' id='word_1_586' title='bbox 1343 3531 1477 3602; x_wconf 86' lang='lat' dir='ltr'><strong>beateque</strong></span> <span class='ocrx_word' id='word_1_587' title='bbox 1499 3527 1641 3584; x_wconf 81' lang='lat' dir='ltr'><strong>vivendum</strong></span> <span class='ocrx_word' id='word_1_588' title='bbox 1663 3528 1825 3600; x_wconf 81' lang='lat' dir='ltr'><strong>quandoque</strong></span> 
     </span>
     <span class='ocr_line' id='line_1_53' title="bbox 1031 3616 1826 3695; baseline -0.005 -20"><span class='ocrx_word' id='word_1_589' title='bbox 1031 3618 1153 3695; x_wconf 79' lang='lat' dir='ltr'><strong>proficiet</strong></span> <span class='ocrx_word' id='word_1_590' title='bbox 1165 3619 1208 3676; x_wconf 82' lang='lat' dir='ltr'><strong>rel</strong></span> <span class='ocrx_word' id='word_1_591' title='bbox 1227 3627 1348 3692; x_wconf 79' lang='lat' dir='ltr'><strong>energet</strong></span> <span class='ocrx_word' id='word_1_592' title='bbox 1363 3636 1371 3673; x_wconf 81' lang='grc' dir='ltr'><strong>ι</strong></span> <span class='ocrx_word' id='word_1_593' title='bbox 1386 3618 1488 3692; x_wconf 89' lang='lat' dir='ltr'><strong>quippe</strong></span> <span class='ocrx_word' id='word_1_594' title='bbox 1504 3617 1577 3690; x_wconf 90' lang='lat' dir='ltr'><strong>quod</strong></span> <span class='ocrx_word' id='word_1_595' title='bbox 1597 3631 1685 3688; x_wconf 74' lang='grc' dir='ltr'>ιιεειιε</span> <span class='ocrx_word' id='word_1_596' title='bbox 1707 3616 1742 3672; x_wconf 84' lang='lat' dir='ltr'><strong>ad</strong></span> <span class='ocrx_word' id='word_1_597' title='bbox 1758 3616 1826 3671; x_wconf 84' lang='lat' dir='ltr'><strong>bunc</strong></span> 
     </span>
     <span class='ocr_line' id='line_1_54' title="bbox 1032 3700 1826 3779; baseline -0.006 -19"><span class='ocrx_word' id='word_1_598' title='bbox 1032 3704 1184 3763; x_wconf 79' lang='lat' dir='ltr'><strong>interiorem</strong></span> <span class='ocrx_word' id='word_1_599' title='bbox 1205 3705 1317 3779; x_wconf 88' lang='lat' dir='ltr'><strong>gradum</strong></span> <span class='ocrx_word' id='word_1_600' title='bbox 1341 3705 1429 3776; x_wconf 90' lang='lat' dir='ltr'><strong>potuit</strong></span> <span class='ocrx_word' id='word_1_601' title='bbox 1451 3703 1604 3777; x_wconf 82' lang='lat' dir='ltr'><strong>pertenire.</strong></span> <span class='ocrx_word' id='word_1_602' title='bbox 1632 3702 1710 3769; x_wconf 81' lang='lat' dir='ltr'><strong>Sola,</strong></span> <span class='ocrx_word' id='word_1_603' title='bbox 1724 3718 1789 3777; x_wconf 72' lang='lat' dir='ltr'><strong>ques</strong></span> <span class='ocrx_word' id='word_1_604' title='bbox 1801 3700 1826 3756; x_wconf 95' lang='lat' dir='ltr'><strong>iu</strong></span> 
     </span>
     <span class='ocr_line' id='line_1_55' title="bbox 1031 3790 1821 3868; baseline -0.003 -17"><span class='ocrx_word' id='word_1_605' title='bbox 1031 3796 1090 3866; x_wconf 91' lang='lat' dir='ltr'><strong>ipso</strong></span> <span class='ocrx_word' id='word_1_606' title='bbox 1133 3807 1205 3851; x_wconf 86' lang='lat' dir='ltr'><strong>stare</strong></span> <span class='ocrx_word' id='word_1_607' title='bbox 1238 3794 1412 3868; x_wconf 86' lang='lat' dir='ltr'><strong>cognoscitur</strong></span> <span class='ocrx_word' id='word_1_608' title='bbox 1439 3792 1528 3849; x_wconf 85' lang='lat' dir='ltr'><strong>auinra</strong></span> <span class='ocrx_word' id='word_1_609' title='bbox 1562 3791 1693 3863; x_wconf 86' lang='lat' dir='ltr'><strong>hominia,</strong></span> <span class='ocrx_word' id='word_1_610' title='bbox 1733 3790 1763 3848; x_wconf 89' lang='lat' dir='ltr'><strong>iu</strong></span> <span class='ocrx_word' id='word_1_611' title='bbox 1789 3805 1821 3849; x_wconf 85' lang='lat' dir='ltr'><strong>eo</strong></span> 
     </span>
     <span class='ocr_line' id='line_1_56' title="bbox 1030 3877 1827 3957; baseline -0.006 -19"><span class='ocrx_word' id='word_1_612' title='bbox 1030 3884 1172 3957; x_wconf 85' lang='lat' dir='ltr'><strong>diguitatis</strong></span> <span class='ocrx_word' id='word_1_613' title='bbox 1183 3890 1271 3939; x_wconf 89' lang='lat' dir='ltr'><strong>creata</strong></span> <span class='ocrx_word' id='word_1_614' title='bbox 1280 3890 1332 3954; x_wconf 89' lang='lat' dir='ltr'><strong>est,</strong></span> <span class='ocrx_word' id='word_1_615' title='bbox 1344 3881 1398 3939; x_wconf 82' lang='lat' dir='ltr'><strong>vita</strong></span> <span class='ocrx_word' id='word_1_616' title='bbox 1420 3881 1513 3949; x_wconf 71' lang='lat' dir='ltr'><strong>rahe,</strong></span> <span class='ocrx_word' id='word_1_617' title='bbox 1528 3879 1643 3951; x_wconf 84' lang='lat' dir='ltr'><strong>simplex</strong></span> <span class='ocrx_word' id='word_1_618' title='bbox 1667 3877 1827 3950; x_wconf 83' lang='lat' dir='ltr'><strong>asimpiiei,</strong></span> 
     </span>
     <span class='ocr_line' id='line_1_57' title="bbox 1030 3968 1828 4040; baseline -0.001 -14"><span class='ocrx_word' id='word_1_619' title='bbox 1030 3971 1191 4028; x_wconf 87' lang='lat' dir='ltr'><strong>immortalis</strong></span> <span class='ocrx_word' id='word_1_620' title='bbox 1203 3971 1237 4027; x_wconf 91' lang='lat' dir='ltr'><strong>ab</strong></span> <span class='ocrx_word' id='word_1_621' title='bbox 1256 3970 1412 4036; x_wconf 88' lang='lat' dir='ltr'><strong>immortali,</strong></span> <span class='ocrx_word' id='word_1_622' title='bbox 1428 3983 1457 4025; x_wconf 88' lang='lat' dir='ltr'><strong>ut</strong></span> <span class='ocrx_word' id='word_1_623' title='bbox 1473 3971 1575 4024; x_wconf 89' lang='lat' dir='ltr'><strong>nonsit</strong></span> <span class='ocrx_word' id='word_1_624' title='bbox 1596 3968 1703 4040; x_wconf 80' lang='lat' dir='ltr'><strong>longer</strong></span> <span class='ocrx_word' id='word_1_625' title='bbox 1715 3980 1828 4025; x_wconf 84' lang='lat' dir='ltr'><strong>summo</strong></span> 
     </span>
     <span class='ocr_line' id='line_1_58' title="bbox 1032 4055 1827 4134; baseline -0.008 -18"><span class='ocrx_word' id='word_1_626' title='bbox 1032 4059 1128 4134; x_wconf 85' lang='lat' dir='ltr'><strong>gradu,</strong></span> <span class='ocrx_word' id='word_1_627' title='bbox 1144 4058 1189 4115; x_wconf 87' lang='lat' dir='ltr'><strong>ubi</strong></span> <span class='ocrx_word' id='word_1_628' title='bbox 1209 4059 1314 4115; x_wconf 87' lang='lat' dir='ltr'><strong>scilicet</strong></span> <span class='ocrx_word' id='word_1_629' title='bbox 1336 4058 1363 4115; x_wconf 91' lang='lat' dir='ltr'><strong>id</strong></span> <span class='ocrx_word' id='word_1_630' title='bbox 1378 4056 1520 4130; x_wconf 85' lang='lat' dir='ltr'><strong>essequod</strong></span> <span class='ocrx_word' id='word_1_631' title='bbox 1535 4058 1614 4114; x_wconf 85' lang='lat' dir='ltr'><strong>beate</strong></span> <span class='ocrx_word' id='word_1_632' title='bbox 1628 4055 1721 4113; x_wconf 83' lang='lat' dir='ltr'><strong>virere</strong></span> <span class='ocrx_word' id='word_1_633' title='bbox 1734 4064 1788 4121; x_wconf 88' lang='lat' dir='ltr'><strong>est,</strong></span> <span class='ocrx_word' id='word_1_634' title='bbox 1803 4055 1827 4110; x_wconf 92' lang='lat' dir='ltr'><strong>in</strong></span> 
     </span>
    </p>
   </div>
   <div class='ocr_carea' id='block_1_11' title="bbox 181 4146 1836 5558">
    <p class='ocr_par' dir='ltr' id='par_1_13' title="bbox 181 4146 1836 5472">
     <span class='ocr_line' id='line_1_59' title="bbox 181 4146 1828 4222; baseline -0.005 -13"><span class='ocrx_word' id='word_1_635' title='bbox 181 4152 303 4209; x_wconf 87' lang='lat' dir='ltr'><strong>titudinis</strong></span> <span class='ocrx_word' id='word_1_636' title='bbox 317 4151 408 4208; x_wconf 87' lang='lat' dir='ltr'><strong>inesse</strong></span> <span class='ocrx_word' id='word_1_637' title='bbox 422 4151 473 4207; x_wconf 92' lang='lat' dir='ltr'><strong>sibi</strong></span> <span class='ocrx_word' id='word_1_638' title='bbox 487 4151 561 4208; x_wconf 88' lang='lat' dir='ltr'><strong>illam</strong></span> <span class='ocrx_word' id='word_1_639' title='bbox 581 4167 638 4209; x_wconf 89' lang='lat' dir='ltr'><strong>suae</strong></span> <span class='ocrx_word' id='word_1_640' title='bbox 649 4152 807 4209; x_wconf 78' lang='lat' dir='ltr'><strong>substantie</strong></span> <span class='ocrx_word' id='word_1_641' title='bbox 825 4156 976 4212; x_wconf 86' lang='lat' dir='ltr'><strong>naturalem</strong></span> <span class='ocrx_word' id='word_1_642' title='bbox 1033 4166 1089 4222; x_wconf 92' lang='lat' dir='ltr'><strong>quo</strong></span> <span class='ocrx_word' id='word_1_643' title='bbox 1106 4150 1181 4206; x_wconf 89' lang='lat' dir='ltr'><strong>solus</strong></span> <span class='ocrx_word' id='word_1_644' title='bbox 1195 4154 1248 4205; x_wconf 83' lang='lat' dir='ltr'><strong>stat</strong></span> <span class='ocrx_word' id='word_1_645' title='bbox 1263 4149 1375 4213; x_wconf 90' lang='lat' dir='ltr'><strong>beatus,</strong></span> <span class='ocrx_word' id='word_1_646' title='bbox 1389 4153 1416 4202; x_wconf 91' lang='grc' dir='ltr'><strong>ει</strong></span> <span class='ocrx_word' id='word_1_647' title='bbox 1430 4148 1506 4203; x_wconf 91' lang='lat' dir='ltr'><strong>solus</strong></span> <span class='ocrx_word' id='word_1_648' title='bbox 1522 4153 1627 4219; x_wconf 89' lang='lat' dir='ltr'><strong>potens,</strong></span> <span class='ocrx_word' id='word_1_649' title='bbox 1645 4146 1704 4201; x_wconf 86' lang='lat' dir='ltr'><strong>ilex</strong></span> <span class='ocrx_word' id='word_1_650' title='bbox 1722 4160 1828 4220; x_wconf 77' lang='lat' dir='ltr'><strong>regum,</strong></span> 
     </span>
     <span class='ocr_line' id='line_1_60' title="bbox 182 4233 1830 4314; baseline -0.006 -16"><span class='ocrx_word' id='word_1_651' title='bbox 182 4240 390 4313; x_wconf 85' lang='lat' dir='ltr'><strong>simplicitatem,</strong></span> <span class='ocrx_word' id='word_1_652' title='bbox 421 4256 477 4313; x_wconf 87' lang='lat' dir='ltr'><strong>qua</strong></span> <span class='ocrx_word' id='word_1_653' title='bbox 503 4241 555 4297; x_wconf 93' lang='lat' dir='ltr'><strong>hoc</strong></span> <span class='ocrx_word' id='word_1_654' title='bbox 578 4246 620 4296; x_wconf 90' lang='grc' dir='ltr'><strong>εει</strong></span> <span class='ocrx_word' id='word_1_655' title='bbox 634 4240 672 4295; x_wconf 92' lang='lat' dir='ltr'><strong>illi</strong></span> <span class='ocrx_word' id='word_1_656' title='bbox 700 4256 761 4296; x_wconf 87' lang='lat' dir='ltr'><strong>esse</strong></span> <span class='ocrx_word' id='word_1_657' title='bbox 787 4242 860 4314; x_wconf 92' lang='lat' dir='ltr'><strong>quod</strong></span> <span class='ocrx_word' id='word_1_658' title='bbox 874 4242 973 4311; x_wconf 86' lang='lat' dir='ltr'><strong>vivere,</strong></span> <span class='ocrx_word' id='word_1_659' title='bbox 1032 4246 1059 4293; x_wconf 91' lang='lat' dir='ltr'><strong>ct</strong></span> <span class='ocrx_word' id='word_1_660' title='bbox 1085 4238 1215 4293; x_wconf 80' lang='grc' dir='ltr'>ὓοιιιίιιιιε</span> <span class='ocrx_word' id='word_1_661' title='bbox 1239 4233 1689 4307; x_wconf 78' lang='lat' dir='ltr'><strong>dominantiumdecepit1olios,</strong></span> <span class='ocrx_word' id='word_1_662' title='bbox 1724 4233 1830 4306; x_wconf 86' lang='lat' dir='ltr'><strong>aeoipitl</strong></span> 
     </span>
     <span class='ocr_line' id='line_1_61' title="bbox 182 4323 1830 4403; baseline -0.005 -16"><span class='ocrx_word' id='word_1_663' title='bbox 182 4330 232 4388; x_wconf 89' lang='lat' dir='ltr'><strong>etsi</strong></span> <span class='ocrx_word' id='word_1_664' title='bbox 251 4327 366 4388; x_wconf 70' lang='grc'>1551)</span> <span class='ocrx_word' id='word_1_665' title='bbox 378 4345 433 4386; x_wconf 90' lang='lat' dir='ltr'><strong>uon</strong></span> <span class='ocrx_word' id='word_1_666' title='bbox 446 4327 520 4403; x_wconf 84' lang='lat' dir='ltr'><strong>quoti</strong></span> <span class='ocrx_word' id='word_1_667' title='bbox 536 4330 615 4398; x_wconf 90' lang='lat' dir='ltr'><strong>bene,</strong></span> <span class='ocrx_word' id='word_1_668' title='bbox 626 4328 733 4398; x_wconf 90' lang='lat' dir='ltr'><strong>quodve</strong></span> <span class='ocrx_word' id='word_1_669' title='bbox 742 4329 820 4386; x_wconf 90' lang='lat' dir='ltr'><strong>beate</strong></span> <span class='ocrx_word' id='word_1_670' title='bbox 833 4330 934 4401; x_wconf 86' lang='lat' dir='ltr'><strong>vivere,</strong></span> <span class='ocrx_word' id='word_1_671' title='bbox 949 4342 979 4390; x_wconf 87' lang='lat' dir='ltr'><strong>ut</strong></span> <span class='ocrx_word' id='word_1_672' title='bbox 1032 4327 1120 4400; x_wconf 90' lang='lat' dir='ltr'><strong>itaque</strong></span> <span class='ocrx_word' id='word_1_673' title='bbox 1134 4326 1160 4380; x_wconf 86' lang='lat' dir='ltr'><strong>io</strong></span> <span class='ocrx_word' id='word_1_674' title='bbox 1174 4325 1215 4380; x_wconf 91' lang='lat' dir='ltr'><strong>sui</strong></span> <span class='ocrx_word' id='word_1_675' title='bbox 1230 4323 1387 4381; x_wconf 88' lang='lat' dir='ltr'><strong>conditione</strong></span> <span class='ocrx_word' id='word_1_676' title='bbox 1401 4324 1500 4389; x_wconf 86' lang='lat' dir='ltr'><strong>anima,</strong></span> <span class='ocrx_word' id='word_1_677' title='bbox 1524 4323 1576 4380; x_wconf 89' lang='lat' dir='ltr'><strong>etsi</strong></span> <span class='ocrx_word' id='word_1_678' title='bbox 1591 4337 1645 4379; x_wconf 91' lang='lat' dir='ltr'><strong>nou</strong></span> <span class='ocrx_word' id='word_1_679' title='bbox 1660 4336 1738 4391; x_wconf 84' lang='lat' dir='ltr'><strong>esse,</strong></span> <span class='ocrx_word' id='word_1_680' title='bbox 1753 4338 1830 4397; x_wconf 81' lang='lat' dir='ltr'><strong>posse</strong></span> 
     </span>
     <span class='ocr_line' id='line_1_62' title="bbox 185 4411 1833 4494; baseline -0.003 -20"><span class='ocrx_word' id='word_1_681' title='bbox 185 4418 221 4475; x_wconf 89' lang='lat' dir='ltr'><strong>sit</strong></span> <span class='ocrx_word' id='word_1_682' title='bbox 245 4418 403 4485; x_wconf 90' lang='lat' dir='ltr'><strong>similitudo,</strong></span> <span class='ocrx_word' id='word_1_683' title='bbox 419 4434 475 4474; x_wconf 93' lang='lat' dir='ltr'><strong>non</strong></span> <span class='ocrx_word' id='word_1_684' title='bbox 489 4416 637 4490; x_wconf 88' lang='lat' dir='ltr'><strong>aequalitas.</strong></span> <span class='ocrx_word' id='word_1_685' title='bbox 663 4416 771 4473; x_wconf 85' lang='lat' dir='ltr'><strong>Gradus</strong></span> <span class='ocrx_word' id='word_1_686' title='bbox 801 4419 981 4494; x_wconf 91' lang='lat' dir='ltr'><strong>propinquus,</strong></span> <span class='ocrx_word' id='word_1_687' title='bbox 1032 4425 1121 4472; x_wconf 87' lang='lat' dir='ltr'><strong>temen</strong></span> <span class='ocrx_word' id='word_1_688' title='bbox 1135 4429 1193 4470; x_wconf 86' lang='lat' dir='ltr'><strong>esse</strong></span> <span class='ocrx_word' id='word_1_689' title='bbox 1217 4414 1309 4482; x_wconf 90' lang='lat' dir='ltr'><strong>beate;</strong></span> <span class='ocrx_word' id='word_1_690' title='bbox 1334 4428 1441 4470; x_wconf 88' lang='lat' dir='ltr'><strong>summo</strong></span> <span class='ocrx_word' id='word_1_691' title='bbox 1472 4413 1586 4484; x_wconf 90' lang='lat' dir='ltr'><strong>proinde</strong></span> <span class='ocrx_word' id='word_1_692' title='bbox 1613 4411 1727 4485; x_wconf 78' lang='lat' dir='ltr'><strong>gradui,</strong></span> <span class='ocrx_word' id='word_1_693' title='bbox 1748 4428 1833 4484; x_wconf 77' lang='lat' dir='ltr'><strong>quea·</strong></span> 
     </span>
     <span class='ocr_line' id='line_1_63' title="bbox 186 4499 1832 4580; baseline -0.004 -16"><span class='ocrx_word' id='word_1_694' title='bbox 186 4508 288 4579; x_wconf 65' lang='lat' dir='ltr'><strong>medus</strong></span> <span class='ocrx_word' id='word_1_695' title='bbox 298 4516 396 4563; x_wconf 87' lang='grc' dir='ltr'>ιειιιειι.</span> <span class='ocrx_word' id='word_1_696' title='bbox 412 4506 508 4578; x_wconf 89' lang='lat' dir='ltr'><strong>Neque</strong></span> <span class='ocrx_word' id='word_1_697' title='bbox 519 4505 592 4560; x_wconf 92' lang='lat' dir='ltr'><strong>enim</strong></span> <span class='ocrx_word' id='word_1_698' title='bbox 607 4506 688 4562; x_wconf 91' lang='lat' dir='ltr'><strong>unius</strong></span> <span class='ocrx_word' id='word_1_699' title='bbox 699 4507 862 4564; x_wconf 74' lang='lat' dir='ltr'><strong>excellentiae</strong></span> <span class='ocrx_word' id='word_1_700' title='bbox 877 4510 984 4580; x_wconf 85' lang='lat' dir='ltr'><strong>parisve</strong></span> <span class='ocrx_word' id='word_1_701' title='bbox 1031 4513 1087 4560; x_wconf 92' lang='lat' dir='ltr'><strong>tum</strong></span> <span class='ocrx_word' id='word_1_702' title='bbox 1103 4501 1174 4572; x_wconf 90' lang='lat' dir='ltr'><strong>licet,</strong></span> <span class='ocrx_word' id='word_1_703' title='bbox 1187 4502 1363 4574; x_wconf 87' lang='lat' dir='ltr'><strong>appropians,</strong></span> <span class='ocrx_word' id='word_1_704' title='bbox 1379 4516 1433 4558; x_wconf 93' lang='lat' dir='ltr'><strong>uon</strong></span> <span class='ocrx_word' id='word_1_705' title='bbox 1447 4499 1606 4574; x_wconf 87' lang='lat' dir='ltr'><strong>pertingens</strong></span> <span class='ocrx_word' id='word_1_706' title='bbox 1615 4505 1724 4558; x_wconf 86' lang='lat' dir='ltr'><strong>tamen.</strong></span> <span class='ocrx_word' id='word_1_707' title='bbox 1740 4502 1832 4574; x_wconf 84' lang='lat' dir='ltr'><strong>Neque</strong></span> 
     </span>
     <span class='ocr_line' id='line_1_64' title="bbox 187 4587 1834 4670; baseline 0.001 -18"><span class='ocrx_word' id='word_1_708' title='bbox 187 4595 289 4670; x_wconf 84' lang='lat' dir='ltr'><strong>lastigii</strong></span> <span class='ocrx_word' id='word_1_709' title='bbox 304 4604 378 4662; x_wconf 91' lang='lat' dir='ltr'><strong>sunt,</strong></span> <span class='ocrx_word' id='word_1_710' title='bbox 393 4596 447 4650; x_wconf 91' lang='lat' dir='ltr'><strong>hoo</strong></span> <span class='ocrx_word' id='word_1_711' title='bbox 459 4592 563 4651; x_wconf 89' lang='lat' dir='ltr'><strong>hahere</strong></span> <span class='ocrx_word' id='word_1_712' title='bbox 577 4609 640 4651; x_wconf 88' lang='grc' dir='ltr'>εεεε</span> <span class='ocrx_word' id='word_1_713' title='bbox 656 4594 731 4668; x_wconf 93' lang='lat' dir='ltr'><strong>quod</strong></span> <span class='ocrx_word' id='word_1_714' title='bbox 745 4595 845 4664; x_wconf 83' lang='lat' dir='ltr'><strong>vivere,</strong></span> <span class='ocrx_word' id='word_1_715' title='bbox 876 4599 984 4655; x_wconf 90' lang='lat' dir='ltr'><strong>etitem</strong></span> <span class='ocrx_word' id='word_1_716' title='bbox 1030 4592 1103 4649; x_wconf 90' lang='lat' dir='ltr'><strong>enim</strong></span> <span class='ocrx_word' id='word_1_717' title='bbox 1121 4591 1239 4664; x_wconf 75' lang='lat' dir='ltr'><strong>eclipsi,</strong></span> <span class='ocrx_word' id='word_1_718' title='bbox 1254 4598 1380 4664; x_wconf 88' lang='lat' dir='ltr'><strong>utsupra</strong></span> <span class='ocrx_word' id='word_1_719' title='bbox 1402 4587 1527 4656; x_wconf 61' lang='lat' dir='ltr'><strong>diffinit,</strong></span> <span class='ocrx_word' id='word_1_720' title='bbox 1540 4590 1593 4646; x_wconf 87' lang='lat' dir='ltr'><strong>boe</strong></span> <span class='ocrx_word' id='word_1_721' title='bbox 1606 4587 1658 4644; x_wconf 67' lang='grc'>0111</span> <span class='ocrx_word' id='word_1_722' title='bbox 1687 4589 1834 4664; x_wconf 67' lang='grc' dir='ltr'>ιῦιιιὶιῦιιθ</span> 
     </span>
     <span class='ocr_line' id='line_1_65' title="bbox 187 4676 1833 4759; baseline -0.005 -17"><span class='ocrx_word' id='word_1_723' title='bbox 187 4686 289 4742; x_wconf 86' lang='lat' dir='ltr'><strong>habere</strong></span> <span class='ocrx_word' id='word_1_724' title='bbox 317 4686 370 4741; x_wconf 93' lang='lat' dir='ltr'><strong>boc</strong></span> <span class='ocrx_word' id='word_1_725' title='bbox 383 4696 444 4739; x_wconf 89' lang='lat' dir='ltr'><strong>esse</strong></span> <span class='ocrx_word' id='word_1_726' title='bbox 458 4684 532 4753; x_wconf 92' lang='lat' dir='ltr'><strong>quod</strong></span> <span class='ocrx_word' id='word_1_727' title='bbox 546 4683 625 4740; x_wconf 85' lang='lat' dir='ltr'><strong>beate</strong></span> <span class='ocrx_word' id='word_1_728' title='bbox 645 4683 749 4740; x_wconf 79' lang='lat' dir='ltr'><strong>vivere.</strong></span> <span class='ocrx_word' id='word_1_729' title='bbox 765 4684 839 4759; x_wconf 80' lang='lat' dir='ltr'><strong>Ergo</strong></span> <span class='ocrx_word' id='word_1_730' title='bbox 867 4686 889 4742; x_wconf 91' lang='lat' dir='ltr'><strong>si</strong></span> <span class='ocrx_word' id='word_1_731' title='bbox 904 4686 984 4744; x_wconf 79' lang='lat' dir='ltr'><strong>Verbi</strong></span> <span class='ocrx_word' id='word_1_732' title='bbox 1029 4681 1175 4754; x_wconf 87' lang='lat' dir='ltr'><strong>essequod</strong></span> <span class='ocrx_word' id='word_1_733' title='bbox 1198 4680 1304 4737; x_wconf 70' lang='lat' dir='ltr'><strong>hesum</strong></span> <span class='ocrx_word' id='word_1_734' title='bbox 1318 4696 1389 4747; x_wconf 89' lang='lat' dir='ltr'><strong>esse,</strong></span> <span class='ocrx_word' id='word_1_735' title='bbox 1404 4694 1455 4735; x_wconf 92' lang='lat' dir='ltr'><strong>nee</strong></span> <span class='ocrx_word' id='word_1_736' title='bbox 1473 4677 1582 4750; x_wconf 90' lang='lat' dir='ltr'><strong>quando</strong></span> <span class='ocrx_word' id='word_1_737' title='bbox 1604 4676 1688 4734; x_wconf 79' lang='lat' dir='ltr'><strong>baete</strong></span> <span class='ocrx_word' id='word_1_738' title='bbox 1701 4678 1769 4738; x_wconf 88' lang='lat' dir='ltr'><strong>erit.</strong></span> <span class='ocrx_word' id='word_1_739' title='bbox 1785 4680 1833 4738; x_wconf 76' lang='lat' dir='ltr'><strong>tb-</strong></span> 
     </span>
     <span class='ocr_line' id='line_1_66' title="bbox 185 4766 1834 4846; baseline -0.002 -17"><span class='ocrx_word' id='word_1_740' title='bbox 185 4783 229 4830; x_wconf 90' lang='lat' dir='ltr'><strong>est</strong></span> <span class='ocrx_word' id='word_1_741' title='bbox 242 4772 306 4828; x_wconf 91' lang='lat' dir='ltr'><strong>illud</strong></span> <span class='ocrx_word' id='word_1_742' title='bbox 321 4779 432 4845; x_wconf 87' lang='lat' dir='ltr'><strong>propter</strong></span> <span class='ocrx_word' id='word_1_743' title='bbox 453 4768 659 4844; x_wconf 87' lang='lat' dir='ltr'><strong>sublimitatem,</strong></span> <span class='ocrx_word' id='word_1_744' title='bbox 688 4772 739 4829; x_wconf 92' lang='lat' dir='ltr'><strong>hoc</strong></span> <span class='ocrx_word' id='word_1_745' title='bbox 763 4773 860 4830; x_wconf 88' lang='lat' dir='ltr'><strong>animae</strong></span> <span class='ocrx_word' id='word_1_746' title='bbox 874 4784 986 4846; x_wconf 87' lang='lat' dir='ltr'><strong>propter</strong></span> <span class='ocrx_word' id='word_1_747' title='bbox 1030 4779 1118 4828; x_wconf 91' lang='lat' dir='ltr'><strong>temur</strong></span> <span class='ocrx_word' id='word_1_748' title='bbox 1142 4770 1355 4836; x_wconf 90' lang='lat' dir='ltr'><strong>similitudinem,</strong></span> <span class='ocrx_word' id='word_1_749' title='bbox 1372 4766 1550 4842; x_wconf 83' lang='lat' dir='ltr'><strong>aequalitatem</strong></span> <span class='ocrx_word' id='word_1_750' title='bbox 1574 4767 1729 4824; x_wconf 77' lang='lat' dir='ltr'><strong>mouimus.</strong></span> <span class='ocrx_word' id='word_1_751' title='bbox 1755 4768 1834 4826; x_wconf 77' lang='lat' dir='ltr'><strong>vern</strong></span> 
     </span>
     <span class='ocr_line' id='line_1_67' title="bbox 188 4854 1833 4936; baseline -0.003 -18"><span class='ocrx_word' id='word_1_752' title='bbox 188 4860 402 4930; x_wconf 88' lang='lat' dir='ltr'><strong>simititudincm,</strong></span> <span class='ocrx_word' id='word_1_753' title='bbox 414 4858 489 4917; x_wconf 86' lang='lat' dir='ltr'><strong>salva</strong></span> <span class='ocrx_word' id='word_1_754' title='bbox 503 4861 612 4934; x_wconf 92' lang='lat' dir='ltr'><strong>quidem</strong></span> <span class='ocrx_word' id='word_1_755' title='bbox 627 4860 774 4919; x_wconf 90' lang='lat' dir='ltr'><strong>eminentia</strong></span> <span class='ocrx_word' id='word_1_756' title='bbox 785 4862 880 4932; x_wconf 78' lang='lat' dir='ltr'><strong>Verbi,</strong></span> <span class='ocrx_word' id='word_1_757' title='bbox 896 4866 985 4936; x_wconf 91' lang='lat' dir='ltr'><strong>palam</strong></span> <span class='ocrx_word' id='word_1_758' title='bbox 1035 4874 1127 4926; x_wconf 90' lang='lat' dir='ltr'><strong>causa,</strong></span> <span class='ocrx_word' id='word_1_759' title='bbox 1142 4860 1200 4915; x_wconf 81' lang='lat' dir='ltr'><strong>vita</strong></span> <span class='ocrx_word' id='word_1_760' title='bbox 1215 4859 1299 4930; x_wconf 87' lang='lat' dir='ltr'><strong>Deus,</strong></span> <span class='ocrx_word' id='word_1_761' title='bbox 1318 4859 1373 4915; x_wconf 85' lang='lat' dir='ltr'><strong>rita</strong></span> <span class='ocrx_word' id='word_1_762' title='bbox 1386 4859 1510 4914; x_wconf 83' lang='lat' dir='ltr'><strong>etanima</strong></span> <span class='ocrx_word' id='word_1_763' title='bbox 1526 4862 1584 4925; x_wconf 87' lang='grc' dir='ltr'>εει;</span> <span class='ocrx_word' id='word_1_764' title='bbox 1599 4854 1703 4914; x_wconf 82' lang='lat' dir='ltr'><strong>similis</strong></span> <span class='ocrx_word' id='word_1_765' title='bbox 1717 4857 1833 4929; x_wconf 74' lang='lat' dir='ltr'><strong>quiden.</strong></span> 
     </span>
     <span class='ocr_line' id='line_1_68' title="bbox 189 4944 1835 5026; baseline -0.004 -18"><span class='ocrx_word' id='word_1_766' title='bbox 189 4949 358 5008; x_wconf 83' lang='lat' dir='ltr'><strong>estelbnitas</strong></span> <span class='ocrx_word' id='word_1_767' title='bbox 372 4959 539 5020; x_wconf 87' lang='lat' dir='ltr'><strong>naturarum,</strong></span> <span class='ocrx_word' id='word_1_768' title='bbox 567 4951 656 5023; x_wconf 89' lang='lat' dir='ltr'><strong>palam</strong></span> <span class='ocrx_word' id='word_1_769' title='bbox 680 4951 778 5007; x_wconf 85' lang='lat' dir='ltr'><strong>animae</strong></span> <span class='ocrx_word' id='word_1_770' title='bbox 791 4953 982 5026; x_wconf 66' lang='lat' dir='ltr'><strong>praerogativa.</strong></span> <span class='ocrx_word' id='word_1_771' title='bbox 1036 4952 1083 5005; x_wconf 86' lang='lat' dir='ltr'><strong>sed</strong></span> <span class='ocrx_word' id='word_1_772' title='bbox 1098 4949 1199 5022; x_wconf 88' lang='lat' dir='ltr'><strong>dispar.</strong></span> <span class='ocrx_word' id='word_1_773' title='bbox 1217 4949 1299 5005; x_wconf 85' lang='lat' dir='ltr'><strong>Porro</strong></span> <span class='ocrx_word' id='word_1_774' title='bbox 1317 4946 1518 5019; x_wconf 80' lang='lat' dir='ltr'><strong>similis,⁴quod</strong></span> <span class='ocrx_word' id='word_1_775' title='bbox 1533 4944 1595 5013; x_wconf 82' lang='lat' dir='ltr'><strong>rita,</strong></span> <span class='ocrx_word' id='word_1_776' title='bbox 1624 4946 1705 5016; x_wconf 86' lang='lat' dir='ltr'><strong>qood</strong></span> <span class='ocrx_word' id='word_1_777' title='bbox 1724 4961 1757 5004; x_wconf 84' lang='lat' dir='ltr'><strong>se</strong></span> <span class='ocrx_word' id='word_1_778' title='bbox 1785 4946 1835 5020; x_wconf 81' lang='lat' dir='ltr'><strong>ipat</strong></span> 
     </span>
     <span class='ocr_line' id='line_1_69' title="bbox 187 5033 1833 5113; baseline -0.002 -16"><span class='ocrx_word' id='word_1_779' title='bbox 187 5041 222 5097; x_wconf 84' lang='lat' dir='ltr'><strong>Et</strong></span> <span class='ocrx_word' id='word_1_780' title='bbox 238 5047 266 5097; x_wconf 92' lang='lat' dir='ltr'><strong>ut</strong></span> <span class='ocrx_word' id='word_1_781' title='bbox 283 5041 356 5113; x_wconf 90' lang='lat' dir='ltr'><strong>quod</strong></span> <span class='ocrx_word' id='word_1_782' title='bbox 371 5039 586 5111; x_wconf 90' lang='lat' dir='ltr'><strong>diciturplanius</strong></span> <span class='ocrx_word' id='word_1_783' title='bbox 601 5037 659 5110; x_wconf 90' lang='lat' dir='ltr'><strong>liat,</strong></span> <span class='ocrx_word' id='word_1_784' title='bbox 676 5038 834 5097; x_wconf 88' lang='lat' dir='ltr'><strong>soliDeoid</strong></span> <span class='ocrx_word' id='word_1_785' title='bbox 853 5050 982 5110; x_wconf 89' lang='lat' dir='ltr'><strong>estesse,</strong></span> <span class='ocrx_word' id='word_1_786' title='bbox 1032 5037 1136 5105; x_wconf 79' lang='grc' dir='ltr'>ιίνειιε,</span> <span class='ocrx_word' id='word_1_787' title='bbox 1166 5038 1238 5110; x_wconf 92' lang='lat' dir='ltr'><strong>quod</strong></span> <span class='ocrx_word' id='word_1_788' title='bbox 1264 5039 1547 5103; x_wconf 77' lang='lat' dir='ltr'><strong>nontantomiivens,</strong></span> <span class='ocrx_word' id='word_1_789' title='bbox 1578 5033 1833 5097; x_wconf 64' lang='lat' dir='ltr'><strong>methonem,</strong></span> 
     </span>
     <span class='ocr_line' id='line_1_70' title="bbox 188 5124 1834 5202; baseline -0.004 -16"><span class='ocrx_word' id='word_1_790' title='bbox 188 5129 620 5202; x_wconf 82' lang='lat' dir='ltr'><strong>quoibeatunease:atqneb0e</strong></span> <span class='ocrx_word' id='word_1_791' title='bbox 636 5129 753 5201; x_wconf 88' lang='lat' dir='ltr'><strong>primum</strong></span> <span class='ocrx_word' id='word_1_792' title='bbox 767 5137 794 5186; x_wconf 91' lang='grc' dir='ltr'><strong>ει</strong></span> <span class='ocrx_word' id='word_1_793' title='bbox 809 5130 982 5201; x_wconf 88' lang='lat' dir='ltr'><strong>purissimum</strong></span> <span class='ocrx_word' id='word_1_794' title='bbox 1030 5127 1101 5185; x_wconf 93' lang='lat' dir='ltr'><strong>sicut</strong></span> <span class='ocrx_word' id='word_1_795' title='bbox 1115 5137 1141 5184; x_wconf 92' lang='lat' dir='ltr'><strong>et</strong></span> <span class='ocrx_word' id='word_1_796' title='bbox 1154 5126 1200 5182; x_wconf 91' lang='lat' dir='ltr'><strong>ille</strong></span> <span class='ocrx_word' id='word_1_797' title='bbox 1210 5128 1268 5184; x_wconf 85' lang='lat' dir='ltr'><strong>baee</strong></span> <span class='ocrx_word' id='word_1_798' title='bbox 1280 5127 1371 5183; x_wconf 88' lang='lat' dir='ltr'><strong>omnia</strong></span> <span class='ocrx_word' id='word_1_799' title='bbox 1383 5135 1424 5182; x_wconf 91' lang='lat' dir='ltr'><strong>est</strong></span> <span class='ocrx_word' id='word_1_800' title='bbox 1466 5124 1564 5196; x_wconf 86' lang='lat' dir='ltr'><strong>Dispsr</strong></span> <span class='ocrx_word' id='word_1_801' title='bbox 1588 5136 1667 5194; x_wconf 82' lang='lat' dir='ltr'><strong>sero,</strong></span> <span class='ocrx_word' id='word_1_802' title='bbox 1705 5134 1834 5199; x_wconf 81' lang='lat' dir='ltr'><strong>quentari</strong></span> 
     </span>
     <span class='ocr_line' id='line_1_71' title="bbox 189 5211 1836 5292; baseline -0.004 -18"><span class='ocrx_word' id='word_1_803' title='bbox 189 5219 314 5291; x_wconf 81' lang='lat' dir='ltr'><strong>simplex.</strong></span> <span class='ocrx_word' id='word_1_804' title='bbox 329 5219 487 5276; x_wconf 71' lang='lat' dir='ltr'><strong>Sacamum</strong></span> <span class='ocrx_word' id='word_1_805' title='bbox 501 5229 591 5275; x_wconf 90' lang='lat' dir='ltr'><strong>autem</strong></span> <span class='ocrx_word' id='word_1_806' title='bbox 616 5219 703 5275; x_wconf 90' lang='lat' dir='ltr'><strong>simile</strong></span> <span class='ocrx_word' id='word_1_807' title='bbox 718 5230 760 5276; x_wconf 90' lang='lat' dir='ltr'><strong>est</strong></span> <span class='ocrx_word' id='word_1_808' title='bbox 779 5219 849 5292; x_wconf 82' lang='lat' dir='ltr'><strong>bulo,</strong></span> <span class='ocrx_word' id='word_1_809' title='bbox 863 5221 890 5277; x_wconf 93' lang='lat' dir='ltr'><strong>id</strong></span> <span class='ocrx_word' id='word_1_810' title='bbox 904 5221 981 5277; x_wconf 85' lang='lat' dir='ltr'><strong>vide·</strong></span> <span class='ocrx_word' id='word_1_811' title='bbox 1033 5227 1288 5275; x_wconf 85' lang='lat' dir='ltr'><strong>ecreauteereete.</strong></span> <span class='ocrx_word' id='word_1_812' title='bbox 1319 5216 1426 5288; x_wconf 86' lang='lat' dir='ltr'><strong>Disper,</strong></span> <span class='ocrx_word' id='word_1_813' title='bbox 1455 5214 1538 5288; x_wconf 90' lang='lat' dir='ltr'><strong>quod,</strong></span> <span class='ocrx_word' id='word_1_814' title='bbox 1563 5220 1593 5269; x_wconf 90' lang='lat' dir='ltr'><strong>ut</strong></span> <span class='ocrx_word' id='word_1_815' title='bbox 1608 5211 1664 5268; x_wconf 89' lang='lat' dir='ltr'><strong>uisi</strong></span> <span class='ocrx_word' id='word_1_816' title='bbox 1690 5225 1792 5274; x_wconf 76' lang='lat' dir='ltr'><strong>creata</strong></span> <span class='ocrx_word' id='word_1_817' title='bbox 1808 5216 1836 5272; x_wconf 85' lang='grc' dir='ltr'><strong>ιι</strong></span> 
     </span>
     <span class='ocr_line' id='line_1_72' title="bbox 188 5301 1836 5382; baseline 0 -21"><span class='ocrx_word' id='word_1_818' title='bbox 188 5308 252 5364; x_wconf 83' lang='grc' dir='ltr'>11εει</span> <span class='ocrx_word' id='word_1_819' title='bbox 284 5310 383 5366; x_wconf 90' lang='lat' dir='ltr'><strong>babere</strong></span> <span class='ocrx_word' id='word_1_820' title='bbox 409 5312 557 5381; x_wconf 86' lang='lat' dir='ltr'><strong>essequod</strong></span> <span class='ocrx_word' id='word_1_821' title='bbox 586 5309 690 5381; x_wconf 73' lang='lat' dir='ltr'><strong>vivere,</strong></span> <span class='ocrx_word' id='word_1_822' title='bbox 707 5317 788 5382; x_wconf 89' lang='lat' dir='ltr'><strong>atque</strong></span> <span class='ocrx_word' id='word_1_823' title='bbox 815 5312 868 5369; x_wconf 92' lang='lat' dir='ltr'><strong>hoc</strong></span> <span class='ocrx_word' id='word_1_824' title='bbox 882 5311 981 5367; x_wconf 77' lang='lat' dir='ltr'><strong>anime</strong></span> <span class='ocrx_word' id='word_1_825' title='bbox 1032 5307 1081 5364; x_wconf 91' lang='lat' dir='ltr'><strong>illo</strong></span> <span class='ocrx_word' id='word_1_826' title='bbox 1097 5314 1244 5374; x_wconf 88' lang='lat' dir='ltr'><strong>nonesset,</strong></span> <span class='ocrx_word' id='word_1_827' title='bbox 1260 5305 1301 5363; x_wconf 87' lang='lat' dir='ltr'><strong>sic</strong></span> <span class='ocrx_word' id='word_1_828' title='bbox 1314 5304 1366 5361; x_wconf 89' lang='lat' dir='ltr'><strong>nisi</strong></span> <span class='ocrx_word' id='word_1_829' title='bbox 1379 5305 1415 5361; x_wconf 90' lang='lat' dir='ltr'><strong>ab</strong></span> <span class='ocrx_word' id='word_1_830' title='bbox 1430 5301 1636 5377; x_wconf 82' lang='lat' dir='ltr'><strong>ipsorivilicata</strong></span> <span class='ocrx_word' id='word_1_831' title='bbox 1651 5318 1716 5362; x_wconf 88' lang='lat' dir='ltr'><strong>non</strong></span> <span class='ocrx_word' id='word_1_832' title='bbox 1725 5306 1836 5363; x_wconf 72' lang='lat' dir='ltr'><strong>vivent</strong></span> 
     </span>
     <span class='ocr_line' id='line_1_73' title="bbox 187 5396 979 5472; baseline 0.004 -20"><span class='ocrx_word' id='word_1_833' title='bbox 187 5405 239 5452; x_wconf 87' lang='grc' dir='ltr'>εει.</span> <span class='ocrx_word' id='word_1_834' title='bbox 254 5396 362 5468; x_wconf 74' lang='lat' dir='ltr'><strong>lisboa,</strong></span> <span class='ocrx_word' id='word_1_835' title='bbox 378 5397 430 5454; x_wconf 89' lang='lat' dir='ltr'><strong>etsi</strong></span> <span class='ocrx_word' id='word_1_836' title='bbox 445 5396 669 5471; x_wconf 80' lang='lat' dir='ltr'><strong>interiorigradu,</strong></span> <span class='ocrx_word' id='word_1_837' title='bbox 687 5399 795 5458; x_wconf 84' lang='lat' dir='ltr'><strong>ascendi</strong></span> <span class='ocrx_word' id='word_1_838' title='bbox 810 5408 909 5472; x_wconf 89' lang='lat' dir='ltr'><strong>potest,</strong></span> <span class='ocrx_word' id='word_1_839' title='bbox 925 5416 979 5458; x_wconf 90' lang='lat' dir='ltr'><strong>noo</strong></span> 
     </span>
    </p>

    <p class='ocr_par' dir='ltr' id='par_1_14' title="bbox 188 5484 1550 5558">
     <span class='ocr_line' id='line_1_74' title="bbox 188 5484 1550 5558; baseline 0.001 -19"><span class='ocrx_word' id='word_1_840' title='bbox 188 5485 267 5540; x_wconf 88' lang='lat' dir='ltr'><strong>modo</strong></span> <span class='ocrx_word' id='word_1_841' title='bbox 280 5487 314 5541; x_wconf 89' lang='lat' dir='ltr'><strong>ed</strong></span> <span class='ocrx_word' id='word_1_842' title='bbox 328 5486 413 5552; x_wconf 88' lang='lat' dir='ltr'><strong>bene,</strong></span> <span class='ocrx_word' id='word_1_843' title='bbox 427 5485 475 5541; x_wconf 89' lang='lat' dir='ltr'><strong>sed</strong></span> <span class='ocrx_word' id='word_1_844' title='bbox 490 5488 570 5543; x_wconf 82' lang='lat' dir='ltr'><strong>etiem</strong></span> <span class='ocrx_word' id='word_1_845' title='bbox 587 5489 622 5545; x_wconf 77' lang='lat' dir='ltr'><strong>ed</strong></span> <span class='ocrx_word' id='word_1_846' title='bbox 640 5489 721 5545; x_wconf 89' lang='lat' dir='ltr'><strong>beate</strong></span> <span class='ocrx_word' id='word_1_847' title='bbox 734 5488 877 5545; x_wconf 83' lang='lat' dir='ltr'><strong>vivendum</strong></span> <span class='ocrx_word' id='word_1_848' title='bbox 895 5508 901 5546; x_wconf 75' lang='grc' dir='ltr'>ι</span> <span class='ocrx_word' id='word_1_849' title='bbox 925 5503 980 5545; x_wconf 90' lang='lat' dir='ltr'><strong>nou</strong></span> <span class='ocrx_word' id='word_1_850' title='bbox 1074 5488 1150 5556; x_wconf 76' lang='grc' dir='ltr'>(ιιι)</span> <span class='ocrx_word' id='word_1_851' title='bbox 1163 5486 1272 5543; x_wconf 85' lang='lat' dir='ltr'><strong>Scilicet</strong></span> <span class='ocrx_word' id='word_1_852' title='bbox 1287 5484 1550 5558; x_wconf 78' lang='lat' dir='ltr'><strong>ampedoetearrrm.</strong></span> 
     </span>
    </p>
   </div>
   <div class='ocr_carea' id='block_1_12' title="bbox 0 0 1888 5940">
    <p class='ocr_par' dir='ltr' id='par_1_15' title="bbox 0 0 1888 5940">
     <span class='ocr_line' id='line_1_75' title="bbox 0 0 1888 5940; baseline 0 0"><span class='ocrx_word' id='word_1_853' title='bbox 0 0 1888 5940; x_wconf 95' lang='lat' dir='ltr'><strong> </strong></span> 
     </span>
    </p>
   </div>
  </div>
 </body>
</html>
