3734 5948
154 203 209 280 ⁸55
625 214 653 275 s.
669 211 837 277 munstur
855 210 990 277 suetus
1005 206 1315 305 sumersetensis
1760 208 1814 277 tus

158 332 228 405 pult.
243 334 388 402 Descendit
414 337 587 397 nihilominus
614 338 640 392 in
656 335 758 411 spiritu
777 336 890 402 timoris,
907 335 996 429 sedp
1050 335 1075 387 2.
1096 332 1176 389 Petiit
1198 332 1334 403 quondam
1361 331 1460 402 aliquid
1487 330 1602 388 Elisseus
1625 348 1639 387 a
1668 331 1812 408 magistre,

160 421 306 492 timendus,
321 426 504 482 nontimidus.
1013 437 1074 476 eum
1098 420 1245 477 discessum
1269 422 1329 492 ejus
1352 420 1489 485 imminere
1513 422 1664 493 persensit3
1686 437 1739 478 uec
1761 423 1812 484 eb·

199 515 242 567 tt.
258 512 431 585 OSnpientia
446 513 453 566 l
469 521 567 584 quanta
593 523 650 570 arte
685 513 812 570 medendi
843 512 871 567 iu
898 511 961 569 rino
1015 510 1100 579 tinuit,
1115 510 1186 567 sicut
1200 509 1285 577 scitis,
1301 509 1353 566 nisi
1376 525 1407 567 eo
1424 509 1534 581 quidem
1546 509 1713 577 conditione,
1728 509 1755 567 si
1768 511 1810 567 vi·

162 607 190 656 et
213 599 275 658 voleo
306 600 403 658 animae
431 617 497 658 uteae
520 601 660 659 sanitatem
690 608 841 674 restauras,
857 599 961 657 fortiter
1012 599 1089 654 deret
1103 599 1212 672 quando
1234 598 1402 656 tolleretura
1425 599 1594 672 telli'lieq.
1615 615 1646 666 ιι,
1664 603 1692 668 9,
1709 601 1769 672 lo).
1783 602 1812 661 in

162 689 262 754 suevis,
277 699 304 745 et
335 690 451 747 suaviter
480 690 576 749 lortist
604 691 680 749 lortis
693 708 742 763 pro
757 707 813 759 me,
827 697 855 747 et
870 687 961 746 suavis
1014 685 1100 760 ligura
1125 687 1235 758 contigit
1257 686 1309 744 hoc
1328 686 1392 754 illis,
1417 684 1545 758 scriptum
1569 695 1611 745 est
1633 695 1726 746 autem
1750 704 1813 762 pre·

162 775 237 831 mibi.
257 776 380 849 lienique
408 778 546 852 attingisa
565 779 618 836 fine
633 780 767 852 usquead
782 777 864 835 linem
879 775 959 835 lorti·
1014 785 1074 846 pter
1087 791 1147 832 nos.
1171 774 1273 848 Vigiles
1292 791 1352 831 esse
1366 782 1394 830 et
1412 774 1524 833 solliciti
1538 775 1608 832 circa
1622 791 1692 849 opus
1711 784 1812 835 nostre

163 872 241 920 teret
259 865 381 938 disponis
395 868 487 925 omnia
500 870 621 926 suaviter
635 867 793 941 propellens
807 865 960 931 inimicum,
1015 864 1109 920 salutis
1132 863 1217 936 (quod
1242 864 1309 921 mira
1334 863 1481 921 subtilitate
1502 880 1534 925 ac
1557 864 1690 921 suavitate
1712 865 1813 927 divine

163 951 336 1010 etiulirmum
359 955 464 1014 iovens.
488 957 561 1014 Sana
577 956 960 1028 me,1)omine,etsauubor;
1015 968 1071 1008 suas
1098 954 1163 1008 artis
1195 951 1362 1009 incessanter
1387 951 1481 1009 actitat
1513 951 1627 1023 Spiritus
1656 953 1685 1007 in
1717 953 1813 1011 insint

161 1041 274 1112 psallam
289 1051 316 1098 et
330 1043 478 1102 confitebor
505 1047 681 1112 nominituo,
697 1045 821 1103 etdicam
837 1062 844 1099 z
863 1043 962 1102 Oleum
1016 1042 1112 1113 nostri)
1135 1042 1294 1112 prophetico
1312 1042 1441 1097 docemur
1460 1051 1488 1098 et
1509 1056 1651 1098 monemur
1672 1043 1811 1116 exemplo.

162 1131 289 1200 effusum
302 1148 405 1189 nomen
423 1129 962 1206 tuum(cnnr.1‚a).1vonvinnnsllu-
1015 1131 1156 1202 Nunquam
1171 1128 1729 1189 saussidenostreconscieutia1818
1752 1149 1812 1189 urs·

164 1232 224 1273 sum
237 1219 311 1287 (uolo
320 1220 394 1276 enim
405 1231 433 1278 ut
447 1222 530 1278 intres
544 1223 571 1278 iu
578 1222 709 1292 judicium
723 1237 785 1277 cum
798 1234 876 1277 servo
891 1216 962 1289 tuo),
1016 1219 1100 1290 gistre
1126 1218 1227 1286 unctio,
1257 1234 1317 1290 quae
1340 1217 1420 1275 docet
1439 1218 1475 1274 de
1502 1217 1638 1285 omnibus,
1662 1219 1815 1281 tollaturs

164 1313 213 1368 sed
225 1314 326 1382 oleum,
348 1317 411 1390 qui,
424 1333 539 1375 emona,
562 1335 605 1374 me
620 1320 647 1375 q,
665 1317 854 1375 mgfflwffi„
868 1323 895 1372 pq
909 1316 963 1370 ms.
1016 1305 1104 1374 nobis,
1120 1307 1144 1361 si
1166 1304 1301 1377 duplicato
1324 1304 1451 1363 volumus
1465 1321 1578 1362 munere
1601 1321 1655 1364 uon
1678 1305 1813 1367 lrnudsri.⁴

165 1402 345 1460 serationibus
360 1405 448 1476 (Prul.
468 1407 565 1477 cist).
583 1406 679 1461 Oleum
703 1405 791 1477 plane,
807 1406 881 1476 qnod
896 1404 962 1459 dum
1017 1396 1168 1466 Nunquam,
1196 1411 1256 1451 0⁰¹¹]
1283 1393 1396 1460 venerii>
1426 1393 1543 1450 ῑΰιθῡῑὸῑ
1574 1394 1734 1465 impilm·
1766 1398 1813 1453 Μ

166 1501 322 1560 supernatat
347 1495 452 1550 cunctis
479 1495 581 1567 quibus
604 1494 772 1551 immiscetur
802 1491 962 1564 liquoribus,
1017 1498 1126 1554 seruiet*
1152 1482 1241 1538 tullus
1272 1497 1439 1554 susptnwss,
1468 1497 1654 1554 exitumque
1682 1483 1814 1550 hahentes

164 1577 267 1648 liquido
290 1579 356 1636 illud
377 1582 499 1654 designat
518 1599 627 1652 nomen,
642 1582 714 1655 quod
729 1590 770 1637 est
785 1594 961 1650 superemus
978 1536 1000 1613 Β
1017 1570 1094 1625 sinus
1126 1573 1159 1626 ad
1193 1570 1295 1657 largam
1322 1570 1430 1627 Domini
1459 1571 1689 1629 benedictionem·
1710 1572 1815 1644 Quales

166 1681 277 1723 nomon.
302 1668 326 1724 0
344 1683 444 1725 nonreu
466 1687 606 1742 praesuave
622 1667 813 1741 etpraedulcel
830 1683 962 1724 onumen
1017 1660 1132 1729 denique
1145 1659 1262 1730 qutt‘sil‘?
1276 1659 1392 1717 Similes
1412 1659 1572 1717 homitibus
1596 1662 1813 1732 expectantibus

166 1757 322 1826 preca-un
346 1759 518 1829 preelectum
547 1771 574 1816 et
599 1759 847 1828 ,inscitissime
866 1774 963 1828 elpes
1017 1747 1166 1802 domt'utut
1179 1747 1564 1822 sunm,qnnnt0renerratnr
1577 1765 1596 1802 a
1610 1751 1815 1821 nuptisque.

165 1844 310 1901 exaltatum
328 1845 356 1900 in
379 1846 495 1904 saeculel
512 1848 569 1904 lloe
583 1864 646 1904 vere
664 1848 754 1906 oleum
771 1849 843 1918 quod
862 1844 965 1902 exhila-

115 1979 122 1990 ,
164 1932 315 1991 mtlaciem
343 1936 470 2000 bominis,
486 1937 560 2008 quod
578 1947 659 2008 caput
689 1935 837 2008 ieiunantis
862 1934 963 2005 impin·

64 2098 67 2103 ι
164 2031 229 2094 gual
245 2061 255 2090 ,
273 2030 303 2079 ut
328 2023 419 2080 oleum
433 2025 582 2093 peccatoris
602 2040 656 2082 uon
671 2025 777 2082 sentiat.
793 2026 849 2080 lioc
861 2039 964 2080 nomen

163 2113 363 2185 incompacti
376 2130 405 2170 on
428 2114 540 2171 brutini
558 2116 718 2172 uerninuut't
745 2113 824 2184 (ltus.
840 2129 910 2182 nxrr,
925 2113 961 2182 2).

166 2199 241 2266 Quod
256 2205 284 2258 et
297 2206 427 2260 vocatum
454 2208 496 2261 est
510 2204 642 2276 aionpelo
648 2205 819 2277 pruisquam
834 2205 866 2259 itt
880 2205 962 2259 utero

163 2289 360 2362 conciperetur
386 2293 506 2362 (bessu.
523 2295 576 2359 tl).
592 2292 648 2350 iloc
664 2308 717 2349 uon
733 2293 821 2349 solum
836 2289 962 2357 iudaeus,

163 2379 213 2435 scd
225 2379 379 2453 quicunque
406 2381 572 2439 invocaverit
583 2383 674 2438 salvus
685 2381 736 2438 erit
758 2382 837 2452 (incl.
859 2395 891 2444 ιι,
906 2382 964 2444 ³2;

1016 1850 1068 1900 xrr,
1080 1838 1144 1900 3θιι
1160 1835 1206 1908 qui
1222 1836 1313 1909 utique
1327 1836 1424 1893 abillis
1439 1852 1563 1907 supernae
1576 1853 1680 1894 monete
1696 1839 1814 1912 copiosis

1016 1924 1121 1981 deliciis
1135 1940 1220 1982 vacus
1234 1940 1370 1996 uunquam
1384 1926 1523 1983 revertitur
1536 1942 1628 1983 manu.
1640 1925 1814 2000 vigilandum

1018 2013 1140 2085 proinde,
1164 2022 1191 2070 et
1210 2014 1376 2086 vigilandum
1394 2016 1469 2070 omni
1492 2016 1573 2086 born,
1589 2015 1651 2088 quin
1677 2018 1814 2075 nescimus

1018 2119 1071 2175 qua
1084 2103 1152 2158 hors
1174 2102 1307 2174 Spiritus;
1323 2110 1451 2160 venturus
1470 2103 1514 2169 sit,
1537 2120 1587 2160 seu
1608 2105 1711 2162 iterum
1724 2105 1812 2163 abitu-

1017 2207 1073 2246 rus.
1093 2191 1116 2247 It
1138 2199 1166 2247 et
1187 2189 1257 2246 rodit
1279 2190 1415 2263 Spiritus,
1437 2198 1465 2246 et
1487 2191 1533 2263 qni
1558 2199 1610 2249 etat
1634 2207 1668 2250 eo
1695 2201 1813 2260 essue,

1017 2278 1159 2335 deserente
1185 2278 1263 2335 cadat
1286 2294 1397 2335 neccsse
1419 2289 1481 2346 est;
1505 2280 1552 2336 sad
1579 2296 1635 2337 nou
1660 2281 1810 2347 colliditur,

1016 2367 1081 2439 quia
1099 2366 1232 2424 Dominus
1255 2383 1363 2422 rursum
1387 2368 1516 2438 supponit
1536 2385 1646 2424 manum
1670 2386 1760 2426 sunm.
1782 2371 1813 2426 ιιι

1019 2457 1068 2512 bus
1082 2457 1214 2512 alternare
1227 2455 1301 2512 vices
1315 2472 1369 2512 uon
1382 2468 1471 2512 cessat
1489 2456 1517 2510 iu
1538 2457 1580 2512 bis
1598 2459 1644 2528 qui
1659 2458 1814 2529 spirituales

163 2476 191 2532 iu
204 2485 309 2533 tentum
328 2494 522 2554 usquequaque
545 2480 661 2537 ellurum
681 2487 732 2536 est.
744 2480 799 2535 lloc
812 2481 891 2533 Pater
906 2478 958 2532 do·
1297 2543 1302 2554 ι
1386 2544 1415 2554 ..
1572 2544 1577 2555 ⁸

1019 2553 1092 2611 sunt,
1107 2544 1148 2602 rel
1161 2560 1230 2617 quos
1249 2552 1337 2617 potius
1352 2544 1505 2617 spirituales
1520 2546 1633 2615 prounde
1648 2547 1711 2618 ipse.
1720 2562 1815 2614 eneam

162 2567 235 2621 navit
265 2566 343 2630 Filio,
368 2584 470 2638 sponso
499 2568 626 2626 Emissis
654 2568 769 2625 Domino
789 2566 958 2622 nostroiesu

161 2651 278 2722 Christo,
307 2655 352 2727 qui
380 2668 421 2712 est
452 2671 536 2727 super
551 2655 644 2712 omnin
660 2657 732 2711 Deus
746 2655 904 2713 benedictus
931 2656 959 2708 iu

162 2741 270 2797 secun
286 2743 385 2798 Amen.

453 2850 570 2908 salillo
585 2850 669 2908 xvu.

1017 2632 1142 2700 intendit,
1163 2632 1276 2691 visitans
1298 2631 1434 2704 diluculo,
1450 2643 1477 2688 et
1501 2633 1590 2690 subito
1609 2635 1738 2705 probans.
1760 2637 1814 2699 lte,

1014 2721 1097 2795 nique
1111 2723 1213 2795 septies
1227 2722 1417 2797 cuditjustrtt,
1428 2727 1458 2779 ct
1467 2724 1571 2796 septies
1583 2726 1708 2797 resurgit
1722 2724 1814 2797 lmen,

978 2814 1096 2893 cantv,
1118 2809 1162 2881 lli)
1187 2828 1194 2866 :
1219 2811 1352 2868 stramen
1380 2811 1451 2868 cadit
1477 2812 1510 2867 in
1533 2813 1588 2883 die,
1613 2821 1643 2868 ut
1666 2829 1697 2869 se
1719 2813 1817 2875 mileto

996 2899 1116 2967 videat,
1134 2909 1160 2956 et
1188 2899 1320 2957 cecidisse
1342 2899 1421 2969 sciat,
1445 2908 1472 2955 et
1495 2917 1639 2973 resurgere
1661 2901 1766 2972 cupiat,
1788 2912 1818 2960 at

162 2978 200 3032 lle
213 2979 364 3034 arcessunt
379 2991 490 3035 recesset
500 2977 624 3104 Spiritus
632 2978 725 3036 suncti
740 2976 908 3035 obseruando
919 2977 965 3036 de·
1019 2988 1138 3060 requirat
1160 3004 1268 3046 niannm
1288 2989 1453 3057 adinventis,
1474 2998 1502 3045 et
1523 2989 1618 3047 diost:
1640 2991 1769 3064 Domine,
1786 2993 1820 3048 itt

250 3062 302 3120 que
316 3047 424 3104 invidia
436 3046 517 3106 dim
530 3049 615 3122 feria
628 3065 719 3122 dedu-5
734 3049 907 3106 humanum·
1017 3080 1164 3138 uoluntate
1186 3084 1237 3136 tus
1262 3079 1428 3150 prestitisti
1449 3078 1542 3134 decori
1570 3094 1632 3137 meo
1655 3081 1797 3140 virtutem
1808 3104 1818 3150 ,·

199 3175 225 3230 l.
242 3172 414 3238 Putamusne,
429 3175 496 3231 satis
511 3191 670 3248 processum
686 3184 730 3232 est
758 3175 785 3233 in
808 3175 962 3232 sanctuario
1017 3171 1149 3226 evertbli
1160 3168 1265 3241 sermm
1279 3170 1360 3223 tcum
1373 3182 1391 3223 c
1402 3181 1455 3235 ute,
1468 3169 1496 3222 et
1509 3166 1606 3234 suctus
1618 3183 1683 3224 rum
1696 3175 1820 3229 centur·

163 3258 223 3330 Dei,
239 3260 304 3316 dum
326 3267 476 3317 scrutamur
500 3263 621 3322 mirabih
645 3273 856 3336 sacramentum3
871 3280 906 3319 an
929 3265 963 3320 nd
1017 3257 1197 3329 haimim&
1213 3269 1296 3327 ¹¹¹¹s
1312 3254 1351 3323 8)·

163 3348 386 3420 perscrutandum
405 3348 505 3414 adbuc,
525 3350 630 3424 siquid
652 3360 744 3420 restat,
761 3354 891 3409 audemus
906 3353 963 3424 spi·

166 3436 246 3490 ritum
259 3435 292 3490 atl
306 3435 434 3493 interiora
448 3438 546 3509 nequii
572 3438 689 3509 Spiritus
707 3455 805 3512 nempe
819 3441 870 3496 iste
884 3456 962 3499 scru—
1053 3445 1079 3499 3.
1099 3441 1180 3498 Aliud
1193 3449 1234 3499 est
1257 3440 1382 3497 dubitare
1407 3442 1441 3497 de
1462 3440 1583 3506 verinis,
1606 3441 1679 3513 quod
1705 3446 1820 3515 patiaris

166 3524 400 3580 taturnonsolum
414 3523 556 3587 bominum
568 3527 651 3584 corda
666 3534 797 3595 etrones,
820 3526 963 3585 sedetiam
1018 3546 1131 3588 necesse
1154 3538 1205 3596 est,
1220 3545 1280 3585 cum
1302 3528 1420 3601 Spiritus
1443 3527 1553 3584 minime
1576 3529 1678 3599 spirat;
1695 3544 1723 3586 et
1746 3535 1816 3592 alind

167 3611 300 3686 protunda
309 3614 377 3670 usi:
392 3624 420 3671 et
443 3615 501 3672 sivo
514 3616 548 3673 ad
567 3626 668 3685 nostru,
689 3617 746 3674 sive
760 3616 794 3672 ad
807 3617 860 3671 elta
874 3616 964 3688 (tvo),
1020 3634 1114 3689 sapere
1144 3617 1302 3683 salsitatem,
1329 3618 1402 3689 quod
1434 3616 1509 3672 lacile
1536 3632 1632 3682 caves,
1651 3618 1815 3678 sieamdern

167 3717 279 3761 usurus
304 3718 405 3776 sequor
432 3719 496 3762 enm
523 3720 686 3780 quocunque
711 3705 780 3763 ierit.
808 3707 920 3761 Tantum
935 3712 966 3761 ut
1020 3715 1092 3762 tunm
1119 3705 1300 3779 ignorantiam
1325 3720 1380 3761 non
1404 3706 1525 3777 ignoras,
1546 3712 1678 3775 quatenus
1701 3708 1774 3766 dions
1787 3719 1813 3765 et

167 3792 299 3848 custodiat
320 3794 404 3850 corda
427 3801 519 3850 nostru
547 3803 574 3851 ct
589 3795 780 3869 intelligentias
795 3803 914 3863 nostras,
930 3810 965 3851 ne
1020 3805 1071 3851 tu:
1087 3800 1121 3853 st
1135 3797 1161 3853 si
1174 3796 1242 3868 quid
1251 3797 1388 3867 ignoraui,
1400 3795 1565 3866 ignorantie
1579 3811 1641 3852 tues
1654 3813 1768 3855 uterum
1776 3805 1814 3857 ost

178 3887 238 3936 orte
251 3895 377 3938 cumnon
391 3882 487 3953 aderit,
502 3883 598 3940 edesse
627 3891 762 3956 putemus,
787 3893 965 3954 nostrumque
1020 3884 1080 3956 (iob
1106 3900 1164 3951 xrs,
1189 3887 1228 3955 t).
1244 3878 1334 3940 Sancti
1355 3883 1406 3939 iub
1432 3882 1565 3938 sententis
1587 3891 1647 3955 est;
1668 3890 1816 3958 agnoscite.

170 3982 219 4040 pro
235 3967 293 4038 ipso
303 3984 450 4040 sequamur
463 3986 571 4029 sensum
586 3971 733 4030 deviantes.
744 3970 825 4028 Venit
838 3986 965 4043 namque,
1022 3971 1148 4031 Pessime
1176 3972 1268 4028 matris
1294 3972 1464 4045 ignorantie,
1484 3970 1608 4041 pessimae
1636 3972 1728 4028 itidem
1756 3975 1819 4032 lilim

172 4069 200 4115 et
214 4055 288 4113 vadit
301 4068 381 4129 prout
394 4059 465 4126 vult3
479 4067 507 4115 et
522 4075 601 4116 nemo
614 4060 691 4117 facile
704 4061 764 4129 scit,
779 4060 850 4116 unde
866 4061 965 4125 veniet,
984 4039 1007 4117 ὓ
1023 4062 1083 4117 duae
1105 4070 1179 4128 sunt,
1202 4059 1304 4116 falsitas
1327 4071 1352 4116 et
1375 4061 1497 4115 dubietas
1521 4075 1527 4112 :
1548 4061 1596 4115 illa
1618 4060 1820 4130 minoricensis

173 4153 220 4203 unt
239 4162 294 4219 qno
319 4146 398 4204 vadat
413 4148 503 4219 (loun.
537 4164 578 4216 ιιι,
601 4150 640 4222 8).
663 4152 697 4205 lt
711 4149 784 4205 istud
794 4149 852 4205 sine
866 4147 967 4204 damno
1024 4148 1218 4220 miserabilium
1235 4147 1412 4217 perniciosior
1434 4147 1491 4214 illa,
1512 4148 1561 4204 ista
1580 4148 1730 4205 molestior.
1751 4151 1819 4207 Cum

174 4236 289 4294 luctasse
308 4237 401 4294 salutis
426 4237 531 4295 nescim
557 4237 636 4295 licet:
650 4247 777 4294 caemrum
791 4238 901 4310 quando
915 4251 965 4293 ve·
1020 4238 1140 4311 loquitur
1159 4236 1287 4309 Spiritus,
1303 4236 1374 4292 cedit
1394 4247 1528 4308 utraque:
1551 4245 1578 4293 et
1597 4247 1639 4292 est
1660 4254 1716 4294 non
1730 4240 1818 4295 solum

174 4325 238 4393 nint,
265 4325 309 4382 vel
331 4325 439 4398 quando
463 4326 554 4392 vadat,
575 4326 603 4382 id
631 4325 710 4396 plene
739 4323 967 4397 periculosissime
1019 4328 1131 4392 veritas,
1153 4325 1201 4382 sed
1223 4333 1250 4380 et
1271 4333 1342 4381 ecrtn
1370 4325 1476 4382 veritas.
1501 4327 1549 4382 Est
1567 4327 1669 4398 quippe
1698 4329 1821 4385 venisses

173 4423 316 4489 queratur.
341 4415 407 4472 Cum
428 4415 501 4470 euim
525 4416 568 4471 bre
591 4413 707 4488 Spiritus
725 4412 814 4470 sancti
827 4413 899 4469 circa
914 4426 965 4467 nus
989 4400 996 4411 ’
1021 4415 1067 4471 ille
1089 4413 1217 4487 Spiritus,
1236 4415 1280 4470 oni
1308 4416 1440 4472 contraria
1460 4416 1562 4473 lalsitas
1584 4427 1643 4488 est·‚
1659 4426 1700 4473 est
1724 4428 1752 4473 et
1774 4434 1820 4473 ss-

173 4501 381 4574 dispeusatoriae
408 4501 516 4572 quidem
541 4500 741 4558 vicissitudines
766 4498 969 4572 vigilantissime
1021 4501 1216 4577 pientiae,quae
1236 4504 1352 4559 comsit
1373 4506 1475 4561 candor
1491 4506 1553 4563 vitae
1576 4515 1695 4570 eternas,
1711 4513 1739 4561 et
1757 4506 1820 4562 ubi·

64 4626 72 4633 ·
169 4606 224 4649 non
247 4591 439 4660 observantur,
468 4590 498 4649 lit
529 4601 557 4648 ut
583 4607 633 4648 nec
659 4593 796 4648 absentem
823 4589 965 4646 desideres
1022 4610 1075 4667 que
1101 4593 1216 4665 attingat
1242 4601 1354 4666 propter
1379 4594 1539 4651 munditiam
1566 4610 1652 4662 suam,
1671 4596 1819 4650 obscurum

170 4695 223 4738 nec
246 4688 404 4752 presentem
432 4680 577 4752 glorifices.
605 4682 711 4753 Nempe
723 4681 770 4753 qui
798 4679 898 4738 idcirco
925 4693 970 4734 re·
1022 4682 1140 4754 ambigui
1158 4697 1210 4739 non
1234 4683 1358 4740 admittit.
1375 4683 1501 4738 Canentis
1522 4699 1597 4750 sane,
1616 4698 1678 4739 cum
1699 4682 1821 4754 Spiritus

173 4771 246 4829 ondit
274 4779 303 4829 ut
333 4770 438 4828 aridium
464 4772 643 4844 requiratur:
671 4787 788 4845 quonam
820 4771 912 4836 modo,
946 4767 969 4824 si
1022 4771 1071 4828 iste
1093 4785 1147 4827 non
1167 4771 1295 4843 loquitur,
1310 4771 1360 4828 etsi
1384 4785 1437 4828 non
1462 4773 1576 4828 molesta
1597 4771 1731 4843 dubietas,
1746 4780 1821 4828 rarle

174 4859 271 4919 sbtsoe
284 4860 415 4931 nescitur,
431 4860 601 4933 requiritur?
613 4861 764 4918 Etrursum
790 4860 838 4933 qui
852 4860 969 4930 dignen·
1022 4860 1124 4917 inlsitas
1138 4861 1310 4917 exsecranda.
1324 4860 1405 4915 Aliud
1424 4868 1465 4916 est
1487 4862 1557 4916 enim
1573 4860 1624 4915 snb
1638 4860 1753 4928 incerto,
1769 4860 1821 4916 boe

168 4959 213 5007 ter
227 4950 261 5007 ed
284 4952 336 5008 lruc
362 4951 429 5008 redit
445 4959 475 5008 ut
486 4951 659 5021 consoletur3
683 4950 799 5022 qualiter
821 4950 905 5019 digne
920 4958 982 5020 pro'
1021 4949 1062 5006 vel
1086 4948 1152 5005 illud
1170 4948 1308 5019 opinando
1332 4949 1444 5019 sentire,
1465 4950 1536 5005 aliud
1560 4957 1660 5005 temere
1683 4949 1820 5006 aidrrusre

172 5054 222 5096 sus
246 5040 384 5111 majestate
397 5039 557 5114 suscipitur,
586 5040 608 5097 si
635 5055 687 5097 nec
713 5040 807 5097 adesso
830 5039 969 5097 assilitur?
1023 5037 1094 5108 quod
1113 5035 1229 5094 nescias.
1251 5037 1305 5093 Aut
1330 5053 1395 5110 ergo
1419 5038 1545 5109 loquatur
1565 5052 1673 5108 semper
1690 5037 1817 5108 Spiritus,

172 5128 249 5187 Heus
267 5144 333 5203 ergo
352 5146 412 5202 quse
430 5129 538 5204 ignorat
555 5131 722 5202 abscessum,
739 5138 813 5201 patet
833 5129 969 5187 seductio·
1021 5127 1094 5197 quod
1109 5126 1194 5181 nostri
1208 5126 1317 5196 quidem
1333 5127 1443 5183 minime
1457 5125 1560 5184 arbitrii
1576 5135 1636 5197 est3
1651 5135 1697 5183 sut
1709 5129 1819 5198 quaudo

174 5219 223 5292 ni3
237 5226 264 5276 ot
285 5234 348 5292 quse
363 5219 478 5275 reditum
493 5235 547 5277 non
564 5220 700 5290 observat,
730 5219 781 5279 erit
795 5219 902 5293 ingrata
922 5219 967 5277 vi·
1022 5215 1102 5271 silere
1126 5214 1283 5286 placetum
1302 5216 1391 5287 ipsum
1412 5218 1520 5280 indicet,
1536 5224 1563 5271 et
1581 5216 1818 5289 loquatursaltent

172 5309 297 5368 sitatiom.
1021 5320 1100 5362 snum
1122 5303 1271 5375 silentium,
1292 5320 1326 5362 ne
1349 5306 1435 5377 ipsum
1458 5305 1538 5362 nobis
1564 5304 1633 5360 lalso
1653 5304 1751 5375 praetre
1770 5321 1819 5377 po-

1023 5401 1119 5462 tantes,
1128 5401 1250 5451 nostrum
1266 5393 1385 5466 proipso
1400 5395 1470 5453 male
1481 5393 1570 5453 securi
1583 5409 1731 5466 sequamur
1743 5408 1820 5451 erro·

205 5477 281 5548 (tvo)
294 5480 339 5540 Sic
354 5451 545 5554 manuscripti3
560 5498 628 5555 nort,
641 5481 705 5542 alia.
1024 5498 1099 5554 ram;
1124 5492 1152 5540 et
1176 5484 1199 5539 si
1231 5484 1402 5554 suspenderit
1427 5484 1576 5558 ambiguo,
1600 5497 1654 5541 non
1681 5482 1819 5556 iebnqnst
