3728 5934
444 250 513 309 Pll0
524 249 693 308 boemica
706 250 718 306 l
731 247 935 308 Nomionis
950 248 1068 308 Sllllde
1082 251 1115 308 V.
1553 266 1605 320 3111

86 375 199 435 dibeant
211 373 394 448 corporalem.
422 374 508 431 Porro
526 374 665 447 seraphim
692 380 750 430 tan-
765 388 789 466 p
806 374 917 432 Iudicia
933 378 983 433 tea
994 375 1212 448 ohpsaarmatto
1235 380 1320 448 (Psoi.
1336 396 1428 452 xxxv,
1442 385 1483 456 1),
1496 401 1551 441 nen
1567 387 1607 442 in·

99 463 247 537 accipiunt,
264 479 381 536 quarum
401 462 536 520 velamine
550 471 663 520 arceant
685 477 749 519 ocu·
806 476 929 536 coagrue
952 462 1023 522 forte
1047 465 1156 521 ridetur
1183 467 1285 539 pedum
1313 484 1396 542 posse
1425 473 1606 546 appellatione

86 554 201 612 tnalem.
218 552 344 625 Denique
366 552 482 620 duobos,
501 551 596 625 inquit,
620 551 750 610 vetabant
805 551 917 626 signari.
935 553 1005 609 Sunt
1028 554 1102 610 enim
1118 555 1190 612 velut
1214 557 1325 629 quidam
1339 559 1425 630 pedes
1439 563 1512 632 ejus,
1532 563 1607 623 inre-

86 658 126 711 ttr,
140 646 170 702 cl
189 642 298 700 dachas
308 641 406 714 puicu·
429 650 460 697 ut
478 655 530 699 nec
544 640 598 696 alta
614 639 674 710 llei,
697 656 749 697 nec
804 640 946 714 stigabiles
964 641 1017 700 viae
1039 640 1109 717 ejus,
1134 644 1320 704 inscrutabilia
1341 648 1445 718 judicia
1460 654 1532 723 ejus,
1546 668 1608 726 pro·

97 731 159 804 eius
183 730 293 804 iniquus
316 728 361 786 ille
375 729 465 787 valeat
478 729 667 802 contemplari.
690 729 750 785 Erit
803 730 918 787 fundum
928 731 1067 804 sapientiae
1077 734 1148 804 ejus,
1161 742 1188 791 et
1202 734 1454 809 irreprehensibilis
1469 741 1605 814 quaedam,

85 820 201 880 elabitur
218 820 307 894 gloria
324 819 446 891 Domini3
470 819 520 878 sed
542 833 598 877 non
623 820 676 878 erit
697 820 750 876 hec
804 820 853 877 sed
888 820 1173 895 incomprehensibilis
1204 824 1348 899 dispositio
1381 831 1452 901 ejus.
1484 831 1526 886 ld
1554 832 1605 889 bos

85 925 116 967 ιιι
128 908 212 965 fuerit
225 915 289 965 ante
303 907 377 981 quod
399 907 598 981 scriptumest,
622 909 750 966 fellator
803 909 890 982 pedes
904 908 995 982 ipsum
1010 927 1120 984 queque
1129 913 1280 972 Dominicae
1294 916 1490 977 incarnationis
1503 930 1606 994 myste-

85 1014 117 1059 ιε
130 999 224 1056 videat
237 998 358 1070 gloriam
367 997 418 1055 Dei
428 998 507 1068 (lsai.
519 1012 600 1067 xxvr,
612 999 668 1069 10).
679 998 750 1054 ιιιιε·
804 998 876 1055 rium
895 999 1054 1072 specialiter
1063 1002 1188 1059 nescitur
1202 1005 1352 1076 pertinere,
1364 1015 1392 1064 et
1400 1009 1490 1066 omnis
1505 1012 1606 1083 pariter

95 1085 203 1143 relatur
217 1092 308 1157 caput,
323 1083 449 1142 velantur
462 1085 559 1157 pedes,
584 1094 614 1142 ut
627 1085 748 1142 medium
803 1088 926 1160 opemtio
940 1096 1043 1145 nostrae
1058 1089 1163 1147 edatis.
1175 1092 1296 1150 Cernere
1310 1101 1352 1151 est
1365 1111 1449 1168 quam
1458 1096 1493 1153 sit
1500 1097 1605 1170 justitia

84 1174 177 1249 liquid
187 1175 277 1230 eidem
292 1173 375 1246 impio
394 1174 552 1244 uidendum,
569 1175 619 1232 sed
633 1174 669 1231 ad
682 1175 749 1233 invi·
802 1176 848 1233 illa
862 1175 997 1248 sublimis,
1013 1193 1096 1252 quarn
1111 1178 1182 1237 sicut
1204 1189 1312 1239 montes
1325 1183 1376 1240 Dei
1393 1186 1528 1259 propheta
1541 1203 1605 1245 esse

93 1263 188 1336 utique
212 1262 394 1335 relinquatur.
419 1265 450 1318 Et
465 1263 590 1320 velantur
611 1263 672 1335 alis,
687 1281 750 1339 quae
802 1267 928 1326 miratur.
943 1268 1043 1326 Nostra
1059 1269 1132 1326 enim
1152 1269 1183 1341 lsi
1198 1286 1252 1344 qus
1277 1274 1330 1345 est)
1344 1274 1455 1332 humilis
1469 1283 1512 1334 est
1523 1277 1604 1350 justi-

101 1352 142 1409 sic
156 1353 231 1407 illum
258 1359 380 1420 arceant,
400 1359 432 1407 ut
455 1351 522 1407 istos
547 1352 699 1409 sustineant
721 1363 750 1410 et
803 1356 850 1425 tia,
864 1364 941 1414 recta
954 1356 1077 1425 forsitan,
1092 1359 1142 1415 sed
1153 1375 1208 1416 nen
1220 1376 1297 1433 pura.
1312 1360 1372 1419 Nisi
1382 1363 1453 1422 forte
1470 1365 1603 1424 meliores

83 1449 104 1497 ι.
802 1458 859 1502 non
874 1460 937 1503 esse
956 1445 1106 1519 credimus,
1123 1463 1205 1521 quam
1226 1456 1320 1522 patres
1338 1459 1459 1523 nostros,
1480 1455 1526 1528 qui
1544 1470 1600 1512 non

84 1528 226 1586 erendum
240 1534 330 1584 tamen
352 1526 440 1599 prius,
465 1528 565 1600 quibus
588 1528 638 1585 alis
657 1529 749 1589 vetare
804 1533 894 1594 minas
916 1536 1053 1596 veraciter
1077 1553 1159 1611 quarn
1184 1537 1322 1598 humiliter
1344 1543 1470 1601 aiebant:
1501 1545 1602 1605 Omnes

84 1617 168 1691 ;quia
183 1619 300 1689 damas,
312 1616 410 1689 inquit,
427 1617 568 1675 volabant.
584 1619 641 1675 Nec
654 1618 751 1676 moon·
798 1626 1606 1703 justitiaenortroe,tanqaompacuasmcnstraatoemctie·

83 1705 307 1763 118ῠᾶ1115ῑὸ1ιὲ
322 1712 437 1772 nalum,
452 1711 480 1761 el
493 1707 591 1778 gratie
612 1705 747 1767 dicimus:
766 1699 788 1777 B
805 1715 845 1771 ris
860 1715 939 1784 (lsai.
954 1730 1032 1786 mv,
1048 1717 1088 1788 6).
1100 1715 1246 1785 Quomodo
1261 1719 1335 1777 enirn
1350 1737 1418 1793 pura
1429 1721 1544 1794 justitia,
1559 1723 1606 1780 ubi

83 1812 105 1855 n
118 1811 182 1854 eum
197 1796 273 1868 prius
283 1809 393 1868 quoque
407 1794 437 1849 in
450 1795 493 1850 his
512 1794 579 1868 ipsis
593 1795 676 1853 etiam
690 1795 750 1853 solii
805 1802 894 1861 adbuc
913 1818 969 1860 non
982 1811 1074 1876 potest
1086 1805 1167 1877 culpa
1189 1806 1308 1866 deesset
1332 1808 1416 1867 Recta
1429 1811 1546 1884 proinde
1560 1812 1604 1869 in-

83 1892 127 1943 ·ct
144 1885 260 1942 elevatio
275 1899 291 1939 a
306 1882 386 1941 nobis
407 1882 492 1939 luerit
504 1883 654 1958 assignata.
671 1885 752 1943 Vira-
806 1891 886 1948 terim
900 1891 988 1950 rideri
1002 1901 1093 1965 potest
1105 1895 1209 1966 justitia
1223 1897 1374 1968 hominum,
1390 1899 1413 1954 si
1433 1905 1525 1957 ιιιιιειι
1539 1915 1606 1973 pec-

83 1972 140 2031 lom
173 1979 375 2046 seruaturum
402 1971 552 2044 intellectu,
578 1982 607 2030 et
633 1973 752 2030 ferventi
806 1987 867 2036 cato
882 1996 936 2038 non
950 1982 1133 2054 consentiant,
1150 1991 1180 2041 ut
1194 2000 1248 2042 aon
1263 1994 1363 2060 regnet
1376 1985 1405 2044 in
1418 2003 1514 2045 eorum
1532 2004 1605 2045 mor·

83 2077 127 2120 ms
150 2062 250 2119 affectu
273 2061 456 2134 pergratiam
473 2060 579 2119 insum
594 2062 642 2136 qui
669 2079 752 2136 supra
806 2068 853 2123 tali
867 2084 993 2143 corpere.
1012 2073 1081 2128 Nam
1103 2072 1186 2145 primi
1200 2074 1317 2131 bominis
1340 2075 1368 2131 in
1390 2075 1467 2133 initio
1493 2076 1604 2150 quidern

94 2151 199 2211 extenti
215 2149 320 2224 jugiter
334 2156 363 2207 et
375 2150 483 2220 intenti,
500 2158 574 2207 stare
584 2150 696 2224 quidem
709 2153 753 2222 (ut
806 2172 861 2214 non
880 2158 962 2217 modo
986 2169 1070 2230 reem,
1095 2162 1145 2219 sed
1159 2162 1240 2220 eriam
1265 2178 1335 2236 pum
1349 2163 1409 2234 guig,
1435 2165 1556 2239 quandiu
1579 2164 1605 2222 οἱ

90 2253 142 2313 per
153 2238 347 2308 ministerium,
363 2239 413 2295 sed
428 2245 456 2295 ει
464 2241 557 2297 volare
572 2254 623 2313 per
632 2239 752 2296 studium
807 2246 900 2303 datum
926 2256 970 2305 est
983 2263 1036 2306 nec
1049 2250 1154 2307 sentire
1169 2260 1324 2323 peccatum.
1342 2253 1478 2310 Caeterum
1492 2260 1521 2311 et
1547 2255 1607 2313 hec

82 2335 141 2386 rtur.
156 2328 315 2385 Licetenim
330 2326 422 2385 velent
437 2336 520 2400 caput
533 2327 753 2396 Domini,relent
807 2334 876 2408 ipsa,
900 2337 1027 2409 quonjam
1042 2336 1121 2395 firma
1145 2354 1199 2395 non
1227 2340 1287 2411 fuir,
1309 2349 1337 2398 eg
1356 2341 1504 2415 purgarem
1527 2341 1606 2401 saepe

82 2412 147 2485 ‘10⁵3
163 2416 213 2473 sed
227 2416 278 2471 Sibi
298 2416 349 2472 5⁵2³
364 2432 420 2474 ¹¹⁰ss
434 2417 537 2486 velunt,
557 2416 647 2491 ¹1¹⁰&ss
660 2426 753 2473 tutem
807 2424 936 2496 perdidit,
952 2432 980 2482 et
1002 2442 1038 2484 ne
1052 2427 1141 2498 ipsam
1156 2444 1265 2502 quoque
1280 2430 1391 2488 retinuit
1413 2430 1606 2489 rectitudinem

82 2504 156 2565 01⁸¹st
170 2513 198 2562 ei
212 2505 325 2563 volitant
339 2506 411 2563 inter
429 2506 491 2577 isla,
515 2513 544 2563 el
557 2506 611 2562 alte
624 2505 754 2578 polenii&
807 2529 894 2571 suam.
917 2515 989 2572 Sane
1010 2516 1084 2589 apud
1104 2518 1218 2592 angelos
1238 2518 1342 2590 justitia
1368 2527 1452 2591 recta,
1472 2535 1552 2594 pura,
1579 2528 1607 2580 et

91 2594 228 2668 profunda
242 2594 382 2667 sapientie
409 2594 590 2668 vestigantes.
604 2593 664 2651 Nco
686 2607 753 2650 sane
807 2601 885 2658 firma
899 2610 955 2673 est3
967 2603 1092 2661 sublimis
1101 2606 1223 2680 quidem,
1239 2607 1289 2666 sed
1302 2607 1393 2667 adhuc
1399 2608 1484 2684 longe
1492 2610 1607 2669 inferior

81 2698 119 2741 tes
133 2690 197 2740 sunt
210 2683 369 2753 majestatis,
386 2691 416 2739 ut
434 2682 551 2756 proinde
564 2681 754 2756 opprimantur
808 2706 889 2765 quam
912 2690 1013 2751 divim,
1033 2693 1094 2750 Non
1110 2694 1184 2752 enim
1208 2695 1301 2753 iuna„
1323 2696 1431 2770 meg,
1447 2698 1497 2757 geg
1519 2699 1608 2758 aDee

90 2772 189 2845 :qued
212 2788 267 2828 non
292 2772 382 2828 minus
403 2771 520 2846 diligam
542 2786 625 2845 quam
650 2771 754 2828 intelli·
807 2781 920 2838 cottam:
944 2789 974 2839 ug
989 2788 1085 2839 mrum
1104 2782 1174 2857 ipsa,
1190 2784 1265 2859 quod
1278 2802 1313 2844 ,χ
1331 2802 1363 2846 30
1378 2793 1431 2860 ege,
1447 2803 1503 2846 „011
1527 2786 1609 2849 modo

81 2869 142 2935 pete
157 2876 227 2934 quos
243 2859 332 2920 953
350 2861 395 2918 ille
413 2860 486 2935 regit
509 2868 537 2918 et
558 2860 617 2935 agit
636 2859 755 2933 Spiritus
806 2869 928 2941 justitiae,
963 2872 1014 2927 sed
1044 2871 1126 2929 etiarn
1153 2872 1293 2946 injustitiae
1321 2889 1407 2949 capax
1441 2876 1606 2937 inveniatur.

81 2956 151 3009 tetur
164 2951 247 3008 etiam
261 2951 315 3008 alta
334 2950 394 3008 Dei.
411 2950 553 3023 Superbus
575 2949 620 3006 ille
635 2948 752 3019 Lucifer,
807 2956 936 3032 Nunquid
962 2974 1018 3016 non
1042 2958 1093 3016 ista
1116 2968 1159 3019 est
1176 2962 1296 3035 prauitas
1310 2964 1446 3039 quedam,
1470 2980 1553 3041 quam
1575 2965 1603 3023 in

81 3040 219 3110 referens,
234 3057 289 3097 non
313 3041 407 3114 ignem
422 3040 539 3110 babens,
556 3037 635 3096 alteri
649 3045 754 3094 tanturn
769 3001 792 3081 c
808 3046 915 3120 angelis
945 3047 1002 3104 suis
1022 3063 1089 3105 vera
1114 3047 1160 3104 illa
1186 3050 1295 3107 lustitia
1319 3052 1422 3127 legitur
1446 3051 1607 3114 inuenisse?

80 3136 136 3208 lle,
152 3151 247 3194 casum
261 3137 353 3194 faeere
366 3136 464 3210 potuit,
480 3151 536 3193 noa
554 3135 684 3194 volatum.
700 3135 754 3190 Ex·
808 3136 866 3206 (feb
878 3151 917 3203 ιν,
941 3139 996 3207 la).
1013 3138 1073 3195 Non
1087 3141 1163 3195 caim
1173 3140 1385 3211 justificabitur
1397 3145 1430 3200 in
1452 3149 1604 3218 cmrpcctrc

80 3225 149 3285 enim
162 3225 270 3285 lucidus
282 3242 355 3293 esse,
373 3242 428 3284 aon
442 3224 575 3292 feruidus,
591 3239 647 3282 aon
660 3224 754 3282 incen-
809 3229 856 3282 tao
870 3226 1082 3294 emutrviecar,
1107 3227 1186 3284 aitis
1208 3228 1255 3302 qui
1272 3229 1323 3287 Dei
1340 3229 1473 3303 justitiam
1495 3231 1608 3292 ιιιιιιιιιιε

80 3315 111 3376 rd
136 3316 274 3390 seraphim
290 3325 378 3375 sonat.
405 3317 466 3374 Neu
491 3330 559 3390 ergo
582 3314 666 3386 stetit,
690 3313 756 3388 quia
811 3311 961 3386 ignorabat
977 3314 1063 3386 (Prot.
1088 3330 1171 3387 ειιιι,
1196 3319 1235 3389 1).
1250 3319 1309 3377 Nec
1322 3319 1375 3378 ait:
1397 3319 1494 3379 Omnis
1515 3323 1609 3396 bomo,

81 3405 130 3476 sit;
159 3407 209 3463 sed
223 3422 276 3463 nec
297 3407 391 3464 volare
409 3405 506 3478 potuit,
526 3403 599 3479 quod
619 3419 754 3478 praesum-
810 3398 871 3469 sed,
886 3399 981 3458 omua'r
994 3402 1100 3471 vivens,
1116 3403 1196 3474 forte,
1211 3411 1241 3460 ut
1254 3420 1290 3464 ne
1304 3404 1380 3478 ipsos
1394 3406 1534 3483 angelicos
1545 3423 1610 3467 eum

80 3495 156 3552 stelit
179 3493 530 3562 eunnaureviraciras,
553 3493 653 3552 sedin
677 3507 755 3548 suam
810 3490 919 3547 noueris
943 3489 1055 3564 spiritus
1089 3490 1241 3566 excepisse.
1266 3494 1369 3554 lirant
1395 3497 1467 3555 enim
1495 3503 1524 3558 et
1544 3496 1608 3572 ipsi,

80 3584 206 3651 rniciem,
226 3584 328 3657 quippe
344 3599 427 3656 quem
439 3582 565 3642 defectus
579 3579 678 3656 gradae
690 3593 755 3635 mex
809 3588 885 3638 tanto
899 3579 1002 3652 verius,
1018 3588 1121 3655 quanto
1134 3581 1262 3656 proprius
1277 3584 1386 3642 adstant
1399 3587 1426 3646 ei
1439 3586 1512 3660 apud
1526 3603 1610 3662 quem

82 3675 142 3732 Nec
156 3672 296 3729 dissimilis
311 3688 379 3728 sane
394 3672 502 3730 illorum
516 3687 608 3741 casus,
634 3668 755 3744 quicum
808 3666 852 3729 'est
865 3669 927 3728 lons
939 3669 1011 3728 ritae.
1035 3670 1218 3729 Nihilominus
1240 3671 1323 3731 etiam
1334 3672 1401 3747 justi
1422 3681 1495 3747 sunt,
1511 3676 1560 3732 sed
1574 3691 1609 3733 ex

79 3770 147 3821 tsent
160 3763 258 3833 Deum,
274 3777 329 3819 nen
339 3761 575 3836 glorificaverunt,
590 3766 637 3817 aut
651 3758 754 3833 gratias
810 3775 854 3830 eo,
871 3773 928 3815 nou
941 3772 1037 3816 coram
1051 3774 1100 3827 eo;
1123 3776 1238 3818 munere
1252 3762 1323 3834 ejus,
1339 3776 1394 3820 non
1408 3761 1437 3819 in
1451 3764 1513 3835 eius
1532 3778 1609 3824 com·

82 3867 162 3925 :quo
177 3851 289 3908 tandem
305 3851 404 3909 merito
418 3849 510 3907 traditi
529 3856 593 3906 sunt
613 3848 641 3904 in
656 3861 754 3920 repro·
811 3847 966 3921 paratione.
983 3850 1045 3923 lpse
1064 3847 1140 3905 enirn
1161 3848 1213 3906 sibi
1226 3848 1331 3922 justitia
1352 3857 1404 3924 est,
1424 3853 1612 3925 cujusvolun·
1679 3896 1687 3916 ,

79 3957 154 4011 auru,
171 3947 199 3998 et
213 3942 388 3998 obseuratmn
398 3947 441 3998 est
450 3939 583 4012 insipiens
596 3952 645 3995 cor
658 3951 755 3995 eorum
811 3945 853 3994 tas
866 3953 923 3996 non
937 3944 992 3993 tam
1018 3951 1107 4012 equs
1124 3953 1208 4013 quam
1222 3937 1282 4012 ipsa
1294 3939 1424 4015 aequitas:
1447 3948 1475 3999 ει
1494 3951 1610 4017 utraque

81 4071 90 4100 ‚
114 4033 160 4100 ιι,
176 4029 375 4103 flebilemque
398 4037 427 4086 et
445 4027 498 4102 ipsi
522 4042 620 4085 eorum
637 4023 754 4099 principi
810 4040 868 4082 non
882 4024 957 4083 abad
970 4040 1053 4100 quam
1074 4023 1135 4099 ipsa
1149 4027 1302 4085 substantia
1320 4036 1373 4087 est.
1388 4029 1438 4087 illa
1454 4046 1523 4106 ergo
1536 4030 1612 4104 iasti-

78 4118 142 4175 imm
163 4127 206 4175 est
223 4119 360 4187 velamen,
385 4118 459 4191 quod
482 4115 556 4174 nulla
578 4116 636 4187 iam
649 4121 755 4170 naturae
810 4114 847 4171 tia
868 4113 1013 4173 verissime
1037 4113 1109 4172 sient
1122 4130 1202 4173 mons
1226 4123 1278 4188 est,
1300 4133 1362 4193 que
1382 4125 1525 4187 recteest,
1549 4133 1611 4192 que

78 4222 96 4268 e
112 4216 299 4281 pertranseat,
320 4215 350 4263 ut
373 4207 470 4280 ipsius,
486 4206 533 4282 qui
548 4221 633 4278 super
655 4203 754 4261 solium
811 4209 949 4276 pareest,
975 4219 1037 4278 quae
1052 4202 1130 4260 firma
1153 4213 1205 4273 est,
1221 4213 1258 4274 et,
1284 4214 1314 4264 ut
1328 4206 1365 4264 ita
1378 4206 1505 4278 dixerim
1527 4206 1611 4264 etiam

78 4306 152 4371 caput
177 4304 223 4352 aut
244 4297 331 4370 podes
356 4295 443 4354 valcat
472 4296 582 4354 intueri.
611 4294 753 4368 Siquidem
811 4290 964 4349 substantia
986 4300 1040 4349 est.
1065 4292 1173 4364 Quanta
1199 4293 1227 4350 in
1255 4295 1309 4353 hoc
1333 4295 1422 4369 capite
1436 4296 1502 4353 latet
1521 4293 1612 4352 altitu·

78 4392 211 4443 astantes
223 4393 251 4441 et
266 4391 387 4442 astantes
412 4385 519 4443 duabus
543 4383 593 4441 alis
607 4390 689 4456 caput
703 4398 752 4442 re·
809 4379 845 4438 do
858 4381 865 4436 l
882 4381 994 4454 quando
1007 4379 1096 4456 gloria
1111 4389 1163 4456 est,
1179 4391 1334 4459 quantmue
1352 4384 1502 4445 sublimitas
1516 4383 1544 4441 in
1558 4384 1611 4442 hoc

78 4474 140 4533 rbus
153 4473 248 4547 pedes.
810 4469 940 4527 umbroso
953 4477 981 4527 ct
995 4470 1135 4528 condenso
1149 4478 1242 4530 mente
1257 4472 1393 4546 reposital

78 4578 91 4621 ι
113 4569 157 4621 est
176 4562 329 4636 corporalis
351 4562 443 4619 divina
459 4563 621 4633 substantia,
648 4576 700 4620 nec
722 4561 752 4618 in
845 4560 889 4615 tc.
915 4557 1021 4629 Quibus
1037 4565 1127 4616 umen
1147 4566 1276 4632 putamus
1296 4561 1413 4619 alicime
1437 4565 1520 4635 caput
1533 4574 1609 4616 scra·

97 4650 240 4710 hominurn
277 4652 410 4709 membris
437 4651 567 4710 distincta
595 4649 750 4725 corporeis.
808 4645 883 4719 pbim
898 4645 999 4714 velant,
1016 4654 1046 4703 ut
1068 4647 1142 4704 nulla
1156 4648 1321 4707 sublimitate
1336 4657 1452 4721 nature,
1475 4647 1550 4706 nulls
1563 4662 1609 4706 ra·

86 4752 129 4802 est
141 4745 229 4816 Deus3
247 4751 274 4799 ει
290 4759 352 4816 quae
370 4742 405 4800 de
419 4757 453 4800 eo
469 4741 606 4810 dicuntur,
623 4739 752 4813 spiritua·
809 4734 890 4792 honis
905 4732 994 4794 964
1018 4735 1227 4810 perspicacitate
1241 4755 1359 4813 nequam
1377 4738 1473 4797 oculus
1495 4737 1524 4795 in
1537 4735 1611 4794 illam

77 4831 199 4907 dganda.
224 4831 351 4905 Alioquin
366 4830 427 4905 quis
451 4830 532 4888 nobis
555 4827 687 4888 revelabit
700 4831 753 4888 hoc
808 4832 890 4897 queat
905 4823 1060 4899 irrumpere
1082 4825 1141 4883 veri
1154 4825 1267 4884 luminis
1290 4826 1467 4886 claritatem?
1486 4823 1610 4896 minus,

77 4928 96 4980 tt
108 4922 194 4994 pedes
209 4921 286 4991 istos,
311 4935 381 4994 quos
403 4918 523 4994 geminis
535 4918 586 4975 alis
613 4918 752 4992 seraphim
807 4914 835 4970 ni
863 4912 953 4985 fallor,
976 4913 1036 4985 alis',
1064 4931 1121 4973 suae
1148 4916 1275 4976 videlicet
1301 4917 1423 4990 ipsorum
1445 4914 1551 4989 gloriae,
1579 4921 1609 4972 et

77 5008 120 5068 risi
135 5009 254 5082 Spiritus
263 5008 333 5082 ipse,
350 5008 396 5082 qui
406 5007 481 5065 norit
495 5006 587 5064 omnia
601 5022 663 5080 quae
676 5006 704 5062 in
718 5022 752 5064 eo
807 5003 952 5063 felicitatis.
968 5003 1149 5063 ineffabiliter
1172 5004 1310 5081 siquidem
1324 5005 1495 5066 delectantur
1512 5004 1541 5064 in
1559 5005 1609 5062 ad-

85 5106 225 5158 scrutatur
240 5098 322 5155 etiam
336 5098 390 5155 alta
405 5097 479 5155 Dei?
495 5096 557 5170 Ego
567 5096 640 5153 enim
653 5095 753 5168 opinor
806 5092 952 5152 nuatione
980 5094 1215 5169 contemplationis
1242 5095 1329 5169 illius;
1359 5110 1412 5155 neo
1429 5094 1520 5155 minas
1545 5094 1608 5170 glo·

76 5203 87 5247 ι
99 5204 162 5263 quae
176 5188 205 5244 in
218 5189 271 5246 hoc
285 5187 346 5246 loco
360 5186 459 5260 capitis
474 5184 585 5244 nemim
599 5184 752 5259 designan-
808 5183 915 5241 riantur
933 5183 962 5240 in
976 5182 1062 5258 ipsius
1083 5184 1272 5244 veneratione.
1291 5184 1405 5262 Iniquum
1418 5185 1464 5244 ille
1486 5182 1609 5241 admira·

76 5293 116 5354 Ιιιε
127 5279 279 5337 secundum
294 5278 367 5336 hunc
386 5293 498 5336 sensum
513 5282 595 5350 caput
608 5277 679 5349 ejus,
690 5290 752 5332 ma·
809 5271 910 5331 tionern
925 5270 1047 5348 quidem,
1061 5272 1110 5332 sed
1125 5287 1181 5332 non
1196 5274 1402 5335 venerationem
1416 5275 1529 5341 habens,
1545 5269 1610 5347 qaia

76 5368 130 5443 lus,
145 5374 266 5441 potestas
286 5369 358 5440 ejus,
373 5367 544 5441 sempiterna
567 5364 655 5425 virtus
670 5370 753 5438 atque
807 5360 887 5419 subdi
909 5359 995 5418 noluit
1016 5376 1068 5435 per
1080 5361 1298 5439 uenerationem,
1313 5363 1361 5442 figi
1383 5379 1439 5424 non
1452 5359 1537 5421 ualuit
1557 5372 1611 5436 per

76 5494 89 5519 ›.
116 5456 206 5530 Caput
232 5456 304 5527 ejus,
337 5456 414 5527 iuxta
442 5454 508 5514 illud
541 5451 751 5527 propheticum:
809 5449 1029 5510 admirationem.
1060 5452 1186 5530 nemque
1216 5452 1425 5516 ιᾶιιιιιιιιοιιειιι
1456 5451 1544 5528 ipsam
1580 5447 1611 5509 ln
1715 5482 1722 5494 ·

79 5552 132 5606 teo
140 5549 216 5606 ειειιι
228 5550 339 5605 mentm
350 5547 409 5606 bei.
419 5545 526 5618 Nempe
535 5541 609 5616 qood
617 5540 753 5617 munitur,
815 5539 1019 5601 emolatbnern
1031 5543 1182 5613 wnrerthr
1196 5554 1250 5604 aso
1261 5544 1389 5605 senensi
1407 5534 1619 5618 agamus
