3734 5948
98 237 152 298 881
557 247 560 257 “
753 236 924 300 munuum
935 238 976 300 lu
992 236 1148 300 cannot.
1693 224 1750 289 Μ

97 363 212 434 pitiana,
237 362 434 434 suspicionibus
456 360 627 433 inquietetur,
650 362 780 420 conuiciis
796 364 893 437 exagi—
909 374 934 460 Α
949 365 1025 420 lianc
1041 362 1198 420 conduendi
1218 361 1292 434 parit
1308 356 1430 422 lacubus,
1441 364 1472 412 ct
1493 353 1605 412 uictoria
1621 351 1658 410 da
1673 365 1746 423 pcc-r

100 457 184 512 tetur,
208 449 283 506 curis
304 450 477 519 annueretur,
502 450 651 505 honoribus
672 458 783 522 tumeat,
808 452 893 510 livore
949 460 1020 508 cato.
1033 454 1092 507 lam
1114 451 1216 525 gratias
1232 450 1300 523 agit,
1320 455 1348 502 et
1361 445 1426 500 dicit
1441 461 1448 500 :
1464 443 1611 515 lliruptati
1624 441 1745 501 simtu

101 540 242 594 tabescat:
268 547 306 605 tu,
328 539 449 611 iuquam,
471 538 506 595 ita
525 538 550 594 in
567 538 686 612 propriis
698 538 815 611 teipsum
830 557 894 598 sen-
949 557 1023 608 mea,
1041 543 1093 599 tibi
1104 540 1269 611 rocmficabo
1283 537 1405 595 bostiam
1420 531 1512 591 leudis
1522 532 1611 602 (Poul-
1617 545 1684 596 nar,
1698 532 1743 593 tu.

100 626 179 690 uerus,
203 642 319 697 quanam
343 628 488 690 dementia,
513 643 616 699 quaeso,
640 627 836 687 alieuseurare
850 641 897 687 aut
951 629 1005 703 ll).
1030 629 1133 687 Deinde
1156 627 1301 700 apponitur
1323 623 1552 680 medicamentum
1568 619 1746 691 penitentie.

100 716 197 784 ambis,
212 723 259 770 aut
271 717 439 788 acquiescis?
455 716 507 771 Sed
522 716 597 771 enim
617 719 680 773 audi
695 717 759 790 quid
772 719 897 777 consulat
949 719 1081 790 malagma
1104 717 1281 787 jejuniorum,
1303 712 1468 786 uigiliarum,
1491 707 1657 771 orationum.
1682 713 1708 785 9¹
1726 704 1749 759 ⁸5

101 814 178 859 cauta
193 802 313 874 vigilque
328 804 452 860 charitas.
469 806 528 862 Non
551 804 624 876 qnod
646 807 724 873 attin
744 807 843 879 inquit,
858 810 896 864 sit
949 825 1002 878 qua
1021 816 1085 864 sunt
1106 805 1158 863 alia
1179 801 1368 878 poenitentium
1388 798 1528 856 exercitia.
1547 798 1576 851 ln
1601 795 1693 854 labore
1708 793 1750 851 ci·

102 892 326 958 remissic‚ocbis
338 898 435 950 autern
451 892 609 962 tribulatio,
623 897 670 953 sed
683 912 721 953 ec
732 898 897 970 equalitate
951 896 1054 952 bandus
1068 901 1109 951 est
1122 895 1185 951 cibo
1203 892 1267 950 boui
1282 891 1383 964 operis.
1400 903 1434 947 ne
1448 884 1565 944 deficiat
1581 881 1660 954 Quod
1679 895 1750 950 ⁰1⁸¹ss

101 983 139 1050 (ll
149 980 549 1050 tor.vm,lt).nottatmiam
560 1000 618 1041 esse
628 986 724 1055 justus
736 980 897 1056 (entend,
950 983 984 1039 ait
999 984 1085 1049 cibus,
1108 983 1171 1039 inde
1191 980 1319 1039 doceris:
1338 979 1410 1036 deus
1427 975 1504 1033 cibus
1524 977 1579 1044 eet,
1595 969 1692 1042 inquit,
1717 976 1749 1025 ut

104 1069 157 1137 ta).
173 1068 278 1125 Sollicit
292 1077 321 1125 at
335 1069 433 1140 diligas
447 1074 596 1142 proximum
613 1080 688 1129 tunm
709 1082 838 1145 tanquam
853 1083 896 1129 te-
949 1075 1057 1144 scciam
1071 1071 1248 1128 uoluntatem
1259 1066 1523 1137 Putricrneiltoun·
1538 1060 1748 1131 ludii-{lm

102 1159 206 1228 ipsum;
220 1160 271 1213 boc
283 1160 385 1230 quippe
400 1169 442 1213 est
456 1174 489 1213 ex
504 1160 668 1231 equalitate.
691 1161 763 1219 Dicit
785 1161 895 1218 David:
949 1162 1111 1217 cornicantur
1132 1158 1299 1231 paenitentia
1321 1156 1429 1211 labores
1452 1149 1561 1223 pietatis
1575 1163 1660 1220 omre
1685 1160 1749 1218 que

103 1248 183 1306 Sicut
196 1248 280 1320 adipe
289 1252 316 1305 et
326 1248 498 1321 pinguedine
512 1251 659 1322 repleatur
671 1253 771 1308 enimc
784 1266 857 1316 meo,
869 1253 897 1308 et
950 1248 1112 1305 confortent.
1122 1247 1262 1320 capuam,
1275 1247 1321 1308 ait,
1338 1243 1475 1314 Muciani
1485 1241 1606 1313 praelat
1615 1235 1694 1308 apud
1706 1233 1750 1291 dl·

104 1336 184 1394 labiis
198 1339 401 1394 exsultationis
417 1337 545 1394 laudubit
558 1353 587 1395 or
608 1357 705 1397 meum
724 1339 811 1412 (Pscl.
826 1354 896 1406 axn,
951 1336 1095 1394 nennium
1107 1337 1278 1408 eltnaospnc
1290 1334 1366 1401 (lob.
1379 1345 1421 1395 tv.
1436 1329 1494 1398 ¹2)-
1510 1327 1594 1384 Cibus
1611 1324 1684 1381 *illm
1693 1338 1749 1383 1²¹·

102 1426 141 1496 bl:
156 1425 260 1480 iuluudi
275 1426 485 1496 nimirumprius
497 1427 837 1494 voleusetsicctiundcrm
849 1442 898 1484 uec
950 1427 1031 1491 citat;
1051 1424 1185 1496 potandus
1198 1432 1250 1480 est.
1273 1423 1389 1478 amedu
1407 1420 1470 1476 cibo
1490 1415 1555 1473 boni
1571 1414 1663 1482 operis
1680 1425 1746 1469 ora·

102 1517 192 1572 solum
214 1514 317 1570 inlundi
342 1516 426 1586 prius,
451 1515 501 1570 sed
523 1524 550 1571 et
574 1515 688 1585 impleri,
711 1525 844 1587 quatenus
862 1516 897 1572 da
951 1514 1034 1570 tionis
1055 1521 1146 1584 potas,
1164 1525 1333 1584 componens
1356 1508 1385 1564 in
1408 1505 1552 1563 stouracbo
1575 1498 1749 1559 nunnus

102 1603 271 1672 plenitudiue
297 1610 438 1672 eructaret,
467 1619 521 1660 non
548 1605 674 1660 oscitaret
696 1604 732 1660 de
755 1604 895 1660 inanitate.
912 1602 1024 1689 flqnod
1039 1603 1110 1658 bane
1123 1612 1232 1672 matum
1246 1611 1298 1664 est,
1312 1607 1341 1654 ot
1354 1595 1549 1653 ommentans
1559 1592 1626 1649 Dan·
1637 1585 1749 1685 Omitte

103 1692 307 1764 Cautaquidern
324 1710 331 1747 ι
348 1709 382 1748 ne
402 1691 475 1764 quod
493 1692 697 1760 alianastasis,
715 1692 898 1748 sibitribula·
951 1692 1053 1748 bibitur
1073 1691 1162 1747 uiuum
1182 1690 1324 1746 laudoam
1337 1701 1385 1742 eor
1405 1681 1533 1751 bominis,
1548 1679 1640 1736 nuum
1663 1691 1747 1747 spart·
1791 1759 1793 1764 Ι

102 1781 141 1835 tio
161 1789 251 1844 essem
274 1788 302 1836 et
322 1780 496 1837 nibilominus
515 1790 598 1850 msto,
623 1781 732 1837 inuitans
753 1781 840 1846 illum,
863 1782 898 1834 da
951 1791 1003 1844 tus.
1019 1779 1092 1849 quod
1115 1779 1239 1842 inebriat,
1255 1787 1282 1832 et
1302 1771 1448 1832 analium
1462 1769 1632 1846 rolpptatum
1649 1761 1745 1823 mcc-

102 1870 183 1937 cujus
206 1867 372 1937 plenitudine
394 1883 487 1924 omnes
514 1869 675 1939 accepimus.
709 1869 786 1927 Disce
815 1876 841 1923 et
869 1875 898 1924 tn
950 1869 989 1925 dit
1005 1869 1179 1925 oblivionem.
1196 1868 1335 1922 lltrmeutat
1349 1861 1473 1918 interiora
1487 1852 1744 1913 sanctasanctoru-

104 1956 210 2012 nonnisi
225 1956 258 2012 da
272 1957 353 2026 pleno
367 1957 520 2027 abundare,
535 1973 586 2015 nec
600 1959 658 2015 Deo
668 1957 770 2032 largior
783 1971 898 2013 essevo-
952 1959 1008 2020 tin.
1028 1973 1105 2013 escas
1118 1958 1252 2012 bonorum
1269 1959 1379 2009 actuum
1398 1947 1506 2022 digeri.
1525 1956 1553 2000 0¹
1567 1942 1677 2002 &⁰⁰5²
1697 1954 1748 2009 W

104 2044 144 2099 lis.
154 2045 390 2100 Conobaimitetur
400 2044 512 2101 fontem.
523 2047 584 2103 Non
593 2057 684 2102 manat
702 2047 747 2101 ille
759 2044 786 2100 in
798 2045 896 2115 riuum,
950 2050 1078 2121 quedam
1091 2048 1188 2104 animae
1198 2045 1328 2109 mambra,
1344 2041 1425 2098 tidem
1439 2040 1583 2103 roborans,
1598 2046 1749 2102 apameam

103 2146 153 2188 neo
168 2132 195 2187 in
217 2132 305 2188 lacum
327 2133 490 2199 extenditur,
511 2134 599 2191 dormo
612 2134 671 2190 suis
684 2134 796 2190 sadatur
808 2133 896 2206 aquis.
951 2139 1064 2207 loriano,
1079 2147 1208 2211 negamus
1226 2133 1406 2202 ordinansque
1419 2126 1588 2189 otiositatem,
1603 2132 1631 2176 et
1644 2119 1746 2190 impit-

100 2219 164 2276 -Nou
183 2220 282 2290 pudeat
291 2222 420 2278 eoncbam
431 2236 485 2277 non
496 2238 557 2280 esse
566 2237 617 2279 suo
626 2221 700 2278 loute
708 2222 896 2292 prolusiorem.
952 2240 1152 2300 quansmores.
1673 2296 1677 2306 Ι
1697 2295 1701 2306 ⁸

102 2308 226 2378 Daunus
240 2308 299 2378 ipae
312 2310 374 2364 lons
388 2309 898 2382 uitaepteuusinnipsastpleuusse·
988 2318 1015 2370 6.
1030 2314 1143 2385 Sumpta
1155 2310 1218 2366 mbo
1239 2317 1369 2379 potuque.
1384 2304 1449 2378 quid
1464 2303 1522 2373 iarn
1543 2307 1637 2364 mitt,
1653 2313 1704 2353 ΙΝ
1718 2305 1749 2350 ¹1¹

101 2400 173 2472 ipso,
189 2414 278 2455 nonna
296 2400 415 2472 primum
438 2401 546 2474 quidem
569 2400 703 2458 ebulliens
716 2409 743 2456 ot
756 2398 857 2455 saliem
871 2398 898 2454 in
950 2412 1047 2474 pauset
1070 2409 1201 2472 aegrotus,
1223 2405 1251 2453 at
1266 2398 1351 2470 quieti
1369 2388 1606 2462 contemplationis
1624 2393 1685 2452 uoti
1698 2400 1747 2441 uu·

102 2488 226 2559 proxima
248 2495 351 2544 secreta
372 2491 512 2555 uelorum,
529 2488 897 2560 ‹rrrroiaimplavitbonitate3
952 2491 1033 2545 dores
1054 2488 1169 2546 aetionis
1186 2483 1347 2541 incumbat?
1367 2479 1510 2538 noredano
1530 2477 1559 2533 in
1573 2473 1745 2570 courtemplc·

101 2588 130 2632 et
140 2577 317 2632 tuucdeurum
329 2578 447 2646 impletis
456 2577 642 2650 superioribus
651 2577 899 2649 secretioribusque
953 2578 1026 2633 dona
1050 2579 1133 2632 ὓσιιιιι
1148 2575 1283 2638 sumniam
1300 2588 1351 2643 per
1374 2567 1515 2641 amentium
1528 2563 1662 2636 etquidem
1679 2569 1747 2658 “¹¹¹¹

103 2664 223 2733 partibus
245 2664 332 2735 erupit
354 2665 386 2721 ad
410 2676 504 2734 meras,
525 2682 557 2723 ac
576 2668 610 2722 de
622 2665 761 2737 superfluo
774 2665 898 2722 homines
952 2666 1107 2740 aenigmate,
1126 2679 1183 2720 non
1203 2669 1294 2719 autem
1316 2660 1384 2717 tane
1404 2657 1440 2715 ad
1464 2654 1561 2712 faciem
1581 2649 1689 2709 iuterim
1709 2664 1750 2707 tn·

102 2765 129 2807 et
157 2754 276 2823 jumenta
304 2754 431 2820 saluauit,
460 2754 686 2826 quemadmodum
712 2754 898 2827 multiplicavit
952 2764 1053 2811 tuctur.
1068 2754 1172 2810 Tamen
1194 2752 1235 2808 sic
1257 2765 1312 2807 non
1329 2758 1386 2805 tam
1401 2745 1523 2818 specu,
1548 2756 1635 2814 tiulfi.
1654 2739 1750 2807 ωψ-

102 2841 315 2897 miscricordiam
330 2845 428 2898 suam?
442 2844 520 2899 Prius
541 2844 644 2900 interm
667 2845 794 2914 repleuit3
811 2853 839 2898 et
858 2843 899 2898 sic
950 2845 1025 2910 etuti,
1041 2843 1122 2916 idque
1140 2841 1236 2914 raptim
1260 2837 1380 2912 etquaai
1401 2835 1453 2891 sub
1477 2830 1599 2906 quodem
1622 2840 1750 2889 commu

102 2931 244 2984 exundans
259 2929 285 2984 in
301 2930 392 2985 miultis
407 2931 625 2989 miserationibus
638 2930 749 2990 tate
765 2933 822 2989 suis
834 2932 899 2991 visi-
913 2884 937 2967 ι
952 2932 1025 2990 uina
1039 2930 1195 2988 scintillulae
1214 2926 1389 2994 transeuntis,
1406 2922 1519 2982 manner
1538 2917 1582 2976 vix
1600 2915 1694 2975 suncti
1713 2913 1752 2971 in·

106 3013 171 3068 tacit
193 3022 299 3080 terram,
324 3023 350 3069 ot
372 3013 512 3072 inebriavit
534 3031 605 3082 eam,
621 3015 805 3087 multiplicavit
818 3016 898 3072 locu·
950 3022 1069 3078 ardescit
1079 3035 1182 3085 amoro,
1197 3033 1224 3073 et
1237 3018 1274 3072 ait
1284 3036 1293 3072 ε
1304 3016 1407 3072 Anima
1416 3006 1659 3069 mandaueratis
1674 3007 1702 3061 lt
1719 3003 1752 3057 in

107 3103 206 3172 pletare
220 3115 289 3156 eam.
305 3102 378 3172 Ergo
392 3110 418 3158 et
433 3113 460 3159 tu
472 3102 516 3160 lae
529 3105 660 3159 similiter.
685 3104 797 3176 implere
813 3103 899 3174 priua,
953 3114 1045 3174 nocta,
1056 3109 1104 3166 sed
1114 3113 1142 3164 et
1151 3109 1271 3175 spiritur
1280 3120 1360 3161 naeus
1374 3104 1407 3158 in
1417 3098 1581 3172 precordiis
1590 3093 1749 3163 mund.

105 3196 133 3244 et
147 3190 185 3243 sic
198 3195 293 3245 curato
307 3188 456 3247 abundare.
471 3191 591 3266 Benigno
614 3182 788 3264 prudensque
806 3191 900 3249 clnri-
953 3215 1026 3263 χιιι,
1042 3199 1082 3263 9).
1095 3196 1168 3251 Talis
1182 3208 1257 3249 amor
1271 3192 1358 3258 aelat;
1374 3190 1418 3245 bic
1428 3189 1507 3245 decet
1521 3177 1752 3251 amieuraapuoai.

106 3276 276 3361 tasaffluere
290 3279 443 3346 cousuevit,
458 3294 513 3337 non
528 3280 901 3354 eissuere.l'ilimi,neper·
954 3289 1006 3342 buc
1029 3299 1140 3350 necesse
1163 3293 1205 3339 est
1226 3281 1318 3338 ardeat
1341 3277 1428 3334 tidelis
1452 3290 1547 3332 ansus
1567 3279 1597 3329 et
1621 3267 1751 3342 puttoni·

106 3369 221 3439 asdans,
235 3367 273 3422 ait
286 3368 428 3437 Salomon;
444 3379 470 3425 et
484 3368 633 3440 Apostolus
649 3388 657 3424 ι
680 3369 845 3442 Propterea,
861 3373 901 3424 iu·
954 3391 1037 3447 quem
1050 3372 1187 3431 cornutuit
1205 3371 1339 3427 Dominus
1352 3381 1434 3439 super
1448 3363 1578 3422 tmuium
1591 3374 1681 3419 suam.
1701 3355 1755 3417 ilic

105 3457 174 3528 quit,
185 3458 312 3515 debemus
321 3458 469 3516 intendere
483 3459 527 3515 bie
540 3475 601 3532 qua
615 3459 767 3526 dicuntum
777 3475 815 3516 ne
828 3459 901 3529 [nte
955 3465 1051 3533 replet,
1067 3463 1113 3518 buc
1126 3461 1222 3526 leruot,
1236 3459 1280 3516 bic
1293 3456 1399 3523 ebullit,
1413 3453 1459 3512 bic
1467 3454 1650 3524 iam-securus
1661 3443 1754 3505 enm-

105 3549 312 3618 peresllucmus
328 3547 416 3617 illebr.
433 3561 463 3612 ιι,
492 3549 528 3613 ll.
548 3547 618 3616 Quid
634 3549 727 3605 enimi
742 3559 806 3605 tuno
819 3547 902 3605 Paulo
954 3554 1002 3621 dit,
1017 3552 1157 3609 exundent
1179 3559 1205 3605 et
1218 3563 1373 3620 erumpens,
1398 3561 1433 3602 ae
1449 3543 1543 3601 dicans
1562 3555 1571 3595 ε
1590 3539 1656 3608 Quis
1669 3535 1756 3604 inde·

105 3635 232 3704 saeuior,
256 3635 392 3706 capientur
416 3635 579 3692 Salomone?
604 3635 731 3708 Alioquin
760 3653 810 3694 uec
835 3636 902 3694 anibi
954 3647 1061 3712 mator,
1077 3643 1106 3696 et
1124 3657 1172 3712 eqo
1186 3656 1244 3696 raon
1257 3634 1479 3708 infirnscrtquis
1489 3627 1756 3688 mnddtacnmt

106 3722 183 3778 sedet
194 3721 274 3779 ditari
290 3738 324 3776 ex
335 3733 360 3778 te
375 3723 522 3779 exinanito.
537 3724 565 3777 S·
581 3722 654 3778 euim
665 3732 696 3779 tu
710 3723 759 3779 tibi
772 3738 901 3797 nequam,
957 3747 1003 3804 epa
1017 3732 1175 3786 nanuror?
1192 3729 1232 3799 (ll
1242 3728 1302 3785 cor.
1314 3739 1352 3788 xl.
1368 3725 1427 3790 ao.)
1443 3718 1583 3782 inanducat,
1599 3712 1755 3776 iruotiticet,

105 3811 149 3865 cui
164 3810 250 3866 bouus
262 3811 338 3865 cris‘.>
355 3811 392 3864 Do
408 3812 526 3875 cumulo,
538 3812 561 3866 si
576 3810 661 3877 vales,
677 3812 777 3882 adjuva
791 3813 902 3877 maisin
956 3820 1068 3874 innovet
1089 3818 1178 3888 signa,
1197 3823 1224 3870 et
1245 3815 1369 3870 immutat
1381 3807 1516 3865 mirabilia
1539 3826 1545 3864 :
1571 3820 1626 3863 nou
1644 3810 1686 3863 cot
1700 3816 1754 3872 quo

105 3907 207 3969 autem,
223 3900 325 3970 parcito
340 3899 397 3954 tibi.
957 3923 987 3961 se
1009 3904 1158 3960 immisceu
1182 3902 1294 3968 vanius,
1316 3899 1362 3956 uui
1386 3905 1471 3955 nram
1494 3901 1609 3965 compat
1624 3887 1756 3953 claritat·

140 3991 166 4044 t.
183 3988 237 4044 Sed
260 3990 314 4058 jam
328 3989 429 4053 audite,
445 4003 506 4061 quae
528 3998 554 4044 et
577 3977 770 4061 quann'saluti
785 3989 903 4068 propriae
957 3993 1095 4066 Siquidem
1111 3989 1333 4064 plenitudolcqit
1347 3980 1753 4049 eumrdtaauciariuatttcn·

104 4077 257 4133 decenario
282 4078 345 4143 sint,
373 4093 434 4150 que
460 4086 487 4134 et
512 4086 613 4150 quanta
638 4077 742 4134 inlundi
770 4086 902 4150 oporteat,
958 4097 1017 4150 sni,
1034 4084 1089 4151 lut,
1105 4080 1128 4135 ai
1148 4088 1236 4136 nmen
1253 4078 1342 4149 plena.
1361 4076 1436 4132 Dens
1453 4073 1570 4144 denique
1584 4068 1701 4127 euentu
1715 4072 1757 4120 etl

106 4162 261 4234 priusquam
277 4164 419 4222 ellunderc
435 4181 639 4236 praeaumamna,
654 4181 715 4238 qun
741 4175 830 4223 mmen
849 4167 901 4222 im·
917 4168 941 4248 ῃ
956 4173 982 4241 (l
1004 4173 1137 4235 teumrv,
1154 4169 1210 4239 ld),
1225 4175 1252 4224 at
1270 4165 1335 4222 nibil
1364 4163 1456 4220 estin
1476 4163 1558 4217 rebus
1578 4156 1655 4228 quot
1669 4153 1757 4225 potitii

106 4251 309 4322 praesentiamm
323 4254 444 4311 breviter
457 4255 585 4329 colligere
599 4264 705 4329 potero.
720 4256 791 4312 llora
812 4254 901 4328 siqui·
956 4260 1059 4329 replere
1086 4264 1233 4314 mmmmm
1254 4255 1350 4312 lectam
1373 4252 1407 4307 ad
1435 4245 1665 4322 imminuerint,
1703 4242 1755 4298 titi

105 4343 165 4394 dem
180 4341 234 4408 jam
251 4342 362 4398 multum
377 4345 509 4411 aseendit,
523 4355 553 4401 et
574 4347 709 4404 sermonis
723 4354 803 4417 urget
815 4344 849 4401 ad
865 4344 900 4400 d·
954 4347 1072 4405 ebaritas
1089 4347 1175 4410 Deus,
1191 4345 1236 4417 qui
1258 4344 1332 4400 solua
1355 4343 1441 4410 major
1463 4346 1505 4393 ast
1526 4335 1581 4391 illa.
1600 4333 1666 4404 lium
1688 4346 1751 4389 nou·

105 4444 178 4485 nem.
195 4428 305 4485 Accedit
327 4430 448 4487 medicus
468 4432 504 4487 ad
525 4433 705 4503 vinearetum,
730 4435 842 4506 spiritns
865 4435 900 4491 ad
955 4437 1020 4491 dnm
1033 4436 1146 4505 adeptus
1160 4430 1389 4504 puriculosissimc
1407 4433 1593 4498 promovetur,
1609 4420 1752 4495 quantisli-

105 4516 232 4573 animam.
248 4515 332 4584 Quum
348 4517 421 4573 enim
435 4534 488 4575 non
500 4521 617 4591 reperiet
628 4522 719 4594 gladio
730 4521 833 4580 diaboli
843 4522 902 4578 rul-
955 4525 1000 4581 bet
1014 4523 1207 4580 aliisuidcntur
1220 4521 1323 4590 pollere
1337 4516 1494 4575 uirtutibus.
1511 4512 1543 4570 Si
1556 4511 1687 4569 hebuerit.
1696 4525 1753 4568 om·

106 4618 235 4671 ceratam,
260 4605 340 4661 etiam
364 4617 426 4676 post
444 4615 565 4663 sanatum
578 4609 680 4666 uulnus
693 4610 795 4684 anuqui
809 4611 900 4668 delicti
956 4628 1019 4667 nem
1032 4612 1181 4675 scientiam,
1195 4607 1220 4664 si
1232 4606 1340 4664 dederit
1356 4620 1466 4662 ornnem
1480 4600 1661 4659 substantiam
1676 4614 1753 4656 suam

105 4695 302 4750 medicamento
324 4693 512 4766 baptismatis?
536 4697 608 4768 lquo
629 4698 663 4752 ad
686 4697 758 4752 illam
784 4699 902 4756 aninam
954 4700 1130 4774 pauperibus.
1144 4697 1166 4753 si
1182 4694 1320 4754 tradiderit
1332 4709 1434 4767 corpus
1451 4707 1531 4748 suum
1546 4691 1582 4749 ita
1598 4698 1628 4748 ut
1646 4689 1752 4755 ardeat;

105 4801 166 4854 quas
179 4784 261 4840 dicit:
279 4787 459 4842 Patrnernnt
474 4789 657 4858 etcorruptoe
670 4792 738 4843 runt
751 4786 902 4845 cicatrices
955 4784 1195 4860 absqnecbaritete
1208 4799 1309 4841 vasum
1321 4789 1375 4840 eat.
1389 4781 1430 4839 lin
1441 4787 1543 4854 quanta
1554 4777 1628 4849 prius
1641 4772 1755 4837 lm

104 4876 470 4947 uacuefacieinstpientioe
482 4889 554 4931 men
569 4874 654 4947 (Pici.
671 4879 901 4946 usitatarum
956 4875 1120 4933 inlundenda
1134 4883 1207 4944 sunt,
1227 4882 1257 4931 ut
1273 4872 1412 4929 niunden
1435 4867 1644 4934 andnimands
1664 4865 1754 4938 ploni·
1808 4944 1811 4948 Δ

104 4963 208 5019 accedit
221 4965 343 5036 spiritua,
361 4965 425 5036 quid
439 4964 529 5036 primo
543 4978 613 5034 opus
632 4965 691 5020 esti
707 4965 741 5021 Ut
755 4971 845 5022 tumor
858 4965 902 5022 rel
957 4969 1056 5035 tudine,
1073 4980 1126 5022 non
1144 4965 1179 5018 dc
1203 4962 1315 5035 penuria
1332 4960 1479 5033 largientes
1498 4975 1504 5015 :
1522 4960 1612 5031 primo
1630 4956 1752 5028 quidam,

105 5051 191 5120 uleus,
216 5052 286 5122 quod
311 5053 380 5107 torte
404 5052 572 5122 supercrevit
593 5051 622 5106 in
639 5053 759 5115 uulnere.
775 5060 802 5109 et
815 5061 903 5126 potest
956 5055 1142 5128 compuncti03
1156 5052 1265 5122 deinde,
1283 5051 1415 5121 deuotio;
1432 5049 1522 5119 tertio,
1538 5046 1702 5119 poenioeuuae
1715 5046 1755 5105 la·

104 5138 237 5207 impedire
252 5140 407 5207 acuitatem,
423 5148 485 5196 ante
500 5139 591 5196 omnia
606 5150 769 5209 amputetur.
784 5141 903 5198 tlbscin-
957 5147 1024 5212 bur;
1047 5152 1156 5217 quarto,
1177 5141 1285 5213 pietatis
1303 5156 1391 5213 opus3
1412 5139 1525 5214 quinto,
1544 5134 1675 5194 orauooit
1695 5143 1753 5193 atra·

105 5228 185 5283 datur
199 5229 288 5298 itaque
304 5229 374 5284 terro
388 5239 474 5284 acute
489 5229 706 5302 cnmpuuctiouis
726 5230 803 5286 ulcus
823 5229 903 5287 irrue-
956 5233 1047 5302 dium;
1070 5241 1157 5296 sexto,
1172 5229 1411 5301 contemplationis
1429 5228 1535 5299 otium3
1550 5224 1678 5299 septimo,
1694 5224 1753 5297 plc-

106 5326 196 5372 teratae
212 5318 422 5372 consuetudinis.
438 5318 492 5374 Sed
507 5328 550 5375 est
571 5333 610 5373 ac·
623 5319 685 5373 rbus
703 5318 795 5374 dulor:
812 5319 899 5374 leuia-
958 5323 1052 5379 uitndo
1066 5319 1227 5378 dilectionis.
1245 5320 1308 5376 llaec
1328 5316 1418 5374 omnia
1436 5324 1565 5387 opernur
1587 5330 1659 5373 unat
1673 5321 1754 5387 atquc

104 5415 148 5461 tur
176 5405 292 5477 proinde
320 5415 454 5476 unguento
482 5406 647 5475 devotionis,
676 5406 749 5478 quod
777 5424 831 5462 narn
859 5420 900 5465 est
952 5412 1026 5469 idem
1046 5410 1163 5482 Spiritus
1182 5407 1333 5464 meandum
1347 5406 1544 5476 opertum,
1567 5419 1630 5478 quse
1652 5402 1752 5459 tutuno

103 5493 186 5565 aliud,
213 5495 262 5551 uisi
287 5502 417 5568 concepta
440 5498 473 5550 de
496 5509 546 5567 spe
560 5495 732 5570 indulgentior
744 5495 897 5553 exsultatio.
953 5497 1118 5571 appellatum
1130 5493 1320 5569 quatonnajlla
1333 5509 1396 5566 qnae
1409 5492 1510 5552 muno
1524 5491 1595 5551 dicta
1603 5500 1656 5557 etl.
1673 5503 1750 5564 tim,
