3734 5948
69 224 138 281 arsa
655 222 853 284 33333333
885 228 1126 288 3333333333.
1642 222 1711 298 iroa'

65 349 201 406 Dominus
214 362 293 420 opem
307 351 382 417 serat
396 346 442 403 illa
456 363 540 418 snper
553 347 657 406 1331333
670 349 772 407 dolores
786 351 858 422 ejus,
914 352 1023 409 humani
1038 352 1149 428 generis
1172 351 1363 425 ignorantiam.
1389 356 1449 426 lpsa
1480 365 1532 428 eat,
1558 367 1588 416 nt
1614 361 1712 433 opinor

64 437 230 492 universnm
243 440 368 491 stratum
378 437 439 506 ejus
448 438 566 492 versasti
576 437 608 493 in
616 437 789 507 infirmitate
798 440 860 510 ejas
913 441 956 495 cui
975 457 1005 497 se
1027 442 1122 497 beatus
1135 441 1279 513 Apostolus
1297 450 1325 498 et
1343 441 1557 513 lateturnatum,
1573 456 1600 502 et
1614 449 1714 518 gloria·

63 524 151 591 (Psoi.
167 538 214 589 ιιι,
238 526 275 593 l).
291 524 380 595 Atque
402 522 429 577 id
444 522 555 593 quidem
577 524 612 580 de
626 524 736 583 lectulo.
751 527 808 580 lam
823 526 859 581 de
914 536 1096 600 turereptum,
1106 528 1217 586 dicens:
1233 531 1286 599 Qui
1295 531 1371 587 erait
1378 529 1469 588 nosde
1484 538 1621 605 potestate
1632 541 1712 596 tene·

63 611 223 680 ignorantiae
246 619 326 667 nocte
350 610 414 682 qnid
440 611 620 679 manifestius,
643 628 723 683 quam
743 613 816 684 quod
830 613 859 668 in
913 617 1184 687 drarnm(Coloss.r,
1197 617 1253 689 13).
1270 617 1347 674 Unde
1361 626 1390 673 et
1400 617 1522 674 dicebat:
1538 621 1599 677 Non
1611 638 1713 682 sumas

62 698 114 753 alio
132 697 280 754 identidem
300 696 419 769 loquitur
437 698 556 770 psalmo:
584 701 748 757 Nesciernat
770 716 860 772 meque
913 706 1158 778 filiinoctisnepne
1170 707 1350 763 tenebrarum
1364 707 1391 776 (l
1402 708 1491 763 Thess.
1507 724 1535 776 v,
1548 711 1574 777 5)
1584 726 1591 778 ;
1602 708 1712 766 itemad

62 787 860 859 iotetteocmm,tncombinambcmmmarchium,5)
913 808 1009 849 omnes
1037 794 1157 851 electos:
1189 797 1220 853 dt
1250 793 1316 867 filii,
1342 795 1438 868 inquit,
1474 795 1545 852 locis
1567 797 1712 856 ambulate

63 889 114 945 pro
133 883 209 931 certo
228 875 386 945 exprimens
399 875 494 946 ipsam,
510 876 538 931 in
551 892 605 949 qua
620 877 676 932 nati
690 884 763 944 sunt,
779 877 861 934 totius
913 881 1028 955 (Ephes.
1043 899 1070 950 v,
1083 886 1111 954 8)
1126 885 1213 952 (363).

100 1017 175 1087 (idi)
186 1016 331 1088 Hucusque
347 1023 457 1073 sanctus
470 1018 637 1073 bernardus:
656 1027 756 1074 caetera
773 1028 860 1076 morte
914 1037 965 1077 nec
978 1021 1077 1077 usitata
1089 1022 1208 1078 clausula
1220 1023 1462 1092 circumscriptum.
1481 1023 1550 1079 vide
1567 1024 1710 1081 33311333-

64 1094 220 1161 praeventus
248 1086 390 1143 absolvere
413 1102 467 1143 nnn
486 1088 584 1159 potuit,
610 1087 664 1144 imo
686 1089 858 1145 nealtimnm
913 1092 1015 1148 tionem
1041 1092 1185 1149 Gilleberti
1208 1093 1243 1150 de
1266 1093 1406 1150 Hellandia
1420 1094 1497 1152 initio
1526 1095 1590 1152 tomi
1613 1111 1642 1168 ιι,
1663 1111 1710 1152 se·

65 1160 174 1231 quidem
186 1159 289 1214 huncce
299 1174 464 1224 sermonem,
476 1167 570 1231 utpote
578 1160 685 1216 ceteris
695 1160 858 1228 breviorem,
912 1163 1031 1234 quentis.

68 1437 1711 1476 m

398 1651 692 1809 FLORES
739 1652 885 1786 SEU
930 1653 1385 1788 SENTENTIAE

528 1965 576 2020 EX
594 1966 623 2021 S.
641 1964 819 2022 BERNARDI
838 1963 1005 2022 onustans
1023 1964 1251 2023 narbonam.

783 2201 993 2221 *-

102 2317 217 2377 tatto
239 2320 408 2378 Periclitatur
420 2323 530 2378 castitas
552 2323 579 2377 in
595 2324 708 2396 deliciis,
724 2324 860 2382 humilitas
875 2340 898 2417 u
951 2326 1037 2384 Nemo
1060 2326 1147 2398 magis
1167 2326 1235 2380 iram
1253 2335 1383 2392 meretur,
1398 2339 1480 2397 qnam
1493 2325 1611 2381 amicum
1624 2322 1712 2380 simu·

63 2407 92 2460 in
113 2407 221 2476 divitiis,
237 2408 324 2479 pietas
338 2409 366 2464 in
381 2410 508 2480 negotiis,
523 2411 622 2467 veritas
636 2411 664 2467 in
679 2412 858 2486 multiloquio,
916 2415 976 2470 lans
989 2415 1123 2471 inimicus.
1138 2417 1177 2473 De
1191 2429 1310 2471 annac.
1327 2417 1372 2470 33.

61 2494 179 2551 charitas
189 2495 215 2552 in
231 2498 282 2552 hnc
294 2512 411 2568 nequam
425 2498 534 2554 seculo.
548 2501 585 2557 lte
594 2516 720 2558 convers.
730 2500 855 2570 odona,
949 2502 1011 2559 Non
1024 2511 1066 2559 est
1079 2519 1129 2560 cur
1142 2500 1216 2558 sures
1225 2501 1349 2572 timeant,
1360 2499 1406 2574 qui
1419 2499 1471 2556 sibi
1484 2500 1513 2555 in
1522 2498 1592 2557 coelc
1605 2501 1712 2556 thesau-

61 2600 142 2639 nura.
167 2585 211 2639 ³7·
916 2591 1010 2647 tizam.
1021 2593 1060 2647 De
1076 2607 1155 2650 3333.
1171 2591 1296 2655 meter..
1308 2608 1339 2647 a.
1355 2592 1400 2645 11.

97 2671 168 2726 Nihil
190 2671 335 2743 pretiosius
353 2680 490 2744 tempore:
508 2672 567 2741 sed,
594 2674 662 2729 heul
690 2674 756 2730 nihil
777 2675 859 2733 hodie
949 2679 1009 2735 Non
1021 2680 1118 2751 placat,
1134 2679 1180 2752 qui
1192 2678 1251 2750 ipse
1261 2692 1317 2734 non
1329 2677 1430 2749 placet.
1443 2676 1511 2733 1313.
1524 2678 1568 2732 33.

61 2759 137 2816 vilius
152 2761 309 2817 3333333133.
323 2763 367 2818 Tr.
375 2759 410 2818 de
418 2765 493 2818 cont.
506 2779 589 2819 mun.
600 2762 636 2820 33
646 2763 766 2828 cler.,n.
777 2767 822 2820 55.
950 2766 1105 2823 Insolentiae
1127 2765 1287 2822 clericorum
1300 2772 1388 2823 mater
1409 2772 1452 2822 est
1467 2761 1632 2836 negligentia
1650 2761 1711 2832 epi·

98 2851 250 2906 Transeunt
265 2851 324 2906 dies
338 2849 441 2918 salutis,
458 2857 487 2906 et
509 2865 590 2906 nemo
610 2851 755 2922 recogitat:
777 2868 859 2910 nemo
912 2871 1067 2926 scoparum.
1084 2857 1173 2928 Epist.
1190 2857 1252 2910 tta.

60 2939 111 2993 sihi
127 2954 180 2994 non
196 2938 316 2994 reditura
327 2945 464 2996 momenta
478 2937 582 3008 perisse
596 2946 733 2995 causatur.
751 2940 821 2996 idid.
948 2943 1047 2999 Amicis
1061 2950 1168 3014 opertet
1190 2957 1288 3012 gerere
1308 2955 1423 3007 morem,
1439 2938 1490 2995 sed
1512 2952 1566 2994 non
1585 2936 1613 2992 in
1632 2953 1710 2994 suam

96 3026 140 3081 Nil
165 3035 219 3083 tam
241 3027 347 3092 durum,
363 3027 436 3099 quod
458 3026 560 3083 duriori
579 3041 634 3082 non
653 3026 742 3085 cedat.
767 3043 805 3097 ιιι,
821 3030 859 3086 De
913 3039 1037 3087 mortem.
1054 3032 1143 3103 Epist.
1158 3031 1222 3085 313.

60 3117 177 3187 consid,
199 3133 221 3172 c.
238 3119 263 3172 3.
292 3119 361 3174 nim
384 3117 555 3176 3333331333
573 3117 778 3173 consuetudine
791 3116 858 3173 nin-
948 3118 1086 3175 Flumimis
1117 3133 1187 3189 aqua
1210 3115 1233 3171 si
1256 3122 1329 3171 stare
1353 3112 1477 3186 coeperit,
1503 3109 1724 3187 computrescit..

61 3205 148 3260 citor.
913 3208 1004 3264 Serm.
1023 3206 1086 3263 133
1106 3205 1246 3276 Quadrato.

96 3291 155 3346 Tibi
175 3291 286 3362 impnta,
311 3291 440 3364 quidquid
463 3290 566 3361 pateris
585 3289 678 3353 abeo,
695 3291 815 3361 quisine
832 3301 858 3349 te
949 3293 1046 3348 Omnia
1069 3309 1130 3364 qaae
1143 3292 1170 3348 in
1185 3289 1287 3347 mundo
1305 3298 1378 3358 sunt,
1389 3287 1471 3344 linem
1495 3287 1617 3354 habent3
1642 3285 1704 3343 linis

59 3385 151 3451 potest
165 3379 241 3433 nihil.
257 3395 284 3435 tv
299 3382 338 3434 De
352 3395 427 3436 3333.
444 3395 474 3432 3.
491 3382 517 3434 9.
913 3389 1003 3438 autem
1013 3396 1118 3448 earum,
1134 3396 1189 3437 non
1204 3379 1256 3436 erit
1270 3377 1339 3434 finis.
1350 3379 1440 3436 Serm.
1455 3380 1471 3432 9
1485 3377 1517 3433 ic
1533 3376 1616 3433 Cant.

96 3467 239 3539 Scorpicni
258 3480 312 3520 nnn
337 3472 378 3521 est
401 3463 427 3519 in
453 3465 520 3520 incia
543 3465 616 3536 qaod
643 3465 783 3534 formides,
807 3468 856 3525 sed
946 3468 1029 3524 Dabis
1051 3469 1111 3530 voci
1135 3478 1187 3526 tuae
1210 3483 1305 3526 vocem
1330 3465 1445 3532 virtutis,
1461 3464 1572 3538 siquod
1595 3463 1707 3531 suades,

60 3555 187 3628 punisti
205 3553 301 3610 cauda·
319 3551 388 3609 mid·
911 3557 988 3629 prius
1002 3556 1048 3612 tibi
1064 3557 1117 3629 ipsi
1132 3556 1310 3629 persuasoris,
1325 3557 1416 3613 serm.
1432 3554 1493 3608 613
1509 3553 1603 3617 dant„
1632 3567 1664 3608 n.
1679 3554 1707 3606 3.

11 3640 14 3645 ’
95 3643 165 3714 Quid
183 3645 258 3713 juvat
273 3641 425 3714 sapientem
439 3656 512 3712 esse,
529 3641 551 3696 si
566 3641 613 3696 tibi
633 3656 687 3697 non
702 3641 810 3698 lucris?
824 3657 853 3714 ιι,
872 3641 894 3720 c
946 3644 1021 3700 illius
1043 3644 1163 3700 doctoris
1173 3643 1289 3698 libenter
1304 3640 1384 3697 audio
1408 3654 1514 3704 vocem,
1525 3636 1572 3708 qui
1587 3636 1706 3693 nonsibi

59 3737 98 3794 De
112 3733 217 3793 333313.
234 3735 260 3787 2.
911 3733 1044 3804 plausum,
1061 3730 1111 3788 sed
1125 3731 1189 3786 mihi
1204 3730 1341 3802 planetum
1356 3733 1473 3783 moveat.
1490 3724 1557 3782 1331.

95 3822 192 3880 Omnia
208 3821 245 3877 illi
258 3820 366 3884 desunt,
382 3819 429 3892 qni
443 3817 509 3874 nibil
523 3817 576 3874 sihi
586 3817 683 3875 deesse
695 3827 780 3890 putat.
796 3819 852 3877 133.
946 3819 1068 3875 Turturis
1086 3833 1139 3875 vox
1157 3833 1213 3875 non
1231 3817 1310 3874 dulos
1324 3820 1415 3881 sonat,
1428 3812 1477 3869 sed
1490 3810 1580 3868 dulcia
1598 3809 1700 3884 signat.

57 3915 96 3970 lte
106 3911 213 3970 consid.
233 3927 295 3983 cop.
311 3912 338 3965 7.
912 3910 1016 3978 Nempe
1034 3921 1160 3963 amorem
1172 3905 1322 3977 comparis.
1339 3903 1405 3959 ibid.

93 4000 175 4055 Simia
184 3999 213 4054 in
222 4005 306 4069 tecto,
316 4011 364 4072 rex
374 3994 463 4051 latnus
477 3993 582 4050 insolio
590 3993 699 4049 sedens.
714 3994 781 4050 ibid.
943 3994 1027 4062 Velis,
1054 3993 1131 4059 nolis,
1161 3993 1231 4049 intra
1254 3990 1309 4049 line
1340 3997 1400 4047 tuas
1422 3985 1525 4044 habitat
1550 3985 1703 4043 13333333.

93 4088 171 4143 Τ333
185 4087 314 4155 medium,
330 4084 353 4140 si
371 4098 427 4143 non
442 4083 482 4142 tis
495 4081 612 4155 perdere
628 4081 748 4152 medum,
765 4097 797 4149 ιι,
814 4083 853 4138 De
908 4082 1048 4157 subjugari
1067 4089 1167 4154 potest,
1184 4081 1234 4138 sed
1252 4096 1308 4139 non
1322 4075 1506 4137 exterminari.
1523 4075 1614 4134 Serto.
1625 4076 1659 4130 37
1672 4075 1705 4129 ia

55 4177 164 4235 333313.
178 4177 244 4248 Cap.
257 4177 301 4230 tt.
907 4176 1001 4241 Comi„
1011 4187 1093 4228 anm.
1111 4173 1154 4225 10.

91 4263 260 4335 Prosperitas
272 4262 325 4318 hoc
339 4269 381 4316 est
395 4261 521 4331 incautis,
537 4260 609 4336 qnod
623 4259 736 4335 ignisad
751 4275 850 4327 ceram,
941 4263 1039 4318 Parum
1054 4266 1096 4317 est
1118 4259 1203 4316 semel
1227 4269 1352 4331 putasse;
1378 4267 1451 4323 saepe
1473 4250 1622 4322 putandum
1649 4253 1701 4316 est,

55 4352 123 4409 solis
137 4351 227 4406 radius
242 4349 276 4404 ad
290 4349 392 4406 nivem.
407 4365 436 4417 n,
453 4352 490 4406 lie
505 4351 610 4409 333313.
627 4367 688 4424 cop.
702 4352 745 4416 13,
905 4350 959 4407 imo
973 4365 1093 4420 semper.
1111 4349 1176 4406 ibid.
1203 4348 1273 4404 Nam
1287 4346 1358 4402 vitio
1381 4337 1547 4398 idemtidem
1575 4335 1702 4410 reptalio·

91 4439 288 4510 Nonmagnum
299 4445 411 4493 estesse
422 4437 548 4492 humilem
560 4437 588 4492 in
604 4437 772 4508 abjectione:
791 4451 852 4492 rara
906 4438 978 4494 1331.

54 4529 150 4595 virtus,
167 4526 303 4582 humilitas
318 4525 459 4582 honorata.
480 4526 558 4581 llom.
574 4526 662 4599 lsap.
673 4527 752 4582 miss.
940 4525 1001 4581 Non
1016 4531 1107 4595 potest
1120 4521 1205 4578 virtus
1219 4536 1280 4576 cum
1294 4520 1365 4577 vitiis
1378 4520 1482 4594 pariter
1495 4528 1638 4581 crescere;
1652 4527 1690 4583 pu

92 4613 169 4670 Nulla
192 4613 282 4670 verior
299 4610 417 4678 miseria,
443 4626 524 4682 quam
540 4608 607 4665 laisa
621 4611 726 4668 laetitia.
745 4614 784 4668 De
803 4613 850 4670 113.
908 4621 980 4669 tetur
993 4610 1137 4681 cupiditas,
1154 4607 1274 4664 utvirtus
1288 4609 1442 4666 roboretur.
1458 4609 1528 4667 1313.

55 4707 129 4772 arb,
145 4721 175 4759 a.
190 4704 230 4770 tt,
941 4698 1017 4754 Tolle
1036 4698 1184 4768 supertlna,
1202 4703 1231 4752 et
1254 4695 1372 4752 salubria
1388 4706 1512 4770 surgunt.
1530 4695 1639 4754 utilitati
1654 4711 1701 4752 33-

93 4792 169 4848 Velle
188 4791 270 4862 plane
287 4787 481 4853 convincimur,
497 4787 570 4860 qnod
585 4804 640 4845 non
661 4787 741 4845 iteret
753 4787 775 4843 si
790 4787 850 4844 nnl·
905 4786 987 4854 cedit,
1008 4782 1139 4859 quidquid
1152 4782 1291 4856 cupiditati
1310 4782 1406 4840 demis.
1419 4785 1487 4841 ibid.

54 4884 151 4938 lemns.
170 4881 236 4938 lhid.
492 4871 497 4879 ’
940 4876 1037 4931 Pastor
1048 4873 1153 4937 doctus,
1169 4871 1217 4928 sed
1232 4886 1286 4927 non
1301 4871 1399 4940 banus,
1416 4887 1471 4927 non
1485 4882 1540 4928 tam
1554 4870 1633 4928 uberi
1646 4870 1700 4927 do·

93 4970 202 5027 liilusus
229 4968 334 5025 animus
358 4967 455 5021 durana
478 4965 607 5022 interiora
631 4980 685 5021 non
704 4964 796 5021 sentit.
814 4947 993 5023 Oenotriae
1017 4961 1112 5027 nutrit,
1137 4976 1218 5034 quarn
1233 4958 1319 5016 sterili
1332 4959 1387 5018 sita
1400 4967 1491 5017 nocet.
1508 4960 1587 5020 83333
1610 4962 1646 5015 'lii
1669 4960 1701 5015 ist

54 5076 136 5118 3333.
147 5060 274 5129 odolen,
287 5074 349 5129 cup.
367 5058 405 5125 1.,
420 5073 449 5110 n.
468 5059 494 5110 5.
908 5055 1002 5118 Cant..
1017 5068 1099 5108 mam.
1121 5053 1166 5105 10.

91 5148 200 5220 Fugere
214 5143 442 5217 persecutionem,
467 5158 523 5198 nnn
549 5150 590 5197 cst
617 5141 697 5213 culpa
712 5139 851 5215 fugientis,
943 5141 1029 5196 blinns
1043 5137 1206 5213 quandoque
1220 5136 1470 5209 nocetpotitavotis
1484 5133 1604 5204 ambitio,
1620 5150 1701 5207 quam

53 5237 103 5293 scd
119 5234 319 5307 persequentis.
335 5234 425 5304 Epist.
441 5237 468 5287 l.
905 5228 1044 5284 irnstmta.
1061 5229 1141 5300 Epist
1161 5229 1230 5280 tat:
1248 5225 1318 5282 Nam
1332 5224 1368 5280 33
1380 5226 1516 5282 violentia
1530 5222 1623 5282 medic
1637 5239 1703 5280 con·

92 5326 225 5381 Voluntas
246 5337 296 5394 pro
320 5322 391 5376 laeto
410 5321 536 5389 habetur,
552 5321 598 5374 ahi
615 5320 714 5374 lactum
731 5316 849 5375 excludit
905 5319 1036 5374 uertitur.

54 5414 213 5470 necessitas.
234 5414 323 5467 Trcrt.
341 5410 377 5465 33
392 5409 509 5482 lincam,
525 5427 554 5465 3.
571 5412 594 5462 3.
945 5400 1059 5459 nato
1083 5402 1124 5455 hd
1150 5399 1324 5466 audiendum,
1342 5399 1632 5472 legendurnveamoris
1644 5415 1703 5456 car·
