3734 5948
574 212 602 268 S.
624 211 797 267 aununtiet
816 209 958 265 aboatis
977 205 1305 264 CLARAE-VALLENSlS

509 364 548 428 ΙΝ
569 362 689 428 FESTO
711 361 1033 428 ANNUNttattottts
1054 361 1196 425 BEATAE
1215 358 1392 423 VIRGINIS.

393 522 511 580 suano
528 524 538 576 Ι
554 525 620 591 ζ63).

110 616 149 672 Dc
164 615 253 671 verbis
272 614 377 686 psalmi
392 627 509 679 cxxxiv,
531 615 576 676 to,
595 617 622 667 tt
640 629 647 665 ι
678 632 689 658 ι
719 613 752 669 tlt
766 610 905 668 inhabitet

317 702 409 772 gloria
423 703 455 756 in
470 705 549 758 terra
563 704 671 756 noema.
690 721 700 748 a

146 793 172 845 l.
185 789 361 848 llliohaba'tct
368 791 459 862 gloria
467 791 499 844 ira
509 794 586 847 terro
594 793 702 853 nostro,
711 788 908 845 misericordia

64 950 67 957 Ι
109 879 248 936 alacritas
262 877 445 937 obviaverunt
454 877 516 946 sibi,
523 879 640 948 justitia
655 882 683 933 et
700 894 760 949 pore
773 878 907 935 osculatae

109 970 187 1024 saal.
201 968 295 1024 Gloria
308 971 407 1023 nostra
423 965 482 1021 hoc
493 971 545 1029 est,
557 965 594 1020 ait
612 967 767 1036 Apostolus,
784 967 908 1022 testimo·

110 1056 194 1112 niam
204 1056 385 1112 conscientiae
394 1059 499 1110 nostrae
508 1054 548 1125 (ll
555 1053 618 1110 Cor.
630 1071 650 1121 1,
662 1055 716 1123 ll).
727 1055 788 1110 Non
797 1053 906 1125 quidem

110 1142 164 1199 tale
187 1142 379 1207 testimonium,
415 1143 495 1214 quale
523 1142 567 1198 ille
593 1144 729 1215 superbus
758 1143 908 1198 Pharisaeus

110 1229 236 1300 habebat,
260 1231 372 1286 seducta
393 1239 420 1287 et
430 1231 582 1287 seductrice
596 1231 759 1305 cogitatione
782 1231 906 1287 testimo·

109 1318 182 1374 nium
198 1319 346 1389 perhibens
365 1319 399 1375 de
413 1319 504 1391 seipso
530 1323 610 1389 (Luc.
624 1335 707 1385 ιιιίιι,
732 1324 776 1385 ιι,
798 1320 854 1391 ta),
879 1327 908 1375 et

109 1407 292 1464 testimonium
308 1409 368 1478 ejus
381 1425 475 1463 verum
491 1424 545 1465 non
556 1418 632 1476 erat;
649 1409 698 1464 sed
714 1424 775 1464 cum
790 1407 907 1480 Spiritus

108 1496 167 1568 ipse
182 1495 366 1552 testimouium
378 1496 503 1568 perhibet
518 1497 624 1568 spiritui
639 1504 742 1552 nostro.
760 1498 845 1553 Porro
856 1497 907 1552 hoc

110 1584 293 1641 testimonium
313 1584 340 1640 in
356 1584 442 1640 tribus
455 1585 607 1641 consistere
626 1585 719 1641 credo.
735 1585 855 1642 Necesse
865 1593 907 1641 est

108 1671 197 1730 972
211 1673 283 1729 enim
300 1673 521 1744 primoomnium
536 1673 661 1739 credere,
675 1675 748 1746 quod
763 1673 906 1729 remissio-

108 1776 171 1816 nem
186 1769 359 1831 peccatorum
370 1760 471 1817 babere
486 1776 540 1816 aon
560 1761 660 1831 passis,
677 1761 729 1816 nisi
745 1778 795 1833 per
815 1761 905 1824 indul·

921 521 1118 614 adamantum
1144 519 1208 575 lidei
1228 526 1290 574 suut
1314 518 1450 572 habenda.
1473 517 1594 589 Ideoque
1617 518 1639 572 si
1672 518 1764 575 credis

959 619 1071 678 peccatu
1092 618 1137 664 tua
1161 624 1215 663 non
1241 623 1321 677 posse
1344 605 1430 661 deleri
1454 605 1505 660 uisi
1529 606 1564 662 ab
1587 621 1621 662 eo
1644 606 1689 662 cui
1711 607 1765 664 soli

959 698 1089 768 peccasti,
1101 706 1127 753 et
1142 697 1169 752 iu
1184 712 1266 769 quem
1281 703 1421 766 peccatum
1433 710 1488 750 uon
1499 693 1581 756 cadit,
1593 694 1664 751 bene
1680 693 1761 752 iacis:

960 786 1008 842 sed
1030 786 1101 842 adde
1125 787 1212 841 adhuc
1235 793 1263 840 ut
1286 791 1315 840 et
1331 783 1384 839 hoc
1407 783 1514 846 credas,
1531 782 1595 855 quia
1608 799 1658 855 per
1671 784 1763 855 ipsum

960 874 1008 928 tibi
1037 882 1147 945 peccata
1169 875 1314 930 donantur.
1335 873 1391 927 lloc
1413 878 1455 927 est
1478 871 1661 928 testimouium
1688 872 1764 945 quod

960 963 1086 1034 perhibet
1108 964 1136 1018 in
1167 961 1250 1018 corde
1279 971 1324 1017 tuo
1356 960 1471 1031 Spiritus
1500 967 1621 1025 sanctus,
1647 960 1760 1018 dicens:

959 1051 1075 1107 Dimissa
1090 1059 1153 1108 sunt
1176 1051 1223 1105 tibi
1250 1058 1359 1121 peccatu
1375 1057 1430 1104 tna.
1452 1047 1496 1104 Sic
1515 1049 1588 1104 enim
1616 1049 1765 1106 arbitretur

959 1140 1117 1212 Apostolus,
1146 1139 1231 1211 gratis
1267 1137 1408 1208 justificari
1437 1136 1575 1193 hominem
1603 1153 1652 1208 per
1679 1136 1767 1194 fidem

962 1231 1050 1298 (Rota.
1067 1244 1108 1294 ιιι,
1123 1230 1180 1298 28).
1197 1230 1236 1283 lta
1255 1226 1408 1284 demeritis
1432 1241 1541 1297 quoque
1562 1224 1586 1280 ai
1600 1227 1691 1282 credis
1706 1242 1763 1283 uon

960 1332 1041 1388 posse
1056 1318 1150 1373 haberi
1169 1316 1221 1372 nisi
1236 1332 1286 1387 per
1302 1315 1402 1386 ipsum,
1418 1331 1474 1370 nou
1488 1312 1597 1380 suflicit,
1612 1316 1701 1371 donec
1715 1315 1766 1370 tibi

960 1407 1102 1476 perhibeat
1117 1405 1300 1462 testimonium
1317 1404 1434 1475 Spiritus
1449 1402 1580 1473 veritatis,
1599 1402 1664 1475 quia
1677 1404 1765 1459 habes

960 1510 992 1550 ea
1008 1494 1148 1566 perillum.
1171 1494 1216 1551 Sic
1231 1502 1258 1548 et
1275 1493 1309 1548 de
1325 1495 1378 1545 vite
1403 1500 1504 1546 mter-ua
1519 1491 1622 1547 habeas
1644 1507 1763 1548 necesse

959 1591 1001 1638 est
1016 1582 1200 1639 testimonium
1216 1580 1344 1652 Spiritus,
1371 1580 1443 1651 quod
1466 1580 1500 1634 ad
1528 1595 1588 1635 eam
1612 1579 1705 1635 divino
1725 1582 1764 1635 sis

960 1687 1073 1727 munere
1096 1678 1287 1743 perventurus.
1304 1670 1364 1739 lpse
1385 1668 1460 1725 euim
1481 1675 1592 1739 peccata
1610 1668 1761 1735 condonat,

958 1759 1017 1830 ipse
1032 1760 1115 1815 donat
1134 1761 1241 1825 marita,
1263 1766 1290 1814 ει
1305 1758 1419 1830 proemia
1444 1755 1621 1813 nihilominus
1646 1755 1705 1829 ipse
1721 1773 1764 1812 re·

108 1849 227 1924 gentiam
256 1849 324 1904 Dei:
348 1851 459 1919 deinde,
484 1852 557 1923 quod
582 1851 647 1906 nihil
668 1865 780 1922 prorsus
805 1851 905 1904 habere
922 1840 944 1917 Β
960 1851 1053 1905 donat.

108 1953 194 2009 queas
211 1938 303 2009 operis
317 1939 390 2005 boni,
407 1940 459 1995 nisi
474 1947 501 1996 et
516 1941 567 1996 hoc
581 1940 688 1996 dederit
702 1940 780 2010 ipse:
798 1945 906 2010 postre-
996 1940 1021 1992 l.
1057 1938 1140 1992 Porro
1170 1936 1323 1993 testimonia
1341 1936 1393 1990 ista
1421 1933 1564 1991 credibilia
1596 1933 1662 1988 mihi
1691 1931 1764 1991 lacta

107 2041 163 2090 mo,
178 2025 252 2097 quod
267 2035 396 2082 aeternam
414 2027 495 2084 vitam
515 2028 595 2083 nullis
610 2036 687 2099 potes
701 2027 830 2099 operibus
845 2041 907 2097 pro·
960 2033 1022 2079 sunt
1036 2024 1127 2079 nimis.
1142 2024 1210 2079 Nam
1226 2025 1260 2079 de
1280 2023 1440 2079 remissione
1454 2021 1567 2095 quidem
1582 2029 1760 2093 peccatorum

107 2113 216 2179 mereri,
241 2113 293 2169 nisi
320 2115 404 2185 gratis
431 2115 479 2170 tibi
508 2115 588 2170 detur
613 2123 640 2170 et
666 2114 720 2169 illa.
750 2113 816 2182 Quis
834 2114 906 2169 enim
961 2113 1153 2169 validissimum
1177 2123 1258 2168 teneo
1281 2120 1483 2183 argumentum,
1509 2110 1679 2167 Dominicnm
1700 2128 1765 2182 pas-

106 2210 195 2272 potest
208 2201 299 2258 iacere
315 2204 445 2260 mundum
470 2204 504 2260 de
519 2204 658 2259 immundo
675 2212 837 2273 conceptum
860 2220 905 2258 se·
959 2203 1074 2258 sionem.
1092 2203 1152 2257 Vox
1166 2201 1300 2273 siquidem
1319 2202 1460 2273 sanguinis
1476 2203 1535 2271 ejus
1550 2200 1662 2256 invaluit
1676 2201 1763 2257 multo

108 2289 193 2360 mine,
224 2290 336 2362 nisiqui
360 2292 433 2347 solus
459 2302 501 2349 est
524 2293 664 2348 mundus?
685 2293 753 2362 (lob.
778 2308 838 2361 xiv,
866 2294 905 2363 l.)
957 2291 1114 2362 plusquam
1129 2306 1181 2347 vox
1195 2290 1335 2360 sauguinis
1356 2290 1436 2352 Abel,
1450 2290 1570 2345 elarnens
1585 2289 1613 2344 in
1628 2289 1763 2346 cordibus

107 2377 207 2449 Utique
221 2379 293 2450 quod
306 2378 406 2435 lactum
422 2388 473 2450 est,
491 2396 545 2436 non
559 2389 648 2451 potest
662 2396 717 2435 uon
745 2380 818 2435 fieri:
846 2381 905 2450 ipso
958 2379 1116 2445 electorum,
1132 2379 1320 2435 remissionem
1343 2381 1464 2434 onmium
1488 2386 1671 2450 peccatorum.
1692 2381 1762 2436 lra-

106 2476 198 2523 tamen
213 2483 267 2523 non
282 2465 446 2537 imputante,
461 2467 511 2523 crit
525 2469 602 2540 quasi
632 2484 687 2523 non
710 2468 800 2525 suerit.
826 2469 905 2538 Quod
959 2468 1088 2525 ditescat
1102 2468 1175 2524 euim
1186 2471 1429 2541 proptcrpeccalo
1444 2471 1559 2524 nostra:
1573 2482 1624 2523 nec
1635 2466 1763 2534 dubium,

106 2556 241 2626 Propheta
263 2571 372 2627 quoque
395 2556 573 2611 considerans
596 2556 651 2610 ait:
673 2560 774 2613 Beatos
792 2560 837 2614 vir
858 2559 906 2613 cai
958 2556 1024 2627 quin
1039 2540 1175 2628 potentior
1189 2564 1216 2611 ει
1235 2555 1372 2613 efficacior
1386 2556 1421 2610 sit
1435 2554 1588 2612 marsillius
1600 2556 1629 2610 iu
1643 2555 1761 2622 bouum,

106 2661 164 2702 reon
174 2645 327 2718 imputauit
337 2647 474 2701 Dominus
483 2645 811 2718 peccolamlllsalmxxr,
820 2646 904 2714 hille
958 2660 1039 2714 quam
1056 2652 1165 2715 peccata
1188 2653 1282 2700 nostra
1305 2644 1333 2698 in
1359 2644 1471 2699 malum.
1493 2646 1531 2700 De
1556 2643 1637 2700 bonis
1664 2654 1762 2700 nutem

105 2732 235 2803 operibus
250 2747 317 2787 vero
331 2731 409 2787 bonis
422 2741 528 2788 certum
542 2732 651 2788 omnino
667 2740 720 2799 est,
736 2733 808 2802 quod
823 2749 905 2789 nemo
958 2733 1086 2804 operibus
1101 2742 1291 2803 argumentum
1315 2733 1488 2789 nihilominus
1510 2733 1605 2790 efficax
1628 2733 1695 2788 mihi
1719 2743 1763 2790 est

105 2821 164 2876 haec
178 2820 277 2876 habeat
289 2837 305 2876 a
319 2820 421 2892 seipso.
437 2823 506 2877 Nam
525 2820 548 2876 si
571 2829 644 2876 stare
668 2835 724 2877 nou
747 2822 834 2892 potuit
856 2824 905 2877 hu-
957 2822 1123 2877 resurreetio
1134 2824 1202 2892 ejus,
1213 2823 1276 2892 quia
1286 2826 1446 2880 resurrexit
1456 2823 1765 2895 proplcrjurlt'ficotio·

105 2924 186 2964 mana
198 2915 294 2964 uatura
315 2909 404 2964 adhuc
424 2908 541 2985 integra,
566 2918 669 2981 quanto
692 2908 782 2964 miuus
803 2909 904 2981 poterit
957 2927 1023 2967 cem
1043 2915 1171 2967 nostram
1186 2913 1275 2981 (llam.
1292 2927 1331 2977 tv,
1347 2913 1403 2981 25).
1421 2913 1506 2967 Porro
1518 2910 1552 2968 de
1565 2926 1614 2983 spe
1628 2910 1763 2982 praemio·

106 3013 155 3068 per
169 2997 286 3068 seipsam
306 3013 451 3073 resurgere
471 3000 529 3068 J'am
552 3000 702 3068 corrupta?
726 3001 837 3054 Certum
863 3008 904 3054 est
957 3016 1017 3054 rum
1047 2993 1238 3055 testimouium'
1255 3001 1316 3069 ejus
1335 3008 1377 3055 est
1391 3000 1523 3067 ascensio,
1545 3000 1610 3072 quia
1636 2999 1764 3056 aseendit

105 3087 140 3142 ad
170 3101 247 3142 suam
270 3086 403 3159 originem
432 3086 568 3151 universa,
591 3093 720 3159 quantum
745 3087 772 3142 in
798 3087 838 3143 eis
862 3095 905 3142 est
956 3097 1067 3160 propter
1081 3087 1304 3159 glorificationem
1320 3089 1524 3145 nostramllaee
1540 3089 1590 3144 trie
1604 3089 1631 3143 iu
1641 3089 1762 3159 psalmis

106 3174 229 3239 tendere,
246 3183 273 3229 et
286 3174 313 3230 in
329 3190 390 3230 eam
404 3191 516 3246 semper
526 3191 588 3231 esse
609 3187 714 3246 partem
729 3175 901 3244 procliviore.
919 3138 941 3216 e
958 3177 1052 3241 habes,
1068 3177 1177 3234 dicente
1192 3178 1345 3248 Propheta:
1364 3181 1518 3236 Beotesoir
1531 3179 1580 3236 eui
1593 3179 1761 3250 noaimpa-

107 3262 188 3319 Sieet
202 3278 262 3329 nos,
278 3263 324 3335 qui
337 3264 372 3319 de
398 3263 482 3320 nihilo
504 3264 588 3320 creati
603 3280 706 3330 sumus,
722 3273 827 3321 constat
840 3266 904 3337 quia
958 3268 1032 3321 levit
1047 3269 1187 3322 Dominus
1200 3273 1349 3339 peccatam
1364 3267 1451 3337 (l’sal.
1464 3281 1545 3334 xxxa,
1561 3268 1609 3335 2);
1632 3275 1660 3321 et
1674 3264 1759 3322 ahai:

73 3380 77 3387 ·
106 3351 129 3407 ai
158 3350 302 3421 nobisipsis
330 3351 519 3423 relinquimur,
547 3351 575 3407 in
609 3362 750 3423 peceatum
782 3371 901 3426 semper,
956 3357 1060 3414 Bactris
1082 3356 1124 3409 eir
1138 3356 1218 3426 cujas
1233 3359 1276 3410 eat
1290 3354 1758 3425 anciliumobstcllsolamur,

104 3440 178 3511 quod
194 3439 259 3494 nihil
275 3441 326 3504 est,
344 3440 523 3495 declinamus.
958 3443 1003 3512 ll),
1020 3442 1085 3498 item
1105 3441 1186 3497 alibi:
1205 3445 1305 3500 Beatos
1317 3461 1399 3515 quem
1410 3444 1557 3515 eleqisla'ct
1567 3444 1757 3515 assumpsisti,

126 3531 167 3582 ¹2.
181 3528 241 3582 lam
256 3543 321 3584 vero
336 3527 369 3583 de
384 3536 485 3583 aetema
499 3527 552 3583 vita
568 3528 679 3593 scimus,
696 3528 759 3601 quia
770 3545 825 3586 non
835 3538 898 3585 sunt
958 3530 1096 3586 habitabit
1111 3532 1142 3586 ia
1151 3532 1236 3586 atriis
1249 3533 1308 3588 tais
1318 3533 1403 3599 (Psoi.
1416 3546 1490 3602 tmv,
1501 3534 1539 3598 ὃ).
1551 3531 1662 3586 llaecest
1671 3529 1760 3604 gloria

106 3615 249 3689 condignae
263 3616 404 3689 passiones
418 3616 498 3688 hujus
513 3617 643 3688 temporis
658 3618 691 3672 ad
706 3616 824 3673 luituram
840 3618 903 3690 glo·
957 3634 1031 3686 vera,
1065 3617 1151 3690 gloria
1179 3618 1352 3684 inhabitans;
1374 3619 1437 3691 quia
1452 3620 1486 3674 ab
1502 3634 1535 3675 eo
1559 3627 1611 3684 est,
1634 3618 1682 3690 qui
1709 3635 1759 3690 per

107 3703 188 3772 riam,
213 3721 264 3761 nec
280 3705 303 3761 si
326 3722 395 3761 uuus
415 3721 510 3761 omnes
537 3706 677 3762 sustineat.
711 3708 807 3778 Neque
831 3709 903 3763 enirn
956 3706 1040 3762 fidem
1055 3706 1198 3763 habitatin
1220 3707 1349 3763 condidus
1373 3707 1483 3764 nostris.
1503 3707 1564 3763 Filii
1581 3722 1647 3763 vero
1667 3707 1758 3763 Adam

106 3793 168 3849 talia
182 3802 244 3848 sunt
259 3795 396 3851 hominum
410 3795 516 3860 merita,
533 3803 563 3851 ut
577 3803 722 3867 propterea
736 3795 789 3851 vita
802 3804 903 3852 aeterne
956 3795 1070 3866 gloriam
1084 3813 1146 3867 quae
1161 3796 1195 3850 ab
1210 3796 1326 3852 invicem
1340 3806 1381 3853 est
1392 3802 1558 3868 quarentes,
1568 3794 1682 3868 gloriam
1696 3811 1760 3868 quae

103 3880 236 3936 debeatur
249 3897 282 3934 rx
295 3883 367 3951 jure,
383 3890 428 3937 aut
443 3885 514 3939 Deus
538 3883 666 3954 injuriam
690 3883 808 3954 aliquam
832 3884 903 3941 lace·
956 3885 1044 3940 asolo
1059 3886 1118 3939 Deo
1131 3893 1173 3940 est
1186 3901 1241 3940 uon
1257 3885 1396 3940 volebant:
1413 3886 1494 3942 etsie
1517 3884 1632 3957 gloriam
1652 3884 1760 3941 extrin-

103 3975 153 4033 ret,
171 3967 222 4023 nisi
237 3983 297 4024 eam
311 3969 436 4028 donaret.
452 3972 522 4026 Nam
536 3980 565 4027 ut
585 3981 689 4028 taceam
706 3973 778 4043 quod
806 3972 903 4028 merita
955 3989 1034 4028 secus
1049 3974 1178 4029 liuentem
1194 3980 1341 4038 sectantes,
1357 3975 1495 4030 habebant
1518 3973 1645 4046 gloriam,
1661 3987 1717 4030 nou
1731 3973 1761 4029 iu

103 4054 275 4112 omniadona
286 4057 334 4112 bei
349 4067 422 4123 sunt,
433 4065 460 4114 et
475 4059 510 4113 ite
524 4060 606 4115 homo
616 4060 703 4132 magis
714 4066 827 4132 propter
844 4061 903 4131 ipsa
955 4061 1118 4133 semetipsis,
1135 4062 1184 4117 sed
1195 4062 1282 4134 magis
1299 4061 1326 4116 in
1346 4061 1414 4118 aliis.

107 4145 166 4202 Deo
179 4144 287 4202 debitor
302 4153 353 4212 est,
370 4162 451 4218 quam
461 4148 535 4202 Deus
549 4146 672 4214 homini,·
691 4148 756 4219 quid
771 4157 834 4204 sunt
849 4166 903 4206 me·
991 4149 1081 4207 978
1093 4155 1120 4207 5.
1136 4151 1183 4206 Vis
1197 4166 1278 4206 nosse
1293 4152 1367 4207 unde
1380 4151 1416 4206 sit
1427 4150 1529 4207 homini
1539 4149 1694 4213 inhabitans
1704 4149 1761 4223 glo

107 4231 158 4293 rite
172 4233 264 4289 omnia
277 4234 310 4289 ad
328 4242 431 4291 mntem
443 4234 580 4307 gloriam?
595 4235 718 4308 Denique
731 4236 793 4307 quis
807 4238 903 4293 melior
957 4239 996 4293 rie
1006 4238 1020 4292 ‘l
1030 4239 1095 4294 bico
1107 4240 1239 4306 breviter,
1251 4240 1419 4312 quoniamad
1430 4239 1544 4311 mystica
1553 4238 1662 4296 festinat
1671 4237 1761 4295 inteu-

108 4327 150 4377 est
163 4324 305 4395 propheta,
323 4323 365 4380 cui
379 4323 509 4381 Dominus
519 4323 577 4396 ipse
593 4331 647 4379 mm
657 4325 763 4396 insigne
780 4326 902 4382 testimo·
957 4327 1117 4383 tioNamet
1135 4344 1168 4384 ee
1176 4330 1233 4384 sola
1242 4339 1436 4399 proposueram
1448 4329 1476 4383 in
1486 4328 1577 4384 verbis
1584 4326 1637 4383 illis
1646 4329 1763 4398 propbe-

107 4407 181 4466 nium
195 4412 334 4483 perhibet,
351 4413 444 4468 dicens
456 4431 461 4467 :
471 4414 567 4469 Virum
578 4414 674 4472 inueni
687 4416 841 4472 secundom
855 4432 940 4531 corn
956 4416 1015 4472 ticis
1038 4416 1195 4489 diligentius
1212 4418 1361 4489 vestigare,
1386 4417 1435 4473 sed
1461 4417 1565 4473 rellexit
1586 4416 1622 4470 ad
1644 4416 1758 4473 moralia

107 4500 255 4572 maumlll
269 4504 329 4573 llep.
345 4517 406 4564 xrrr,
422 4504 473 4570 ll;
491 4504 550 4558 Act.
561 4516 622 4571 ιιιιι,
635 4504 692 4574 ta.)
704 4504 903 4559 verumtamem
956 4520 1104 4562 occurrens
1118 4507 1203 4578 prima
1216 4506 1304 4561 tronto
1316 4507 1481 4576 apostolicus
1495 4519 1585 4562 serum
1599 4505 1634 4561 de
1648 4505 1759 4561 interna

106 4597 134 4645 et
149 4589 207 4660 ipse
222 4604 336 4646 necesse
350 4590 443 4646 habuit
457 4590 547 4648 dicere
562 4592 637 4647 Deo:
655 4593 714 4649 Non
724 4593 903 4664 intresinjo·
956 4594 1042 4666 gloria
1060 4608 1088 4652 et
1102 4595 1254 4650 testimonio
1273 4596 1456 4651 conscientiae.
1487 4594 1531 4650 Sic
1546 4609 1612 4664 ergo
1627 4594 1761 4652 inhabitat

103 4680 286 4737 oleumcum
296 4696 374 4737 aereo
385 4685 443 4744 loo,
457 4683 572 4739 llomiac
582 4681 668 4751 (Psoi.
682 4696 755 4746 cnut,
769 4681 807 4752 t).
816 4681 903 4736 Nemo
955 4684 1014 4739 haec
1028 4684 1114 4755 gloria
1128 4684 1210 4738 etiam
1226 4683 1269 4739 hic
1279 4682 1306 4738 in
1322 4693 1393 4739 terra
1409 4693 1512 4751 nostra,
1534 4683 1557 4738 si
1571 4681 1760 4738 misericordia

102 4767 194 4839 itaque
218 4783 248 4823 se
276 4768 405 4834 aedueat;
431 4768 541 4842 quiesi
565 4768 636 4823 bene
664 4769 787 4838 cogitare
817 4769 902 4841 [alios
956 4782 984 4829 et
999 4773 1100 4828 veritas
1115 4771 1285 4828 obviaverint
1304 4773 1365 4840 sibi,
1386 4783 1414 4828 ει
1442 4790 1503 4830 εεεε
1529 4771 1631 4843 justitia
1654 4780 1683 4828 et
1706 4787 1760 4844 pux

104 4857 270 4930 computare]
289 4856 412 4921 voluerit,
441 4856 563 4913 inveniet
597 4857 689 4926 procul
712 4856 805 4923 dubio,
830 4861 901 4931 quod
956 4862 1121 4917 osculentur.
1140 4861 1320 4917 Praevenienti
1344 4862 1478 4934 siquidem
1499 4861 1693 4918 misericordia
1710 4875 1761 4919 ve-

101 4961 152 5001 neo
166 4961 227 5001 eum
241 4947 336 5003 decern
351 4947 468 5002 millibus
483 4945 569 5018 possit
583 4959 728 5002 occurrere
741 4945 767 5002 ei
779 4948 825 5018 qui
838 4965 900 5004 curn
955 4951 1021 5007 ritas
1036 4962 1137 5007 nostrae
1152 4951 1332 5007 eotrlessionis
1344 4951 1435 5024 lolius,
1453 4950 1648 5025 conversionis]
1658 4965 1759 5006 oecur-

103 5033 199 5105 viginti
212 5034 330 5091 millibus
344 5035 419 5091 venit
432 5037 465 5091 ed
476 5051 505 5090 ae
522 5036 599 5104 (loc.
612 5049 672 5098 xiv,
691 5039 746 5106 tt).
955 5048 997 5095 rat
1012 5057 1125 5097 necesse
1136 5049 1187 5106 est,
1205 5057 1236 5096 ae
1251 5041 1285 5097 de
1296 5049 1395 5096 caetero
1406 5041 1611 5096 sanctimoniam
1620 5049 1760 5095 sectamur

140 5128 166 5179 3.
190 5124 290 5181 Verum
312 5124 369 5179 hmo
393 5140 455 5197 quae
478 5140 550 5180 nunc
573 5123 691 5179 diximus
712 5139 766 5181 non
790 5126 901 5182 omnino
955 5138 983 5186 et
999 5146 1102 5202 pacem,
1119 5130 1246 5201 sineque
1262 5145 1342 5184 nemo
1362 5129 1465 5185 ridebit
1489 5132 1583 5186 Deum.
1609 5128 1662 5186 Ubi
1684 5127 1758 5184 euim

103 5211 251 5279 sufficiunt,
275 5211 324 5268 sed
339 5214 424 5287 magis
438 5213 542 5269 initium
557 5214 694 5287 quoddam
708 5222 735 5270 et
750 5215 824 5271 velut
837 5215 898 5272 lun-
955 5221 1146 5293 corripuugitur
1160 5221 1229 5291 quia,
1248 5221 1303 5289 jam
1319 5227 1382 5274 tuno
1408 5235 1468 5275 eum
1486 5217 1670 5275 misericordia
1682 5233 1757 5289 pras·

141 5391 198 5461 (tta)
211 5391 241 5447 ln
266 5389 359 5447 codice
378 5388 499 5447 Fnliensi
522 5391 626 5456 tertius,
649 5399 677 5447 et
693 5393 738 5463 qui
763 5393 807 5449 hie
835 5393 931 5449 tortium
953 5400 997 5451 est
1018 5396 1168 5464 secuudus3
1195 5397 1290 5454 tertius
1313 5414 1378 5454 vero
1402 5416 1436 5454 ex
1459 5398 1560 5455 nostris
1575 5397 1676 5454 ibidem
1701 5398 1759 5469 pri-

107 5477 176 5520 mua.
