3734 5948
40 175 101 257 aaa

554 192 590 249 nt
618 191 836 251 ASGENSIONE
865 191 989 250 DOMINI
1026 192 1145 251 santio
1170 195 1204 251 11.

1652 204 1704 257 3⁰2

48 333 111 385 voa·
127 319 351 381 disceditecme
366 319 489 389 operarii
498 317 782 390 iniquitattspttattt.
800 333 850 390 vu,
869 332 892 410 g
909 319 955 389 qni
979 321 1100 374 mortuos
1121 319 1272 385 suscitavit,
1298 319 1422 391 leprosos
1445 321 1596 392 mundavit,
1617 339 1707 381 caecos

50 410 95 471 22,
112 408 171 477 23).
191 405 240 462 Ubi
255 413 306 474 est,
331 406 405 477 quod
419 407 457 461 ait
470 405 628 476 Apostolus,
649 422 709 462 cum
730 407 764 461 de
780 407 853 477 justo

47 495 329 567 judiceloqueretnr:
347 497 398 563 Qui
407 494 504 554 reddet
513 496 666 567 unicuique
671 497 761 567 jacta
771 511 854 570 opera

49 600 102 639 sac
119 584 210 653 (Rom.
222 600 254 647 ιι,
276 584 318 655 b),
334 583 367 652 si,
383 582 455 654 qnod
474 583 559 638 absitl
583 583 728 654 quaerenda
749 591 812 639 suut
826 584 854 639 in

48 669 154 740 judicio
169 671 246 744 signa
257 671 347 742 potius
361 687 443 744 quam
455 671 576 726 merita?

88 764 116 815 3.
142 759 211 815 Sunt
237 769 329 815 tamen
357 759 458 830 etipsa
485 759 582 814 merita
611 759 688 831 signa
719 760 853 832 quaedam,

53 848 174 904 certiora
197 847 291 919 utique
311 857 339 903 et
352 847 514 903 salubriora.
534 848 592 903 Nec
615 846 725 903 difficile
740 847 856 903 arbitror

54 953 146 1002 nosse,
170 937 401 1008 quemadmodum
426 936 539 1007 intelligi
559 936 640 1007 signa
658 936 763 1009 possint
782 953 856 1009 prve-

52 1026 152 1091 scntia,
169 1033 199 1081 ut
212 1026 268 1081 sint
291 1025 442 1081 indubitata
461 1025 538 1095 signa
561 1024 736 1093 credulitatis,
752 1041 784 1081 ac
808 1040 856 1096 per

52 1115 103 1170 boc
127 1124 157 1170 et
180 1114 284 1170 salutis.
307 1113 425 1169 Primum
451 1114 523 1168 euim
543 1129 611 1184 opus
633 1113 696 1169 iidci
711 1129 761 1184 per
786 1113 856 1168 dile·

51 1204 171 1259 ctionem
200 1203 350 1274 operantis,
374 1202 464 1259 cordis
485 1203 657 1273 compunctio
680 1210 731 1268 est,
755 1202 857 1274 inqua

52 1293 112 1347 siue
128 1293 213 1348 dubio
236 1292 383 1362 ejiciuntur
403 1291 548 1358 demonia,
569 1308 630 1347 cum
653 1292 856 1348 eradicanture

53 1381 138 1437 corde
168 1389 290 1452 peccata.
316 1380 418 1437 Exinde
447 1381 492 1452 qui
522 1381 548 1434 in
573 1380 707 1435 Christum
731 1380 856 1444 crodunt,

54 1468 156 1542 linguis
183 1468 333 1541 loquuntur
361 1469 447 1533 novis,
477 1486 539 1524 cum
569 1470 625 1539 jam
647 1468 779 1525 recedunt
811 1482 857 1524 ve·

59 1567 118 1614 tera
141 1559 178 1615 de
200 1573 249 1614 ore
273 1574 378 1624 eorum,
407 1575 458 1615 nec
482 1558 518 1613 de
539 1565 639 1614 cetero
658 1566 763 1615 vetusta
791 1572 857 1630 pro·

909 406 1078 476 illuminavit,
1103 407 1213 463 claudos
1237 408 1363 479 firmavit,
1383 417 1411 465 et
1433 425 1529 466 omnes
1554 412 1707 470 exsufflavit

909 495 1088 562 infirmitates,
1106 497 1231 553 dominus
1249 498 1368 553 omnium
1392 497 1451 564 fuit,
1472 506 1499 554 et
1514 500 1611 556 eadem
1624 517 1707 558 mann

910 602 964 654 qua
983 585 1094 651 lecerat,
1121 603 1182 657 qum
1196 585 1356 643 deiecerant
1380 587 1530 642 reficiebat.
1551 588 1595 644 Sic
1619 592 1708 662 etqui

910 672 938 726 in
953 688 1000 728 ore
1020 673 1102 744 piscis
1116 690 1177 729 cum
1194 674 1252 746 ipso
1264 675 1338 745 pisce
1354 683 1483 731 staterem
1497 675 1620 731 invenire
1635 693 1705 748 praa-

911 760 979 815 dixit
1003 761 1113 832 (botri.
1138 778 1208 831 xvu,
1222 763 1279 832 23),
1306 769 1382 834 patet
1406 764 1499 834 procul
1527 762 1621 831 dubio,
1645 766 1709 838 quia

911 849 994 904 maris
1010 857 1037 905 et
1051 850 1173 906 omnium
1192 866 1253 922 quae
1276 851 1387 906 inmari
1410 861 1564 917 moventur,
1583 853 1710 912 dominus

911 935 971 993 fuit.
997 938 1048 1007 Qui
1070 954 1136 996 vero
1157 939 1275 995 traduxit
1290 956 1376 994 aereas
1390 948 1551 1010 potestates,
1577 949 1604 997 et
1622 942 1708 997 affixit

912 1043 959 1083 eas
974 1029 1047 1084 cruci
1062 1044 1127 1095 suae,
1144 1029 1229 1084 claret
1242 1028 1304 1100 quia
1326 1045 1409 1099 super
1424 1029 1572 1085 infernales
1587 1031 1711 1087 oiilciaas

913 1125 1076 1189 potestatem
1099 1119 1216 1189 accepit.
1240 1118 1289 1173 Hic
1311 1127 1354 1173 est
1377 1118 1448 1172 enim
1476 1119 1521 1190 qui
1554 1120 1711 1189 pertransiit

911 1205 1109 1261 benefaciendo
1134 1214 1160 1261 et
1180 1205 1301 1262 sanando
1324 1221 1420 1262 omnes
1443 1222 1588 1278 oppressos
1612 1222 1628 1260 a
1648 1207 1709 1262 dia-

913 1294 975 1350 bolo
990 1294 1063 1364 [Act.
1086 1311 1116 1364 x,
1140 1296 1198 1366 38),
1221 1296 1265 1366 qui
1288 1296 1364 1352 stetit
1383 1296 1409 1349 in
1434 1296 1492 1351 loco
1514 1297 1659 1368 campestri
1682 1307 1711 1354 ut

913 1383 1025 1438 doceret
1041 1383 1148 1451 turbas,
1173 1391 1238 1439 ante
1258 1384 1414 1454 praesidem,
1430 1392 1459 1440 ut
1473 1384 1566 1455 alapas
1588 1384 1710 1440 sustine·
1780 1422 1784 1427 -

915 1479 972 1537 ret;
1000 1478 1056 1526 toto
1079 1479 1201 1543 ternpore
1216 1487 1271 1544 quo
1286 1472 1313 1527 in
1329 1472 1409 1528 terris
1426 1473 1500 1528 visus
1524 1481 1576 1539 est,
1600 1480 1628 1527 ct
1649 1487 1711 1528 curn

914 1558 1069 1615 bominibus
1082 1569 1268 1627 conversatus,
1280 1559 1308 1614 iu
1323 1560 1461 1616 laboribus
1477 1559 1566 1616 multis
1584 1568 1671 1625 stans,
1684 1564 1713 1615 et

57 1652 231 1718 toparentum
268 1646 362 1721 lingua
401 1644 560 1718 loquuntur,
615 1647 806 1702 declinantium
830 1647 857 1701 in
876 1641 897 1717 Β
914 1663 1033 1718 operans
1048 1649 1162 1703 salutem
1176 1649 1203 1702 in
1219 1648 1310 1704 medio
1326 1657 1417 1705 terrm.

58 1735 144 1792 verba
158 1735 268 1791 malitiae
283 1735 318 1791 ad
332 1735 501 1793 excusandas
515 1737 703 1792 excusationes
717 1737 743 1790 in
763 1752 859 1809 pecca·
949 1740 976 1791 2.
996 1737 1039 1791 Ad
1063 1737 1240 1792 claudendam
1255 1738 1335 1812 igitur
1351 1740 1468 1794 tunicam
1484 1748 1557 1795 tuam
1580 1739 1712 1795 inconsu-

59 1826 101 1882 tis.
125 1826 180 1884 Ubi
208 1840 274 1883 vero
288 1826 496 1897 compunctione
516 1826 605 1883 corilis
628 1833 654 1882 et
671 1826 726 1882 oris
749 1826 859 1882 couies-
915 1826 999 1891 tilem,
1023 1826 1136 1880 Domine
1159 1828 1233 1890 iesu,
1260 1827 1295 1881 ad
1315 1827 1509 1898 perficiendam
1523 1829 1588 1886 fidei
1610 1836 1713 1886 nostrae

59 1917 134 1973 sione
165 1916 257 1987 priora
289 1923 352 1970 sunt
378 1916 467 1971 deleta
496 1923 616 1986 peccata,
650 1931 685 1970 ne
715 1916 859 1971 recidivam
914 1914 1110 1985 integritatem,
1141 1921 1235 1980 restat,
1257 1924 1287 1970 ut
1316 1916 1471 1971 videntibus
1499 1916 1640 1988 discipulis
1662 1933 1714 1989 per

59 2005 208 2077 patiantur,
224 2015 252 2060 et
273 2006 329 2074 jam
344 2003 397 2058 sint
421 2003 572 2075 poteriora
596 2005 691 2076 pejora
714 2003 858 2077 prioribus,
915 2002 1032 2058 medinm
1056 2003 1137 2068 aeris,
1158 2003 1227 2058 sicut
1240 2004 1311 2058 aeris
1330 2003 1456 2059 dominus
1475 2004 1607 2061 ascendas
1630 2020 1713 2076 super

58 2091 148 2152 912
164 2100 309 2163 serpentes
324 2090 607 2159 tollantnooesseest,
623 2091 649 2147 id
665 2102 716 2157 est,
731 2099 861 2150 utvene-
914 2106 1010 2146 omnes
1041 2090 1135 2146 coelos.
1166 2091 1272 2146 Extunc
1292 2091 1463 2162 probabitur,
1490 2091 1554 2162 qnia
1580 2091 1713 2147 Dominus

59 2192 136 2238 natas
160 2180 356 2253 suggestiones
379 2179 560 2253 exstinguant.
579 2180 650 2249 Quid
669 2187 758 2237 tamen
777 2197 861 2252 agen·
915 2179 1102 2235 universorum
1124 2187 1152 2234 tn
1167 2195 1208 2244 es,
1231 2179 1294 2250 quia
1320 2178 1411 2234 omnia
1434 2179 1462 2233 in
1476 2178 1601 2234 omnibns
1622 2180 1713 2235 adim-

60 2270 134 2335 dum,
151 2269 244 2342 siqua
268 2269 337 2324 torte
359 2266 434 2323 radix
450 2268 572 2340 pullulat,
588 2286 649 2341 quae
664 2277 716 2325 tam
732 2271 863 2328 velociter
916 2267 1005 2337 plecti,
1022 2268 1118 2337 etjam
1138 2268 1186 2322 tibi
1205 2265 1328 2338 pmlecto
1343 2265 1496 2336 debebitur,
1519 2277 1549 2323 ut
1563 2268 1591 2322 in
1605 2269 1716 2326 uomina

60 2366 180 2432 nequeat
201 2358 354 2430 exstirpari,
379 2358 428 2414 sed
447 2358 566 2414 stimulat
587 2360 705 2417 animum
730 2362 861 2432 concupi·
917 2365 962 2412 tuo
989 2371 1070 2412 omne
1085 2372 1158 2426 genu
1173 2356 1309 2426 lleotatur,
1325 2356 1486 2423 caelestium,
1505 2357 1675 2413 terrestrium
1688 2363 1717 2414 et

59 2449 164 2506 scentia
173 2448 283 2506 carnis?
294 2446 418 2503 Proiecto
428 2450 453 2503 si
462 2451 645 2519 mortiterum
655 2450 721 2522 quid
729 2451 861 2516 lvibcrr‘nt,
916 2445 1101 2515 infernorum,
1121 2453 1149 2501 et
1168 2445 1256 2500 omnis
1274 2445 1367 2516 lingua
1381 2444 1544 2501 confiteatur
1562 2448 1625 2518 quia
1638 2453 1667 2502 tu
1686 2462 1717 2502 es

62 2556 117 2600 nott
127 2537 307 2604 eisnooelit;
318 2536 445 2608 quoniam
455 2536 686 2605 jvrxtaSalvatoris
696 2538 861 2610 exemplum,
917 2535 1056 2606 ingloria,
1072 2543 1100 2590 et
1113 2535 1140 2589 in
1156 2535 1269 2590 dextera
1285 2533 1371 2588 Patris
1390 2536 1525 2608 (Philipp.
1545 2550 1576 2599 ιι,
1599 2538 1642 2601 to,
1660 2535 1714 2607 ll).

62 2644 122 2685 cam
151 2625 331 2700 gustaverint,
347 2625 442 2682 nolent
465 2626 570 2691 bibere,
586 2626 613 2681 id
629 2635 672 2683 est
689 2643 750 2684 eum
766 2644 861 2685 sense.
919 2624 948 2678 ln
971 2625 1022 2678 hac
1044 2623 1157 2679 dextera
1171 2629 1234 2678 suut
1249 2622 1445 2678 delectationes
1457 2638 1550 2695 usque
1570 2623 1599 2677 in
1614 2623 1715 2679 finem:

64 2716 127 2781 rint,
156 2713 251 2771 nolent
265 2713 432 2770 consentire.
458 2714 502 2770 Sic
516 2715 588 2770 enim
615 2730 669 2771 non
689 2716 729 2785 eis
755 2716 864 2772 nocebit
919 2720 946 2768 et
960 2712 1023 2767 ideo
1039 2718 1133 2767 monet
1148 2710 1307 2783 Apostolus,
1323 2719 1353 2767 ut
1363 2728 1521 2784 quaeramus
1534 2729 1597 2785 quae
1611 2727 1718 2768 sursum

62 2805 137 2878 (qnia
168 2802 243 2859 nulla
272 2802 407 2858 damnatio
426 2804 522 2858 estlris
544 2804 590 2875 qui
616 2810 679 2860 sunt
705 2805 732 2860 in
757 2805 864 2862 Christo
919 2809 991 2868 sunt,
1007 2800 1053 2853 ubi
1067 2800 1189 2855 Christus
1204 2810 1244 2855 est
1256 2801 1282 2854 in
1298 2801 1410 2856 dextera
1422 2802 1469 2857 Dei
1485 2800 1585 2858 sedens
1600 2802 1717 2870 (Cobet.

61 2894 139 2965 lesu)
159 2891 389 2962 concupiscentiae
404 2907 500 2947 sensus
514 2892 618 2965 absque
631 2907 776 2949 consensu.
793 2893 864 2962 Quid
919 2905 962 2955 ru,
980 2891 1022 2959 l);
1039 2887 1101 2960 quia
1115 2887 1167 2944 illio
1178 2888 1301 2960 prolecto
1318 2889 1461 2944 thesaurus
1475 2898 1570 2946 noster
1584 2898 1628 2946 est
1639 2890 1719 2946 iesus

63 2979 179 3039 umen?
197 2980 311 3037 Molesta
324 2988 399 3037 certe
413 2988 441 3037 et
454 2980 606 3052 periculosa
620 2987 663 3037 est
677 2981 715 3037 sic
729 2991 864 3053 corruptae
920 2978 1055 3044 Christus,
1076 2977 1104 3031 in
1126 2992 1179 3047 quo
1195 2984 1258 3032 sunt
1281 2993 1377 3032 omnes
1393 2978 1513 3034 thesauri
1536 2979 1678 3049 sapientia
1691 2988 1719 3036 et

64 3079 90 3126 et
101 3067 580 3142 infirmaeallcctionislucta;sedqoi
588 3068 771 3135 crediderint,
782 3087 866 3144 asper
919 3065 1042 3122 scientia
1061 3064 1222 3131 absconditi,
1239 3066 1332 3135 inquo
1346 3064 1451 3120 habitat
1466 3066 1553 3124 omnis
1578 3066 1719 3136 plenitudo

63 3175 152 3231 egros
171 3172 276 3214 manas
303 3159 503 3229 importasset
519 3158 586 3214 berte
609 3156 756 3222 dolebant,
777 3157 803 3212 id
825 3165 866 3214 est
919 3153 1068 3208 divinitatis
1082 3153 1259 3222 corporaliter
1278 3153 1391 3226 (dolosa.
1407 3169 1438 3220 ιι,
1458 3158 1484 3219 3,
1502 3158 1540 3224 9).

63 3264 153 3324 agras
175 3245 335 3302 affectiones
353 3244 431 3302 bonis
455 3245 582 3318 operibus
605 3245 740 3316 operient,
764 3252 792 3300 et
815 3248 867 3303 boc
956 3248 982 3299 3.
1007 3242 1077 3312 Quid
1093 3249 1183 3297 tamen
1199 3241 1309 3313 putatis,
1329 3241 1438 3308 fratros,
1455 3249 1573 3316 quantus
1592 3242 1669 3300 dolor
1692 3249 1720 3300 et
1800 3271 1809 3288 ι

64 3335 189 3392 remedio
204 3334 378 3389 curabuntur.

384 3422 502 3480 SEllblO
516 3425 549 3479 ll.

104 3514 245 3586 Quonxodo
269 3513 397 3570 ascendit
412 3529 499 3586 saper
515 3530 612 3571 omncs
625 3515 706 3571 coetos
721 3518 754 3569 ot
772 3513 866 3570 odim-

362 3602 453 3676 pleret
466 3605 572 3661 omnio.

103 3698 131 3751 l.
157 3691 321 3748 solemnitas
349 3692 408 3756 ista,
434 3691 533 3747 iratres
556 3692 718 3759 charissimi,
749 3690 869 3764 gloriosa

922 3334 1001 3390 timor
1013 3332 1142 3403 irruperit
1156 3331 1303 3402 apostolica
1313 3339 1432 3401 pectora,
1447 3347 1580 3388 cumeum
1594 3331 1722 3389 viderunt
1739 3374 1742 3381 .

921 3436 989 3476 ase
1013 3418 1080 3485 tolli,
1097 3428 1124 3474 et
1147 3420 1232 3474 attolli
1250 3420 1278 3474 in
1303 3436 1376 3484 aera,
1397 3435 1453 3476 non
1478 3421 1558 3477 scalis
1585 3420 1721 3491 adjutum,

921 3525 975 3566 non
1000 3508 1180 3564 sublematunr
1200 3507 1325 3576 funibus3
1353 3509 1403 3565 etsi
1419 3509 1544 3582 angelico
1565 3509 1723 3565 comitatum

921 3597 1065 3671 obsequio,
1078 3613 1134 3653 non
1149 3604 1239 3653 tamen
1255 3597 1350 3652 iultnm
1360 3597 1468 3664 auxilio,
1488 3598 1538 3652 sed
1552 3597 1721 3668 gradientem

924 3688 951 3743 in
966 3685 1054 3744 913
1073 3686 1244 3742 multitudine
1254 3685 1419 3742 tortitudinis
1433 3686 1511 3741 sure?
1526 3685 1668 3756 Impletnm
1679 3696 1723 3744 est

64 3789 121 3852 est,
136 3789 175 3849 et,
193 3790 222 3836 ut
236 3780 272 3835 ita
294 3779 392 3847 dicam,
408 3780 547 3851 gaudiosa,
562 3779 589 3833 in
604 3794 657 3852 qua
680 3787 708 3836 et
726 3779 869 3852 singularis
924 3776 997 3849 quod
1020 3776 1059 3831 eis
1075 3775 1199 3831 dixerat:
1221 3777 1278 3844 Quo
1293 3790 1340 3846 epo
1366 3776 1445 3841 codo,
1471 3790 1517 3831 vos
1532 3791 1591 3831 noo
1605 3778 1722 3848 potestis

62 3871 174 3928 Christo
197 3868 293 3942 gloria,
318 3879 346 3925 et
359 3868 438 3925 nobis
460 3867 585 3938 specialis
603 3868 694 3923 laetitia
713 3867 866 3926 exhibetur.
923 3868 1020 3924 tranire
1044 3868 1135 3936 (ioca.
1160 3880 1221 3932 ιιιιι,
1237 3866 1293 3934 33).
1310 3863 1478 3937 Quocunque
1492 3862 1566 3921 enim
1588 3871 1722 3922 terrarum

64 3959 270 4017 consummatio
299 3959 372 4015 enim
396 3965 424 4014 et
451 3957 608 4030 adimpletio
636 3967 678 4013 est
705 3957 868 4032 reliquarum
923 3957 1009 4023 iisset,
1025 3971 1088 4011 eum
1113 3952 1312 4010 indivisibiliter
1339 3961 1536 4027 sequerentur3
1551 3969 1637 4021 mare,
1653 3954 1723 4010 sicut

65 4049 281 4113 solemnitatum,
306 4056 334 4103 et
348 4047 412 4103 lelix
427 4046 546 4103 clausula
566 4047 648 4102 totius
666 4046 797 4103 itinerarii
811 4046 869 4102 Filii
922 4047 1021 4101 Petrus
1044 4042 1108 4100 iecit
1135 4041 1280 4114 aliquando
1305 4043 1415 4115 (batti.
1443 4059 1504 4111 xxv,
1529 4045 1586 4114 29),
1605 4059 1666 4100 cum
1690 4059 1723 4100 eo

67 4139 130 4196 Dei.
156 4138 208 4206 Qui
230 4137 304 4193 enim
326 4135 479 4196 descendit,
501 4134 558 4208 ipse
571 4141 613 4191 est
636 4135 723 4207 etqui
746 4135 870 4191 ascendit
925 4133 1008 4192 etiam
1036 4130 1230 4204 submergendi
1248 4131 1395 4201 intrarent,
1424 4133 1474 4188 sed
1492 4133 1544 4188 bac
1565 4131 1644 4203 sequi
1668 4147 1722 4188 non

67 4225 202 4282 hodierna
229 4224 273 4280 die
301 4239 384 4295 super
402 4237 499 4279 omnes
524 4224 618 4291 coelos,
653 4233 682 4278 ut
708 4222 908 4326 adimpleretn

66 4315 161 4373 onmia
180 4315 291 4388 (pres.
314 4329 354 4378 vv,
372 4314 426 4382 to).
441 4313 500 4369 Jam
523 4313 595 4369 enim
610 4329 672 4368 cum
687 4330 716 4368 se
730 4312 869 4369 dominum

68 4405 270 4469 universorum,
296 4407 437 4473 quaesunt
453 4400 481 4455 in
511 4409 582 4456 terra
602 4402 672 4457 etin
699 4402 767 4457 urari
788 4410 816 4457 et
842 4403 869 4458 in

68 4490 187 4555 inferno,
212 4490 366 4563 probasset,
390 4505 446 4544 non
470 4490 598 4558 restabat,
625 4489 676 4544 nisi
699 4499 728 4545 ut
751 4491 821 4546 aeris
843 4498 871 4546 et

69 4582 201 4638 caelorum
224 4596 255 4637 se
284 4596 346 4635 csse
374 4580 514 4636 dominum
540 4579 706 4651 argumentis
728 4580 868 4649 similibus,

68 4671 112 4727 vel
136 4676 211 4725 certe
227 4669 376 4740 potioribus
399 4668 599 4739 comprobaret.
625 4669 709 4724 Terra
728 4669 799 4723 enim
822 4683 870 4724 co·

69 4758 166 4834 gnovit
188 4758 345 4825 Dominum,
361 4758 424 4831 qnia
437 4758 472 4813 ad
487 4773 581 4815 vocem
596 4757 702 4814 virtutis
715 4758 784 4828 ejus,
810 4773 871 4813 cnm

68 4846 215 4903 clamasset
239 4861 337 4919 magna
360 4862 445 4904 voce:
462 4850 579 4916 bonore,
598 4848 663 4905 certi
675 4847 754 4919 soros
778 4849 870 4918 tlocrr.

67 4952 107 5003 ιι,
138 4940 183 5003 ta,
217 4937 273 5002 tat,
298 4944 432 4991 nronuum
460 4936 587 4992 reddidit.
616 4936 749 5009 Cognovit
785 4951 869 5001 mare,

69 5027 134 5099 quia
159 5023 275 5083 solidum
300 5041 330 5080 se
346 5025 460 5094 praebuit
481 5025 531 5080 sub
556 5025 670 5096 pedibus
694 5026 816 5095 ejus,ita
843 5033 872 5080 ut

70 5114 264 5188 apostolieum
281 5121 408 5186 putarent
421 5115 581 5184 phantasma
600 5130 661 5170 esse
676 5115 787 5184 (licitis.
811 5129 871 5180 xrv,

70 5208 116 5269 25,
134 5206 192 5273 26).
209 5204 342 5279 Cognovit
364 5203 494 5270 internus,
512 5205 589 5274 cujus
604 5203 662 5275 ipse
678 5212 770 5275 portas
788 5217 873 5258 aereas

71 5301 98 5349 et
113 5302 209 5349 vectes
231 5291 336 5349 ferreos
359 5293 493 5364 confregit
517 5295 606 5366 (Psoi.
621 5309 678 5361 cvr,
705 5292 760 5363 16),
784 5291 830 5346 ubi
846 5298 874 5348 et

72 5382 168 5455 ligavit
190 5381 265 5439 illum
292 5383 471 5440 insatiabilem
494 5382 666 5449 homicidam,
692 5383 736 5455 qui
763 5387 875 5437 vocatur

70 5470 195 5530 diabolm
223 5480 249 5528 et
264 5472 379 5529 Satanas
404 5473 499 5547 (ripen.
515 5487 566 5543 ιιιι,
583 5477 617 5545 9;
632 5489 682 5542 xx,
695 5476 734 5546 2).
751 5472 876 5529 Proiecto

923 4225 1060 4294 poterant,
1085 4222 1148 4293 quia
1161 4236 1263 4293 corpus
1282 4220 1354 4292 qnod
1377 4221 1569 4292 corrumpitur,
1593 4229 1723 4294 aggravat

925 4312 1053 4378 anivnant,
1080 4318 1109 4367 et
1135 4301 1262 4383 deprimit
1290 4318 1399 4368 terrena
1426 4309 1583 4366 inhabitatio
1612 4324 1722 4365 sensnm

924 4401 1008 4458 multe
1022 4402 1186 4472 cogitantem
1201 4402 1278 4473 (Sap.
1298 4415 1338 4468 rx,
1361 4402 1416 4470 35).
1431 4399 1514 4456 Dolor
1533 4414 1600 4473 ergo
1623 4398 1722 4454 nimius

925 4498 993 4556 erat,
1014 4489 1077 4563 quia
1091 4489 1220 4546 videbant
1234 4489 1321 4554 illum,
1333 4498 1447 4560 propter
1460 4504 1542 4560 quom
1555 4488 1645 4544 omnia
1662 4485 1723 4541 reli·

925 4586 1053 4653 querant,
1077 4576 1165 4632 asnis
1178 4577 1305 4632 sensibus
1320 4586 1347 4630 et
1361 4576 1517 4646 aspectibus
1535 4575 1601 4641 tolli,
1615 4583 1645 4631 ut
1668 4588 1723 4628 non

927 4675 1041 4738 possent
1054 4667 1144 4722 ablato
1162 4681 1222 4721 ase
1241 4679 1351 4736 sponso,
1370 4663 1418 4719 filii
1432 4665 1525 4736 sponsi
1540 4679 1594 4719 non
1609 4662 1722 4735 ingere:

927 4757 1007 4812 timor
1021 4755 1083 4828 qnia
1097 4755 1212 4826 orphani
1226 4754 1451 4826 relinquebantur
1469 4755 1495 4809 in
1506 4753 1595 4810 medio
1614 4752 1725 4809 iudaeo-

926 4863 996 4912 rum,
1012 4846 1133 4919 nondum
1147 4844 1298 4901 conlirnrati
1314 4844 1413 4899 virtute
1427 4857 1460 4897 ex
1475 4844 1539 4897 alto.
1556 4841 1725 4898 benedicens

926 4953 992 5011 ergo
1007 4935 1047 4991 eis
1072 4935 1209 4991 terebatur
1233 4935 1261 4988 in
1276 4933 1383 4999 caelum,
1405 4931 1474 4987 t'orte
1499 4932 1639 4987 concussis
1655 4932 1726 4989 illius

926 5025 1073 5098 singularis
1082 5023 1276 5079 misericordiae
1285 5021 1444 5088 visceribus,
1460 5036 1521 5075 cnm
1533 5020 1646 5077 miseros
1660 5036 1725 5078 suos

928 5125 955 5172 et
978 5130 1125 5187 pauperem
1140 5128 1217 5168 suam
1236 5111 1355 5167 scholam
1375 5110 1560 5181 relinqueret,
1586 5111 1636 5166 nisi
1653 5111 1724 5179 qnod

927 5204 1054 5261 veniebat
1078 5217 1175 5279 parare
1204 5200 1244 5256 cis
1261 5198 1359 5266 locum,
1381 5207 1408 5256 et
1422 5200 1485 5272 quia
1507 5201 1669 5272 expediebat
1697 5211 1726 5256 ut
1777 5198 1781 5203 ’

928 5294 1099 5368 praesentiam
1133 5293 1174 5346 eis
1187 5290 1360 5346 subtraheret
1373 5290 1552 5362 corporalem.
1572 5291 1658 5361 Quam
1682 5289 1724 5345 le-

929 5385 973 5445 lix.
991 5399 1070 5454 quam
1094 5381 1177 5455 digna
1195 5381 1247 5436 ista
1268 5379 1426 5452 processio!
1452 5382 1486 5436 ad
1511 5396 1591 5453 quam
1614 5395 1649 5436 ιιι
1673 5378 1725 5452 ipsi

930 5473 1041 5545 (pixidem
1069 5472 1156 5528 adhue
1171 5471 1284 5544 apostoli
1310 5471 1384 5546 digni
1399 5471 1507 5528 luerunt
1531 5470 1726 5536 adminicuto
