3734 5948
68 210 137 271 1057
690 205 864 271 sssuoous
882 205 916 268 ru
936 205 1087 294 murres.
1421 186 1424 191 ’
1489 164 1493 168 ⁴
1643 227 1713 290 1058

66 310 182 410 gendas,
208 333 390 404 instruendas,
418 331 574 401 mirandas,
597 334 687 390 anime
714 335 861 409 perfectior
877 345 903 424 Α
919 333 976 405 ts),
990 333 1077 390 biems
1097 332 1155 391 luit
1170 336 1247 395 Tune
1270 342 1412 412 negaveris
1433 345 1549 403 niemem
1565 354 1629 407 tane
1643 348 1713 407 luis·

67 423 281 495 invitatumque
300 431 390 479 tumen
414 421 442 478 id
463 421 607 479 ministerii
629 425 724 481 sortita
747 424 793 493 ait,
810 442 864 492 ⁰0n
919 436 958 488 se,
984 437 1045 478 cam
1073 423 1169 482 Petrus
1195 426 1302 484 sederet
1337 429 1372 484 ud
1405 449 1515 501 prunos,
1542 453 1596 494 non
1627 438 1715 496 minus

67 528 116 568 aua
130 512 286 577 ambitione,
309 512 356 566 sed
380 521 473 568 vocata
492 527 508 565 a
529 513 586 568 Deo
611 520 736 585 tanquam
761 516 864 574 Aaron.
918 510 1009 582 80¹5d0
1034 514 1125 582 wide,
1140 529 1221 586 qnam
1250 518 1385 586 0⁰lll0l0?
1407 520 1529 594 Deniqlw
1544 537 1551 579 :
1568 525 1638 581 Era!
1654 529 1714 600 [ri-

68 602 152 659 Porro
171 601 293 656 invitatio
317 601 375 671 ipsa
401 599 468 672 quid
492 609 543 668 est,
559 600 609 657 nisi
629 603 724 658 intima
739 607 866 677 qnaedam
917 616 979 670 9¹⁴⁸,
995 599 1083 674 inquil
1106 602 1199 671 (toan.
1213 619 1296 670 ”¹¹¹2
1318 608 1369 678 ¹⁸1·
1396 607 1520 676 Mutuum
1543 626 1637 667 revera
1663 613 1714 670 iri-

66 690 214 747 stimnlatio
241 688 381 744 charitatis
409 688 527 759 plenos
551 689 719 748 sollicitantis
746 698 867 755 aemulari
918 702 971 757 eus
991 704 1039 743 cor
1061 693 1184 762 negantis
1204 693 1408 750 constrinxerat.
1423 695 1481 757 Nee
1501 696 1597 754 mirum
1613 706 1713 773 tamen,

68 779 211 835 fraternam
228 778 353 847 salutem,
382 777 505 833 aemulari
532 778 659 835 decorem
688 782 786 840 domus
807 787 865 844 130.
918 791 978 832 cnm
1002 776 1073 850 ignia
1095 779 1130 834 ab
1150 793 1183 834 eo
1211 779 1317 837 sblatus
1343 793 1425 841 esset.
1450 784 1518 839 Nam
1548 787 1626 856 paulo
1654 797 1716 848 ante
1817 783 1822 792 ’

68 868 145 935 mini,
162 868 326 924 incrementa
343 867 478 922 lucrorum
493 867 564 938 ejus,
580 870 743 928 incrementa
757 873 865 949 lrugum
918 880 973 920 ¹¹⁰ss
988 880 1071 933 parvo
1091 866 1192 923 semila!
1211 868 1280 940 20¹0,
1300 870 1403 942 quippe
1425 873 1514 928 &dilue
1538 873 1595 947 igni
1618 877 1714 947 prmi-
1770 934 1772 939 .

64 956 176 1028 justitie
187 957 257 1029 ejus,
270 955 377 1011 leudem
387 964 414 1011 et
425 956 537 1029 glorium
547 956 756 1031 nominisejus‘l
770 962 865 1021 lstiua·
918 968 990 1018 mus·
1013 955 1058 1025 qui
1091 956 1232 1030 evaginato
1259 957 1362 1032 gladio,
1391 976 1425 1015 ne
1454 961 1545 1034 iguem
1582 964 1715 1036 perderet,

67 1045 139 1102 modi
154 1045 246 1116 itaque
266 1043 338 1099 circa
359 1042 446 1098 Deum
473 1045 606 1116 religiosis
633 1046 776 1106 aflectibus
795 1066 866 1124 quo.
920 1041 990 1099 serui
1017 1043 1163 1100 auriculam
1184 1049 1343 1116 amputavit.
1362 1046 1415 1105 Sed
1442 1063 1496 1104 non
1524 1058 1583 1106 erat
1610 1059 1717 1125 tempus

67 1133 118 1189 ties
142 1134 165 1188 is
189 1135 236 1204 qui
258 1133 363 1188 animas
390 1147 509 1206 regere,
534 1140 581 1190 ant
610 1134 699 1191 studio
728 1139 865 1209 predica.
918 1130 1065 1202 putationis
1080 1149 1086 1190 :
1104 1140 1131 1187 et
1150 1133 1211 1189 ideo
1225 1136 1299 1191 audit
1316 1154 1323 1192 ι
1343 1139 1477 1196 Converte
1491 1140 1618 1212 gladium
1634 1146 1718 1201 tuom

67 1221 150 1277 tionis
172 1237 206 1278 ex
230 1219 321 1276 ollicio
346 1223 483 1277 intendere
507 1221 598 1288 habet,
621 1221 759 1281 bominem
784 1243 864 1285 snum
918 1219 951 1275 in
967 1219 1057 1278 locvm
1071 1222 1324 1292 ettamAErtlenim
1338 1225 1406 1281 hors
1420 1237 1448 1283 et
1461 1236 1580 1299 potestas
1595 1232 1719 1287 tenebra-

66 1309 221 1366 interiorem
253 1307 368 1364 senserit
400 1309 583 1381 permoreri;
611 1310 690 1369 toties
716 1329 765 1386 pro
790 1324 865 1372 cerro
919 1321 980 1361 rum
996 1325 1003 1362 :
1019 1317 1046 1363 et
1059 1308 1175 1382 quisque
1190 1312 1464 1385 tuncdiscrpulornm
1480 1315 1583 1375 levaret
1597 1317 1719 1390 gladium

65 1413 196 1469 sponsum
220 1397 316 1454 adesse
345 1395 497 1469 intelligat,
532 1397 613 1455 toties
641 1415 671 1455 se
697 1401 731 1456 ab
756 1402 803 1459 illo
829 1406 864 1461 ad
918 1396 959 1451 rel
988 1396 1060 1463 lerri,
1077 1398 1121 1454 vel
1149 1398 1235 1467 verbi,
1250 1410 1298 1457 aut
1319 1401 1393 1458 lerro
1417 1408 1586 1463 truncandus
1606 1415 1673 1474 erat,
1693 1415 1721 1464 et

64 1485 157 1543 tineas
177 1485 293 1542 invitari.
309 1486 353 1542 Ad
367 1485 444 1557 quid,
463 1486 517 1542 nisi
535 1495 563 1542 ut
575 1488 672 1546 euolat
686 1497 713 1546 et
731 1491 863 1562 destruat,
919 1485 1052 1540 neminem
1075 1483 1234 1556 ¹⁰⁰l⁸l0¹⁰lr
1250 1503 1300 1544 ¹¹0⁰
1319 1489 1457 1563 quidpiam
1472 1493 1574 1550 flucilffl
1587 1493 1718 1565 lffefleii

65 1585 93 1630 et
107 1572 221 1630 aedificet
235 1584 262 1629 et
277 1573 403 1643 plantet?
919 1581 966 1629 aut
988 1580 1061 1629 certe
1080 1573 1184 1631 timoris
1206 1574 1297 1648 gladio
1320 1579 1354 1633 ad
1377 1579 1531 1650 negandum
1559 1585 1719 1656 cogendns;

104 1664 130 1718 d.
150 1663 251 1718 Verum
272 1662 401 1734 quoniam
424 1662 502 1735 operi
525 1663 597 1736 bnic,
613 1664 683 1721 siout
695 1673 722 1722 et
735 1669 810 1725 omni
826 1670 865 1727 rei
881 1631 905 1710 Β
919 1671 946 1718 et
960 1664 998 1718 sie
1009 1662 1095 1733 magis
1109 1662 1167 1733 ipae
1182 1663 1292 1736 periret,
1307 1665 1385 1736 justa
1397 1667 1509 1724 verbnm
1523 1668 1631 1725 Domini
1646 1672 1721 1741 qnod

72 1752 122 1808 sub
151 1751 230 1821 eoelo,
260 1765 314 1805 non
341 1765 421 1807 omne
449 1756 554 1823 lempna
580 1752 700 1826 suppetit
723 1768 749 1812 et
773 1765 866 1830 aptum
920 1749 1060 1820 subjunxit
1086 1765 1155 1817 mox,
1177 1753 1215 1807 itu
1237 1751 1361 1812 dicens:
1390 1756 1488 1813 Omnis
1510 1761 1559 1832 poi
1581 1760 1722 1832 occeperit

70 1846 124 1906 eat,
145 1838 220 1894 addit
244 1839 268 1894 ia
285 1839 334 1910 qui
355 1839 461 1907 invitat,
485 1848 594 1913 tempus
617 1842 764 1913 putationis
783 1849 867 1904 adre-
920 1838 1058 1911 omium,
1073 1836 1166 1910 giudic
1189 1839 1294 1911 leniit
1308 1842 1423 1913 immi·
1438 1859 1517 1914 ¹¹V¹s
1532 1848 1565 1901 5¹
1581 1847 1640 1919 5²i·
1654 1846 1723 1917 0⁰1⁵

68 1928 151 1983 nisse.
166 1928 270 1984 Adesse
289 1930 341 1985 boc
364 1936 477 1987 nouerat
498 1929 545 2001 qai
564 1929 689 1987 dicebat:
705 1934 867 1992 liecensem
922 1943 1020 2000 nempe
1034 1936 1196 1983 ceterorum
1213 1937 1276 1983 ⁸⁰10
1296 1931 1443 1999 pavendam
1464 1935 1560 1990 mortis
1575 1934 1721 2009 imaginem

68 2020 180 2089 tempus
194 2016 536 2089 acceptabile,eeeerratrte
551 2017 611 2076 dies
627 2021 870 2089 inimicaremini
922 2016 1075 2089 impauidus
1103 2026 1197 2085 staret,
1231 2016 1379 2089 trepidante
1407 2029 1435 2075 et
1462 2023 1573 2078 cedente
1600 2024 1723 2096 principa

69 2106 869 2182 dentesoltomoffensionem,utnonvitupereturmirrt'·
924 2105 995 2179 ipso,
1025 2116 1052 2164 et
1084 2105 1132 2178 qui
1168 2121 1235 2164 uoce
1262 2106 1456 2165 confortatoria
1482 2109 1524 2167 sui
1553 2110 1745 2181 imperatoris

70 2195 192 2252 sterium
215 2199 346 2251 nostrum
370 2194 407 2268 (ll
429 2193 493 2253 Cor.
513 2211 553 2266 vr,
572 2199 600 2265 2,
625 2197 664 2269 3).
685 2196 789 2256 Vitiosa
811 2203 870 2257 orne
923 2194 1012 2250 luerat
1027 2195 1213 2266 premunitus,
1228 2204 1255 2252 et
1273 2194 1448 2269 premonitus
1461 2197 1529 2254 alios
1543 2197 1723 2257 confortaret

69 2282 154 2338 dubio
169 2289 251 2354 atque
265 2281 410 2355 superflue,
426 2292 453 2339 et
467 2299 547 2341 omne
569 2284 683 2358 denique
695 2286 769 2358 qnod
783 2287 872 2350 olleo·
925 2283 1004 2354 (late.
1019 2298 1091 2350 xxn,
1106 2283 1163 2354 ³2).
1464 2283 1467 2290 '

69 2372 189 2428 diculum
209 2373 286 2440 dare,
305 2384 332 2427 et
354 2371 488 2444 impedire
513 2372 629 2429 lrnetum
650 2373 745 2430 salutis
771 2376 869 2449 possit,
960 2374 986 2427 6.
1010 2370 1142 2427 Ceterum
1165 2387 1216 2430 nec
1238 2371 1273 2443 is,
1294 2389 1345 2430 nec
1368 2373 1408 2430 illi
1434 2374 1484 2430 sibi
1511 2374 1599 2433 adbrm
1626 2375 1723 2434 indue·

71 2470 168 2532 putare
188 2460 245 2530 jam
259 2472 287 2517 et
300 2474 424 2517 resecare
444 2462 582 2529 monebat,
611 2460 702 2519 sciens
716 2462 779 2534 quia
799 2471 870 2521 tem·
924 2469 985 2516 rant
1007 2459 1133 2516 virtutem
1158 2477 1191 2518 ex
1211 2461 1286 2536 alto;
1302 2472 1330 2519 et
1352 2463 1387 2519 ob
1412 2465 1463 2520 boe
1486 2471 1572 2521 tutum
1594 2481 1649 2522 non
1667 2474 1725 2522 erat

72 2565 125 2621 pus
139 2549 288 2622 putationis
310 2549 461 2606 advenerit.
486 2550 549 2607 ldeo
567 2558 596 2606 et
615 2550 705 2607 siebat
724 2550 796 2609 lideli
813 2553 873 2610 cui·
926 2547 967 2605 eis
990 2549 1063 2604 exire
1087 2548 1114 2603 in
1136 2547 1239 2615 vineas.
1264 2565 1374 2606 exerere
1397 2551 1498 2627 linguae
1520 2553 1669 2621 asrculum,
1696 2562 1723 2610 et

72 2639 135 2693 dam
162 2637 258 2694 cultori
284 2638 442 2694 vinearum:
474 2639 576 2712 Argue,
608 2641 735 2713 increpa,
762 2639 871 2699 obsecre
926 2635 1017 2711 gladio
1028 2632 1145 2707 Spiritus
1175 2645 1270 2708 putare
1296 2637 1376 2707 uites,
1400 2655 1519 2713 purgare
1544 2640 1678 2711 palmites,
1696 2649 1735 2712 ut¹

72 2725 113 2798 (ll
129 2727 250 2797 Timar,
266 2729 312 2798 2);
338 2726 367 2781 in
388 2729 477 2798 primo
497 2735 524 2784 et
540 2729 660 2784 secundo
680 2729 777 2785 horum
796 2738 873 2800 puta·
926 2722 1043 2780 lructnm
1064 2724 1126 2796 plus
1149 2724 1290 2782 allerrent.
1304 2726 1427 2798 Denique
1452 2727 1510 2799 ipse
1531 2728 1665 2786 Dominus
1684 2739 1726 2787 ta-

73 2816 176 2871 tionem
200 2816 243 2872 vel
267 2816 499 2889 exstirpationem,
515 2817 544 2872 in
563 2816 658 2873 uitium
681 2817 873 2889 plantationem
927 2814 1004 2870 oebst
1031 2813 1058 2870 in
1086 2813 1223 2887 passione,
1247 2823 1274 2872 et
1301 2816 1328 2871 in
1357 2817 1450 2874 multis
1479 2818 1648 2892 interogatus
1671 2836 1728 2877 non

73 2902 205 2960 indicens.
223 2904 256 2961 Et
269 2904 326 2961 boec
354 2904 465 2977 quidem
496 2903 609 2963 mili
635 2920 755 2979 sponsus
776 2922 828 2979 per
841 2913 910 2993 osg
926 2903 1106 2974 respondebat
1130 2902 1239 2973 (natet.
1255 2918 1349 2971 mli,
1366 2906 1423 2975 ¹2),
1439 2909 1545 2976 suetus,
1562 2907 1640 2977 juata
1663 2909 1728 2965 l’ro·

74 2992 151 3048 Pauli
165 2995 198 3050 de
213 3000 333 3065 tempore
347 2994 487 3065 operandi.
507 2993 559 3051 Sed
587 2993 650 3050 audi
664 2994 728 3068 quid
743 3010 793 3066 per
811 3013 875 3066 pro·
929 2993 1050 3064 pbetsm,
1061 2993 1137 3048 sieut
1154 2991 1235 3048 bomo
1251 3007 1310 3048 nort
1328 2993 1456 3060 audiens,
1467 2997 1496 3051 el
1509 3011 1566 3052 nora
1582 2995 1729 3052 totenais

74 3080 163 3152 prium
189 3096 223 3138 os
249 3082 283 3138 de
316 3091 469 3155 temporum
496 3083 722 3155 consideratione,
749 3085 799 3141 aab
822 3083 875 3143 alio
929 3094 977 3136 ore
995 3095 1046 3138 suo
1065 3079 1278 3151 redargutiones
1294 3081 1382 3149 (Psoi.
1402 3095 1515 3150 untur,
1544 3082 1600 3155 lb).
1616 3084 1729 3143 Dicebat

75 3169 186 3242 quidem
201 3186 290 3227 rerum
304 3173 440 3228 schemate
454 3180 480 3227 et
493 3174 612 3239 nomine,
621 3187 682 3228 eum
693 3185 764 3228 nora
777 3187 876 3242 sponsa
928 3175 1037 3223 summ:
1053 3166 1084 3222 Si
1093 3166 1167 3223 uobis
1177 3166 1285 3233 dicero,
1296 3183 1355 3224 non
1365 3168 1484 3227 credetis
1492 3170 1584 3242 milti,·
1594 3171 1620 3227 η’
1629 3177 1729 3231 ortum

75 3259 111 3313 sit
125 3259 241 3316 locutus.
257 3262 355 3318 Nonne
368 3278 416 3318 vos
429 3261 536 3330 dicitis,
552 3259 640 3331 iuquit
662 3261 730 3333 goin
752 3266 876 3334 quotuor
929 3261 958 3314 et
971 3257 1189 3328 interrogavero,
1203 3271 1263 3315 raon
1276 3257 1480 3331 respondebitis
1489 3259 1645 3332 mibi(iaee.
1655 3276 1728 3330 xxti,

76 3346 875 3416 macresceretmessisvmtttneeettoosotertevote
929 3345 974 3410 ⁶⁷.
990 3344 1036 3417 5⁸)
1052 3360 1060 3399 :
1075 3344 1167 3400 sciens
1191 3352 1299 3417 tempus
1320 3347 1471 3419 pontionis
1493 3349 1615 3406 nondum
1641 3351 1729 3407 sdve-

78 3437 876 3513 omtosoestrosetvtdetereoiones,quuottesuntjom
929 3432 1010 3503 nisse,
1028 3449 1078 3491 nec
1103 3448 1295 3506 responsuram
1319 3450 1432 3507 prorsas
1456 3435 1561 3495 vineam
1582 3454 1658 3493 suaru
1672 3437 1729 3494 im·

77 3525 114 3582 od
131 3542 249 3584 messem
271 3527 363 3596 (lonc.
388 3528 506 3599 1v,35);
532 3529 617 3586 itam:
646 3527 739 3585 liceras
763 3527 876 3602 guidem
929 3524 1025 3595 pansis
1046 3522 1197 3592 laboribus,
1213 3523 1239 3578 id
1264 3529 1307 3579 est
1328 3539 1380 3581 nee
1401 3525 1475 3596 fidei,
1491 3542 1541 3582 neo
1562 3526 1627 3582 boni
1641 3527 1732 3598 operis

78 3617 181 3681 mette,
196 3617 320 3687 operarii
331 3615 435 3687 pauci:
450 3618 548 3688 rogate
560 3616 714 3674 Dominum
722 3617 876 3684 messioni
930 3611 1048 3668 frontum
1083 3611 1202 3684 aliquem
1225 3611 1383 3667 relaturam.
1408 3609 1522 3679 Quare?
1548 3613 1619 3682 Quia
1645 3613 1732 3672 biems

78 3705 181 3760 mittat
189 3705 332 3775 operarios
342 3704 375 3758 in
384 3717 505 3762 messem
514 3703 876 3776 mammotreptis-aa).
931 3710 989 3756 erat
1012 3699 1041 3754 in
1069 3698 1197 3757 cordibus
1219 3697 1397 3770 perfidorum,
1419 3711 1447 3755 et
1465 3698 1598 3756 hiemales
1620 3700 1732 3773 quidem

79 3792 156 3848 Sient
169 3791 254 3862 igitur
275 3790 313 3847 ibi
334 3791 455 3848 metendi
475 3792 627 3848 animarum
649 3799 756 3864 aegates
770 3799 879 3862 tempas
932 3786 1041 3844 melitiae
1064 3785 1165 3842 imbres
1188 3793 1389 3859 occupaverant
1409 3795 1519 3854 terram,
1535 3788 1609 3858 iacta
1628 3791 1733 3848 semino

78 3879 176 3937 adesse
190 3881 365 3950 monstrabat,
381 3880 458 3938 itaet
473 3881 518 3938 bie
540 3879 637 3937 vineas
659 3894 736 3953 mque
751 3879 878 3954 intalligi·
932 3875 1009 3933 verbi
1037 3874 1182 3946 suss'ocare,
1205 3889 1288 3948 qnam
1311 3874 1403 3933 lovere
1431 3876 1599 3947 paratiorem
1630 3879 1677 3936 sed
1705 3889 1733 3937 at

80 3971 160 4040 biles,
175 3969 202 4026 id
224 3981 266 4028 est
288 3970 392 4027 animas
414 3969 626 4050 retssoetesias,
647 3978 753 4040 tempus
767 3969 880 4042 potandi
933 3963 1016 4023 cultui
1031 3963 1186 4021 rienearum
1207 3978 1317 4022 omnem
1332 3963 1509 4022 nihilominus
1521 3964 1731 4039 impendendam

81 4059 222 4117 advenisse
240 4060 400 4134 denuntiat3
415 4059 443 4116 id
469 4060 582 4117 lorsitan
605 4060 677 4116 inter
696 4065 824 4131 utrasque
838 4074 882 4115 res
933 4068 1042 4127 operam
1057 4053 1222 4111 frustraturi.

81 4150 174 4203 volens
188 4151 382 4207 uocabulorum
396 4149 553 4208 diversitate
573 4147 716 4222 distingui,
735 4157 919 4259 utmeosesn
968 4143 996 4202 7.
1011 4144 1087 4213 Quas
1112 4159 1163 4201 ros
1187 4156 1231 4198 me
1257 4158 1330 4201 nnnc
1359 4145 1458 4217 putatis
1485 4144 1574 4201 dicere
1604 4143 1734 4202 imbres?

83 4234 187 4308 plebes,
202 4237 294 4294 vineas
314 4240 543 4314 congregationes
557 4236 882 4297 sanctorum-cohabitan-
934 4233 1046 4300 istosne,
1074 4247 1144 4304 quos
1166 4230 1289 4291 videmos
1309 4244 1450 4290 currentes
1477 4249 1526 4305 per
1553 4249 1615 4290 aera
1646 4234 1735 4291 nnbea

85 4327 152 4381 tium
165 4325 359 4399 intelligamus.
934 4322 1088 4379 turbulento
1111 4320 1211 4394 spiritu
1234 4336 1363 4396 spargere
1384 4335 1467 4393 super
1482 4322 1605 4378 terrsml
1618 4323 1678 4378 Non
1692 4327 1735 4379 eal

120 4419 146 4470 ti.
173 4415 255 4472 Porro
281 4416 396 4474 hiemale
423 4427 539 4491 tempas,
564 4418 638 4491 quod
663 4415 827 4489 preteriisse
841 4415 882 4472 si·
935 4409 983 4467 ita.
1014 4408 1069 4466 Sed
1095 4424 1165 4482 qnos
1190 4408 1323 4467 deterre
1344 4410 1373 4465 in
1395 4424 1486 4465 aerem
1509 4425 1618 4467 sursum
1646 4411 1736 4469 terunt

85 4503 202 4578 gnificat,
221 4506 286 4562 illud
308 4505 374 4562 mibi
396 4506 538 4580 designare
560 4506 676 4578 videtur,
700 4522 764 4563 cum
785 4504 882 4563 Domi·
935 4500 1060 4557 homines
1086 4499 1234 4555 turbulenti
1267 4497 1389 4569 spiritus,
1417 4506 1549 4571 ponentes
1575 4500 1604 4557 in
1635 4503 1737 4560 eoelam

85 4594 231 4650 nuslesus
247 4594 302 4670 jam
324 4609 379 4651 non
394 4595 483 4668 palam
504 4596 654 4652 ambularet
676 4593 748 4667 apud
763 4594 882 4662 Judmoa,
937 4605 969 4646 os
992 4604 1082 4657 suum,
1100 4594 1128 4644 et
1155 4586 1249 4660 lingua
1281 4602 1376 4647 eorum
1405 4587 1539 4647 transiens
1564 4589 1593 4646 in
1626 4598 1736 4660 terram,

87 4697 120 4739 eo
151 4684 224 4756 quod
256 4683 459 4756 conspirassent
492 4684 623 4742 adversus
654 4697 735 4752 eum,
763 4682 885 4740 nolentes
938 4688 1064 4751 nuquam
1098 4675 1190 4749 pluria
1212 4675 1388 4747 amarissime,
1401 4720 1405 4728 .
1418 4685 1517 4736 terrem
1544 4678 1633 4752 ipsam
1660 4679 1739 4751 paln-

86 4788 147 4828 eum
176 4772 345 4831 interlicere.
375 4773 452 4831 Unde
477 4780 503 4829 et
530 4773 637 4830 dicebat
662 4771 696 4827 ad
723 4770 883 4843 quosdam:
939 4775 1022 4824 strem
1045 4782 1077 4824 ac
1094 4765 1212 4822 sterilem
1236 4764 1308 4834 lacit,
1325 4772 1352 4822 et
1375 4774 1430 4821 tam
1454 4766 1555 4838 plantis
1575 4783 1655 4841 quam
1674 4768 1739 4826 astla

92 4864 208 4937 Tempus
222 4879 318 4920 meum
331 4863 458 4921 mondum
467 4862 599 4930 adveni&
614 4863 887 4935 tempusautemoa-
939 4854 1072 4924 inutilem,
1085 4871 1140 4911 non
1165 4853 1274 4928 quidem
1299 4852 1341 4912 bis
1359 4854 1513 4912 visibilibus
1536 4866 1618 4930 atquo
1639 4872 1740 4930 corpo·
1836 4842 1841 4853 ⁵

87 4955 301 5025 atromsemper
311 4958 353 5010 est
361 4955 548 5025 paratumst
556 4950 888 5009 rursnmrdaeentliteoor
940 4945 995 5002 reis
1018 4945 1052 5002 td
1079 4953 1189 5002 nostros
1215 4945 1310 5018 ulique
1335 4960 1481 5017 corporeos
1504 4961 1571 5002 nsua
1595 4945 1677 5015 (isba.
1706 4949 1741 5005 de

88 5041 124 5095 ed
137 5042 211 5100 dmm
224 5046 330 5114 [estem
343 5042 431 5108 bunc,
444 5056 491 5114 ego
505 5056 564 5098 non
573 5038 827 5113 oscendom(locn.
837 5053 887 5111 ru,
941 5036 1041 5110 quibus
1056 5034 1128 5093 nulla
1141 5035 1232 5108 plane,
1244 5034 1316 5092 sieut
1325 5051 1375 5091 nee
1389 5035 1524 5093 debebas
1538 5050 1602 5091 cura
1616 5044 1659 5095 eat
1669 5038 1739 5095 Deo.

90 5130 176 5201 blo).
204 5131 335 5188 Ascendit
358 5140 447 5187 nmen
469 5140 565 5203 postea
578 5139 606 5186 et
623 5129 693 5204 ipse,
709 5144 763 5186 non
786 5127 886 5202 wem,
943 5125 995 5180 Sed
1019 5124 1143 5196 quibos?
1166 5122 1288 5180 Proiecto
1306 5139 1368 5196 qnoe
1394 5120 1508 5180 ¹116ss
1522 5126 1605 5181 servit
1618 5131 1646 5180 et
1659 5123 1741 5196 plan·

89 5219 228 5291 sedqussi
241 5219 269 5275 in
284 5221 394 5277 oecubo
409 5221 511 5276 ilatum
530 5229 636 5292 ergoet
657 5218 789 5289 deinceps
802 5232 889 5291 usqae
941 5212 1008 5272 taric
1038 5212 1090 5270 Dei
1118 5228 1224 5284 manns,
1257 5221 1284 5270 et
1312 5227 1367 5268 non
1395 5211 1530 5280 bominis;
1558 5225 1620 5286 qnae
1646 5220 1675 5271 et
1700 5213 1744 5272 vel

90 5308 124 5364 ad
138 5309 283 5367 aduentum
305 5310 423 5383 Spiritus
446 5309 543 5380 sensti,
563 5322 618 5382 quo
641 5307 810 5365 recaluerunt
829 5314 888 5364 tor-
942 5303 1107 5380 germinare,
1130 5302 1174 5359 vel
1206 5301 1327 5357 radicare
1349 5301 1378 5357 in
1400 5298 1455 5358 fide
1475 5311 1501 5360 et
1522 5302 1745 5378 cbaritste'pote-

90 5398 181 5469 pentis
205 5398 325 5456 fidelium
350 5402 444 5470 corda,
475 5411 601 5473 tanquam
621 5400 705 5472 igne,
727 5411 808 5468 quem
830 5396 889 5453 Do-
944 5401 1014 5458 rant,
1030 5390 1174 5450 etlruetua
1188 5390 1322 5464 parturire
1337 5389 1443 5456 salutis,
1459 5390 1484 5448 si
1502 5391 1580 5449 bono
1593 5400 1621 5450 et
1634 5401 1745 5468 empo-

91 5487 184 5548 minua
209 5489 245 5547 ed
267 5492 321 5551 boo
346 5492 438 5565 ipsum
459 5489 533 5551 mitit
558 5488 706 5552 interram
731 5488 812 5564 litte.
837 5499 894 5568 xta,
943 5481 1035 5546 runcis
1057 5479 1191 5541 imbribus
1211 5479 1376 5556 rigarentur.
1396 5480 1503 5542 Anime
1530 5481 1651 5558 denique
1670 5491 1745 5554 sunt,
