3734 5948
576 252 577 256 κ
622 228 668 288 ·s.
690 226 857 288 assutam
875 225 1012 286 taetris
1030 225 1335 288 cusae-ttxuuuusis

518 376 707 453 uoutstcx
734 383 858 451 estut
880 382 978 449 eost·
1001 381 1186 450 octavam
1218 382 1456 450 serectute.

482 537 602 596 statuo
620 535 641 595 l.
974 545 999 625 g
1012 530 1132 602 jusmodi
1145 548 1152 600 3
1168 529 1260 587 multis
1274 530 1382 587 iuterim
1395 530 1628 602 purificationibus
1637 547 1707 605 opus
1719 534 1813 607 habat,

163 647 201 704 be
213 643 353 702 miraculo
367 645 443 715 sacto
456 645 489 699 in
504 644 620 716 nuptiis,
629 643 720 710 (toan.
737 654 769 706 u,
781 640 874 710 l·ll),·
885 645 912 697 et
926 639 959 697 de
1014 626 1148 716 (lunium
1164 619 1234 676 situi
1247 620 1389 719 *libidini
1401 628 1524 720 peccata,
1540 620 1661 720 abundet
1673 629 1703 678 ct
1716 621 1812 679 indul·

198 733 228 773 co
242 714 315 790 quod
328 717 526 774 Dominascit.
547 717 609 770 «et
623 730 670 771 coc
683 714 791 769 similes
802 711 959 768 horninibus
1013 714 1122 778 genba-
1147 709 1217 766 sicut
1239 709 1432 781 multiplicatur
1455 710 1632 775 miser1a‚sic
1654 719 1683 767 et
1705 711 1815 769 miseri·

167 808 181 821 ··
198 787 430 860 exspectantibus
452 787 599 842 domitum
621 800 713 852 tuum,
728 783 840 857 imisit
861 798 958 839 rtvtr·
1014 795 1107 852 cordia
1122 814 1130 852 ε
1146 798 1198 853 uisi
1212 799 1285 872 quod
1301 814 1356 854 uon
1371 799 1440 855 sicut
1455 798 1594 875 delictum,
1604 799 1642 854 ita
1656 805 1684 855 et
1697 800 1812 879 donum.

1012 882 1106 940 Gratia
1120 886 1194 942 euim
1209 902 1264 943 uon
1279 887 1367 943 solum
1386 895 1498 959 peccata
1513 888 1594 958 lavat,
1609 888 1659 945 sed
1673 896 1701 945 et
1714 889 1814 968 merita

200 864 284 916 tetur
297 875 315 914 c
329 858 451 930 nuptiis.
467 858 544 926 (tce,
560 870 609 920 tu,
625 855 682 925 36.)

198 986 224 1039 l.
244 980 275 1038 iu
290 981 426 1038 lectionne
441 977 528 1034 sancti
539 977 679 1052 Evangelii
694 978 803 1044 tratres,
813 976 895 1034 hodie
909 991 958 1032 au·
1013 972 1105 1032 donat.
1123 976 1177 1031 Sex
1199 976 1284 1050 igitur
1306 976 1412 1049 hydriae
1436 985 1500 1032 suut
1522 977 1619 1049 posita
1631 977 1674 1033 his
1689 978 1737 1050 qui
1750 986 1814 1051 post

162 1069 278 1127 divimus
293 1069 356 1142 quia
371 1067 503 1123 Dominus
517 1071 610 1124 noster
623 1067 671 1122 ivit
685 1065 719 1122 ad
733 1067 850 1138 nuptias.
867 1065 959 1122 Facia-
1013 1062 1221 1133 baptismumin
1236 1073 1349 1137 peccata
1362 1064 1491 1121 labuntur
1505 1084 1513 1120 ε
1529 1064 1565 1122 de
1580 1065 1622 1121 his
1637 1065 1713 1122 euim
1727 1067 1814 1142 loqui·

162 1170 224 1215 mus
233 1173 301 1232 ergo
312 1156 385 1229 quod
401 1157 464 1212 alibi
476 1164 614 1228 monetet
623 1155 780 1212 studeamus
789 1155 891 1211 similes
900 1154 960 1211 srcri
1013 1166 1084 1220 mur,
1097 1152 1160 1224 quia
1174 1152 1261 1210 dehis
1275 1170 1379 1209 sumus.
1392 1155 1522 1210 Exuimus
1537 1154 1658 1215 tunicam
1671 1162 1810 1224 veterem

163 1247 322 1306 hominibus
336 1247 566 1319 exspectantibus
586 1245 959 1317 dominumtuum,qecndo
1014 1239 1072 1308 scd,
1098 1240 1167 1297 teet
1189 1242 1453 1314 pejusreinduimus
1475 1259 1547 1300 amn.
1570 1244 1698 1301 Ladmus
1726 1240 1817 1318 pedcs'

160 1334 826 1409 retenteturcnnptiis.Namtcueuticarrucam
840 1333 957 1408 iuagro,
1014 1335 1141 1389 uestros:
1165 1328 1213 1386 sed
1237 1331 1318 1403 pejus
1342 1330 1545 1404 inquinavimus
1568 1346 1626 1390 cos.
1648 1330 1725 1390 Sicut
1743 1348 1814 1407 ergo

161 1433 188 1482 et
202 1423 333 1482 vendenti
348 1423 449 1497 aliquid
459 1423 501 1480 vel
516 1424 619 1481 ementi
633 1424 660 1479 iu
671 1423 741 1495 loro,
752 1438 808 1480 neu
822 1423 956 1480 dicimus:
1014 1417 1087 1492 quod
1101 1418 1169 1475 alius
1193 1418 1392 1495 inquinaverat,
1413 1420 1477 1476 lavit
1491 1420 1570 1492 alius,
1595 1420 1635 1478 sic
1657 1420 1815 1496 inquinatos

159 1512 232 1586 Quid
255 1513 421 1587 exspectas?
436 1529 527 1587 neque
551 1513 625 1570 euim
649 1512 750 1569 similes
772 1521 834 1569 sunt
858 1527 960 1585 exspe-
1014 1507 1124 1563 anobis
1144 1507 1227 1566 lavari
1246 1525 1315 1581 opus
1330 1517 1371 1564 est
1394 1509 1514 1566 anobis.
1534 1509 1630 1567 ebena
1650 1511 1716 1568 lavit
1729 1527 1811 1585 aqua,

93 1614 99 1624 '
160 1602 306 1661 stantibus.
317 1601 350 1658 Ei
359 1617 427 1660 vero
439 1617 523 1676 quem
532 1601 656 1658 videmus
671 1610 744 1658 stare
760 1610 823 1659 anm
836 1602 958 1673 januam,
1014 1611 1083 1668 quos
1098 1596 1177 1669 culpa
1191 1597 1380 1671 inquinaverat
1394 1598 1493 1655 ahena.
1509 1599 1566 1658 Nec
1585 1607 1678 1656 nmen
1692 1600 1733 1657 sic
1746 1599 1813 1658 alic·

158 1692 267 1766 pulsare
295 1691 431 1760 crebrius,
460 1691 559 1762 saepius
580 1691 721 1764 suspicere
746 1688 781 1746 ad
809 1691 958 1761 leuestms3
1013 1699 1076 1740 nam
1109 1685 1234 1756 dixerim,
1264 1694 1294 1742 ut
1318 1703 1418 1762 negem
1441 1697 1579 1757 nostram
1608 1687 1729 1763 alioquid
1759 1704 1812 1747 nec

159 1780 226 1837 nihil
250 1780 350 1837 mirum
375 1779 397 1836 si
421 1779 521 1837 dicitur
536 1798 542 1834 :
559 1779 631 1850 Quid
654 1781 817 1852 exspectas?
837 1780 877 1836 llli
891 1794 959 1853 ergo
1013 1771 1179 1847 inquinaret·
1203 1775 1259 1831 Sed
1280 1775 1369 1832 alicua
1397 1784 1448 1847 cst,
1469 1777 1534 1852 quia
1555 1777 1584 1834 in
1606 1778 1693 1834 Adam
1714 1794 1812 1837 omnes

160 1879 224 1925 suut
247 1869 350 1925 similes
375 1869 606 1940 exspectantibus,
634 1869 681 1942 qui
705 1884 760 1925 nou
786 1869 869 1926 surda
892 1884 958 1924 aure
976 1889 998 1967 B
1013 1862 1168 1920 nescientes
1191 1865 1379 1937 peccavimus3
1402 1876 1506 1938 nostra,
1530 1866 1603 1942 quia,
1624 1868 1676 1925 etsi
1698 1867 1810 1940 inalio,

159 1958 318 2014 audierunt:
334 1961 481 2029 i'acatp,et
499 1960 736 2031 iiidptequoniam
755 1975 875 2032 aponum
885 1961 957 2014 Datis
1012 1966 1063 2006 nos
1077 1958 1169 2009 tamen
1190 1953 1372 2025 peccavimus,
1389 1963 1416 2011 et
1439 1955 1518 2013 nohis
1542 1957 1615 2027 justo
1633 1956 1688 2033 Dei·
1705 1956 1809 2029 judicio

158 2048 245 2117 (Paci.
275 2062 340 2117 xxv,
366 2048 421 2117 ll).
452 2046 548 2105 Veniet
577 2046 709 2104 Dominus
737 2046 958 2119 exspectantibus
1012 2039 1205 2113 imputabatur,
1230 2042 1294 2099 lieet
1321 2042 1439 2100 occulto.
1465 2044 1667 2115 Verumtamen,
1697 2053 1726 2101 ut
1750 2048 1809 2117 jam

157 2151 220 2191 eum
237 2135 404 2201 inveritate,
421 2135 508 2208 qualis
531 2144 592 2192 erat
611 2136 658 2210 qui
680 2136 769 2193 dicit:
787 2139 958 2209 exspectans
1013 2144 1067 2184 non
1086 2128 1120 2184 sit
1138 2131 1211 2202 quod
1230 2132 1361 2202 causeris,
1381 2148 1397 2189 o
1417 2133 1508 2202 homo,
1533 2142 1628 2190 eontra
1643 2133 1809 2191 inobedien-

157 2227 318 2297 exspectent
338 2227 492 2283 coriticam
512 2227 599 2293 (Psoi.
615 2241 707 2292 xxxix,
725 2226 761 2296 l).
778 2224 877 2281 Veniet
895 2232 957 2280 ten·
1012 2215 1078 2272 tiam
1091 2219 1158 2274 Adae
1172 2220 1251 2275 datur
1265 2219 1313 2276 tibi
1327 2221 1483 2279 ohedientia
1497 2223 1607 2293 Christi,
1630 2230 1669 2289 ut,
1686 2223 1708 2278 si
1722 2223 1810 2296 gratis

157 2328 240 2386 quarn
255 2321 423 2369 revertensa
439 2313 550 2385 nuptiis,
566 2313 716 2370 inebriatus
731 2314 793 2370 vino
808 2312 956 2385 charitatis,
1012 2307 1193 2365 venumdatus
1214 2324 1254 2378 es,
1269 2309 1354 2383 gratis
1369 2310 1451 2366 etiarn
1465 2311 1624 2379 redimaris;
1642 2312 1665 2368 si
1683 2312 1810 2369 nesciens

156 2407 186 2459 et
200 2401 344 2458 immemor
358 2399 531 2472 iniquitatum
545 2410 711 2458 nostrerum.
726 2403 823 2459 Veniet
837 2417 892 2459 non
907 2419 957 2459 ex.
1011 2395 1038 2450 in
1062 2395 1149 2452 Adam
1167 2397 1283 2470 periisti,
1313 2399 1441 2456 nesciens
1463 2400 1610 2458 vivificeris
1633 2400 1661 2456 in
1691 2401 1808 2458 Christo.

85 2493 87 2497 ’
157 2490 354 2563 spectantibus,
381 2497 509 2562 tauquam
538 2500 679 2547 revertens
707 2506 723 2546 a
751 2491 861 2563 nuptiis,
892 2500 957 2547 tan·
1011 2485 1130 2542 Nescisti
1153 2485 1263 2559 quando
1278 2487 1312 2542 ad
1325 2488 1431 2562 lignum
1444 2489 1558 2547 vetitum
1572 2497 1651 2547 vetus
1666 2490 1754 2546 Adam
1767 2499 1810 2546 te·

158 2595 241 2652 quam
263 2586 362 2651 potens
385 2578 542 2650 crapulatus
565 2578 670 2636 avico.
695 2580 767 2636 Vere
793 2579 878 2653 [atius
900 2581 957 2637 Ve-
1012 2574 1098 2632 tendit
1117 2590 1216 2631 manus
1239 2575 1351 2644 noxias;
1375 2577 1486 2634 nescisti
1509 2578 1684 2651 nihilominus
1701 2581 1811 2654 quarmo

158 2667 226 2742 niet]
250 2667 353 2738 ebrius,
378 2674 406 2723 et
430 2667 576 2725 immemor
603 2667 809 2725 miserationum
835 2685 956 2725 suarum.
1012 2662 1041 2718 iu
1054 2663 1129 2737 ligno
1153 2664 1293 2722 adstitere
1315 2666 1441 2724 innoxias
1459 2684 1557 2725 manus
1576 2667 1699 2725 Christus
1712 2678 1811 2727 exten·

157 2755 235 2814 Tunc
264 2755 348 2826 euim,
378 2763 510 2831 quantum
538 2756 573 2813 ad
601 2755 672 2827 illos,
706 2758 880 2815 obliviscetur
907 2758 958 2814 mi·
1011 2751 1060 2817 dit.
1090 2755 1113 2807 Α
1139 2753 1228 2824 prim⁰
1249 2754 1360 2811 immine
1389 2756 1459 2814 inte
1482 2757 1601 2824 manavit
1628 2759 1735 2816 mande
1758 2774 1812 2835 qua

158 2845 245 2902 ,ninii
273 2845 360 2902 unns,
390 2844 485 2902 veniet
512 2845 540 2901 in
559 2845 601 2901 inn
624 2853 652 2903 ni
675 2845 872 2922 indignatione,
896 2856 957 2902 nnn.
1011 2840 1169 2913 inquinatus
1184 2859 1215 2907 es
1232 2861 1239 2899 :
1255 2859 1271 2899 a
1290 2843 1390 2900 Christi
1404 2845 1498 2904 laetere
1512 2861 1650 2923 aquaque
1664 2848 1811 2907 mundatus

159 2949 240 3009 quam
268 2933 446 3006 furibundus3
472 2935 533 3004 sed,
558 2949 575 2992 o
598 2934 724 3005 Domine,
750 2953 785 2993 ne
813 2937 841 2992 in
864 2937 958 2994 lurore
1012 2946 1052 2987 cs.
1077 2931 1154 2987 Nune
1180 2932 1239 2987 tam
1266 2933 1424 3006 inquinatus
1446 2935 1557 3009 propria
1584 2936 1675 3012 culpa,
1699 2937 1812 3012 propria

158 3030 205 3079 tuo
229 3038 329 3096 arguas
353 3040 408 3079 mc.
433 3023 498 3080 llaec
517 3023 599 3080 modo
622 3039 676 3080 uon
702 3035 757 3080 tarn
781 3024 815 3081 de
840 3041 959 3097 praesnn.
1011 3018 1188 3076 nibilominus
1215 3037 1286 3095 aqua
1308 3022 1495 3095 mundaberis,
1522 3024 1557 3082 ab
1588 3024 1649 3088 illo⁸
1666 3034 1760 3084 tamen
1783 3035 1812 3085 et

158 3111 231 3168 tibus
245 3110 356 3183 nuptiis,
372 3127 454 3185 quam
467 3127 519 3185 pro
534 3129 630 3168 earum
646 3113 791 3170 occasione
805 3113 859 3169 siut
873 3114 955 3171 dicta.
1011 3126 1061 3182 per
1075 3111 1163 3180 ilium,
1179 3112 1226 3185 qui
1239 3112 1313 3169 solus
1328 3119 1370 3170 est
1386 3114 1580 3189 purgationem
1593 3114 1697 3173 iaciens
1709 3131 1809 3189 pecca·

194 3204 218 3256 t.
242 3202 302 3256 tam
330 3216 396 3257 vero
419 3217 568 3274 sequamur
598 3218 651 3256 una
674 3217 737 3258 curn
760 3203 900 3276 discipulis
922 3203 957 3258 ad
974 3236 997 3315 c
1012 3207 1113 3257 torum.

157 3289 267 3362 nuptias
281 3296 393 3345 euntem
411 3289 567 3360 Dominum,
587 3296 626 3358 ut,
642 3289 766 3347 videntes
785 3293 857 3364 quod
872 3292 958 3349 iactu·
1047 3290 1073 3347 t.
1091 3289 1179 3346 Prima
1193 3305 1262 3364 ergo
1284 3290 1382 3363 hydria
1396 3298 1424 3348 et
1444 3291 1531 3364 prima
1549 3293 1677 3368 purgatio
1690 3292 1718 3350 in
1731 3308 1810 3351 com·

158 3394 206 3434 rus
219 3386 271 3445 est,
287 3377 391 3450 pariter
405 3377 550 3434 credamus
564 3393 627 3435 cum
641 3378 703 3435 illis.
716 3381 868 3450 Deficiente
881 3384 955 3449 cino,
1011 3377 1158 3450 punctione
1170 3380 1322 3454 caedeque
1332 3379 1449 3454 legimus
1459 3382 1811 3459 quoniam,ireqttacumqec

158 3466 236 3523 dicit
251 3466 339 3522 ltetcr
353 3465 419 3522 teau
429 3467 465 3522 cd
474 3483 541 3524 eum
554 3487 564 3525 .·
577 3468 677 3525 Virtam
687 3486 745 3527 aon
755 3468 868 3527 habetet.
880 3471 958 3527 Com·
1012 3467 1262 3539 torainpemaen't
1271 3472 1543 3541 manutenementum
1553 3472 1739 3545 minuitatem
1749 3474 1811 3545 ejus
1856 3517 1858 3524 .

157 3569 239 3629 passa
254 3563 297 3610 est
312 3553 386 3611 euim
401 3570 496 3611 corum
510 3554 694 3625 verecundia,
706 3556 775 3614 sicut
789 3558 956 3629 misericors,
1012 3572 1069 3612 aen
1081 3558 1247 3615 recordabor
1256 3558 1366 3627 lineet.
1379 3573 1459 3628 xvur,
1471 3563 1514 3626 et,
1527 3559 1582 3631 aa).
1591 3558 1717 3616 Secunda
1731 3575 1810 3630 vcro,

157 3643 229 3700 sicut
241 3642 452 3717 benignissima.
468 3641 538 3712 Quid
560 3645 596 3701 de
609 3645 684 3702 tonte
698 3645 806 3718 pietatis
825 3647 958 3719 procede·
1012 3643 1148 3702 consessio
1167 3653 1219 3701 est.
1244 3645 1343 3703 Omnia
1366 3646 1501 3719 siquidem
1523 3648 1550 3703 in
1575 3648 1748 3708 confessione
1766 3650 1811 3705 la-

157 3741 210 3801 ret,
228 3732 281 3787 uisi
295 3732 408 3804 pietas‘t
424 3733 504 3803 Quid,
526 3733 645 3807 inquam,
662 3735 771 3804 mirum,
786 3734 810 3791 si
828 3736 958 3808 pietatem
1012 3733 1237 3801 nantuacensis,
1257 3735 1494 3807 eleemosynarum
1510 3736 1629 3811 largitio.
1650 3738 1719 3796 ltine
1737 3739 1809 3795 enirn

159 3820 289 3878 exhibent
316 3821 423 3877 viscera
448 3822 578 3894 pietatis?
601 3824 698 3881 Norme
722 3824 768 3898 qui
794 3840 906 3898 pomum
929 3826 958 3881 in
1012 3819 1097 3877 habes
1112 3821 1140 3876 in
1153 3822 1307 3898 Evangelio
1320 3841 1325 3881 :
1340 3824 1676 3900 betcetecmocyacm,et
1685 3843 1812 3886 titivm·

158 3902 243 3966 mauu
256 3925 306 3965 sua
330 3910 448 3966 tenuerit
465 3910 577 3966 dimidia
600 3912 654 3983 die,
673 3913 788 3987 reliquia
810 3914 865 3970 diei
880 3923 958 3987 parte
1011 3913 1063 3967 nie
1081 3912 1191 3968 munde
1204 3916 1273 3968 sunt
1289 3912 1362 3970 cobis
1376 3913 1453 3987 (tac.
1467 3930 1504 3985 xx,
1514 3914 1569 3988 tt),
1582 3915 1694 3987 Quarta,
1709 3917 1811 3974 remis-

158 3998 232 4074 pomi
246 3998 367 4056 servabit
384 4000 518 4056 odorem?
537 4001 674 4073 Quantum
697 4003 781 4076 igitur
795 4003 900 4061 viscera
913 4004 958 4060 ilia
1012 3999 1052 4056 sio
1066 3996 1240 4071 iniuriarum,
1251 4001 1400 4057 seeundum
1412 4003 1486 4078 quod
1495 4011 1606 4061 orantes
1616 4005 1731 4062 dicimus
1743 4024 1750 4061 :
1762 4007 1812 4063 Di·

158 4086 244 4145 virtus
267 4087 376 4160 pictatis
391 4088 492 4158 allecit,
518 4089 546 4144 in
569 4091 668 4162 quihus
692 4107 790 4149 novem
818 4093 958 4150 mensibus
1011 4089 1096 4144 mitte
1111 4090 1190 4148 noti-5
1209 4089 1300 4147 debita
1315 4093 1621 4160 contrementes
1636 4094 1812 4153 dimittimus

159 4176 314 4250 requievit?
338 4177 407 4239 Narn
435 4186 463 4233 et
487 4185 550 4235 autc
574 4186 694 4235 mentem
724 4180 847 4252 replevit,
877 4199 958 4255 quarn
1013 4177 1181 4235 debitoribus
1196 4174 1812 4255 pertextttatrtnnte).Qutuuestantetie

159 4274 298 4334 ventrem;
315 4274 418 4324 etcum
433 4267 568 4338 processit
587 4283 620 4323 ex
643 4277 732 4340 utero,
749 4270 784 4325 ah
799 4271 889 4327 animo
904 4287 958 4328 uou
1013 4267 1150 4338 corperis;
1166 4266 1239 4323 unde
1260 4276 1287 4323 et
1306 4282 1426 4338 oramus,
1442 4277 1471 4325 ut
1490 4271 1586 4326 mundi
1603 4287 1654 4344 per
1666 4262 1811 4329 abstinen-

159 4355 284 4413 recessit.
306 4355 406 4412 Durior
430 4356 546 4412 tortasse
561 4365 588 4413 et
611 4358 744 4415 austerior
767 4359 853 4433 videri
866 4368 959 4433 posset
1012 4354 1089 4422 tiam,
1116 4355 1174 4413 Dec
1203 4372 1333 4413 canamus
1360 4358 1473 4431 gloriam
1503 4359 1615 4432 (hymn.
1642 4359 1747 4418 Ecclcs.
1777 4362 1813 4417 ad

159 4444 302 4518 responsio
315 4444 422 4501 Domini
439 4463 445 4500 :
463 4445 513 4501 sed
526 4453 639 4503 noverat
657 4445 702 4503 ille
717 4448 761 4504 cui
782 4449 958 4522 loqueretur;
1012 4443 1108 4516 Prim.)
1137 4444 1220 4502 Sexta
1248 4453 1290 4502 est
1313 4446 1469 4503 obedientia
1495 4455 1706 4521 preceptorum,
1741 4449 1813 4506 sicut

160 4542 187 4594 et
211 4532 272 4608 quis
295 4533 451 4608 loqueretur
475 4533 522 4589 rlla
536 4550 590 4592 nou
615 4535 767 4608 ignorabat.
789 4537 915 4610 Denique
929 4546 959 4594 ut
1013 4533 1158 4588 audierunt
1176 4533 1301 4607 discipuli
1317 4535 1402 4608 (quod
1417 4537 1520 4592 utinam
1535 4536 1629 4593 audire
1658 4544 1813 4595 mereamur

160 4624 232 4680 scias
258 4624 396 4697 quomodo
429 4639 592 4695 responsum
619 4624 709 4697 ipsum
736 4627 883 4699 acceperit,
913 4637 958 4684 aut
1014 4629 1041 4677 et
1055 4620 1150 4694 nosti:
1172 4625 1219 4680 Vos
1235 4625 1334 4680 mundi
1347 4627 1813 4701 ettsprepterre‘rmenemqeem

161 4721 293 4787 quantum
302 4713 337 4769 de
352 4712 411 4768 Filii
424 4712 594 4787 benignitate
607 4715 812 4785 praesumpserit
822 4716 859 4771 ait
873 4715 960 4774 ΒΜ
1016 4711 1125 4769 locatas
1140 4728 1205 4768 sam
1220 4712 1293 4769 votis
1308 4712 1403 4782 (toan.
1417 4731 1464 4785 xv,
1480 4714 1518 4786 3).
1529 4714 1663 4771 Nimirum
1675 4715 1740 4790 quia
1757 4732 1813 4772 uon

161 4803 292 4860 ministris
308 4818 314 4857 ε
335 4804 521 4876 Quacumque
541 4805 707 4878 preceperit
726 4806 813 4873 cotis,
838 4802 956 4873 serente,
1014 4811 1092 4858 eraut
1106 4799 1176 4856 sieut
1190 4799 1217 4855 hi
1232 4801 1330 4874 quibus
1344 4801 1452 4874 dieitur,
1465 4804 1561 4862 Serme
1571 4821 1649 4863 meas
1664 4823 1721 4864 aon
1735 4805 1813 4881 cepit

160 4896 189 4949 et
201 4894 300 4962 [acite.
1013 4893 1045 4946 ia
1060 4890 1132 4948 votis
1147 4890 1200 4962 ild.
1220 4905 1282 4966 vrit,
1298 4893 1360 4962 37);
1377 4892 1426 4949 sed
1441 4893 1469 4949 in
1483 4893 1576 4949 auditu
1588 4892 1669 4950 verbi
1681 4892 1812 4951 ohsudie·

195 4982 223 5036 t.
244 4982 333 5037 litarat
347 4987 446 5039 cutem
462 4981 502 5039 ibi
521 4981 639 5055 lapidee
654 4981 762 5056 tpdtx'te
781 5001 833 5042 sea
844 4987 956 5058 posite,
1014 4985 1074 5033 rasit
1094 4976 1129 5033 ei.
1155 4978 1203 5033 llae
1216 4986 1279 5034 sunt
1293 4997 1342 5037 sex
1364 4979 1468 5054 hydriae
1482 4981 1578 5054 positae
1596 4981 1623 5038 iu
1642 4980 1812 5056 purificatio-

161 5068 216 5124 llas
240 5081 313 5124 nuuc
341 5070 451 5140 hydrias
477 5071 653 5142 purificandis
681 5071 754 5129 veris
779 5073 880 5130 ludaeis
905 5091 958 5132 non
1014 5062 1075 5124 hcm
1090 5076 1221 5138 nostram,
1246 5086 1307 5143 quac
1321 5085 1414 5128 vacuae
1432 5079 1495 5126 sunt
1519 5079 1546 5128 et
1566 5071 1657 5147 pleuae
1681 5080 1772 5142 vento,
1789 5074 1812 5129 si

160 5157 261 5225 littera,
276 5154 326 5212 scd
346 5157 452 5228 spiritu,
469 5175 584 5216 necesse
601 5160 734 5217 habemus
751 5177 901 5234 apponere,
917 5163 958 5217 vel
1013 5173 1063 5230 pro
1084 5157 1157 5231 inani
1184 5158 1272 5232 gloria
1291 5160 1479 5217 observantur.
1514 5162 1591 5234 Aqua
1618 5155 1768 5234 replentur,
1788 5164 1811 5218 si

161 5247 249 5320 magis
271 5246 409 5319 appositas
433 5246 632 5305 demonstrare.
653 5248 721 5319 Quia
746 5251 819 5306 euim
837 5250 958 5307 noudum
1015 5247 1112 5304 timore
1133 5247 1183 5310 Dei
1206 5247 1404 5319 custodiantur,
1435 5249 1564 5321 quoniam
1594 5251 1678 5307 timor
1703 5247 1812 5309 Domini

162 5336 286 5406 pervenit
317 5335 439 5394 Ecclesia
475 5336 510 5392 ad
542 5339 692 5409 perlectam
729 5337 957 5411 purificationem,
1015 5337 1076 5393 loun
1099 5336 1169 5394 vitas.
1195 5337 1282 5412 Aqua,
1306 5335 1427 5410 iuquam,
1449 5336 1530 5396 timor
1554 5338 1661 5396 Domini
1685 5343 1737 5410 est',
1761 5341 1812 5397 etsi

164 5424 274 5494 quaudo
286 5422 348 5482 earn
370 5424 423 5481 sihi
438 5424 560 5481 Christus
575 5426 714 5482 exhibebit
727 5426 890 5500 gloriosam,
905 5442 960 5483 nnn
1014 5425 1105 5482 minna
1135 5425 1239 5497 sapida,
1273 5424 1321 5481 sed
1354 5427 1455 5499 optime
1488 5428 1657 5501 refrigerans
1693 5430 1812 5487 animam

162 5513 309 5577 tabentem
333 5515 468 5572 maculam
492 5530 583 5589 neque
598 5531 704 5589 nigann
720 5525 767 5571 aut
789 5515 890 5588 aliquid
912 5517 962 5574 hu·
1015 5514 1103 5571 noxiis
1116 5513 1260 5573 desideriis
1283 5522 1453 5574 aestuantem.
1479 5520 1557 5590 aqua
1580 5526 1631 5588 ast,
1648 5535 1709 5592 qua
1722 5519 1813 5590 iacula
