3734 5948
54 259 120 327 833
608 208 612 216 Ι
656 252 660 259 ’
694 259 867 323 suttttoltlls
884 260 928 322 ΒΕ
942 260 1103 323 bllltsts.
1664 261 1719 324 ddi

53 380 863 464 Mt,decoreminduitnodur'tDominussortrtatdlocm
882 403 906 482 x
922 403 982 445 rum
996 402 1078 458 opere
1097 402 1157 456 suo,
1173 396 1298 445 neutnam
1318 387 1448 460 deinceps
1468 389 1504 444 sit
1520 387 1651 446 tacturus.
1667 387 1720 445 lle

57 480 155 552 (Prot.
177 494 249 546 suu,
266 479 304 550 l).
319 480 449 536 Decorem
463 494 530 536 sane
554 479 581 536 in
595 494 709 550 corpore
721 477 864 548 claritatis,
923 486 985 534 stra
1012 477 1174 534 infirmitatis
1187 477 1259 534 istud
1292 484 1344 547 est,
1360 492 1477 550 quorum
1499 477 1590 534 adbuc
1602 477 1636 533 in'
1652 477 1721 533 mari

58 567 336 626 multudinenrero
349 568 376 622 in
392 568 591 642 impertubabili
606 578 678 626 statu
692 568 802 625 ruentia.
818 568 868 624 De·
923 578 1026 637 sagana
1046 565 1168 634 trabitur,
1184 574 1212 622 et
1236 581 1270 622 ex
1294 565 1369 623 omni
1393 580 1492 636 genero
1517 564 1632 638 piscium
1651 576 1721 622 'oon-

55 658 257 731 'aiquatra'stis
269 658 549 730 cst,inquit,onimo
563 657 868 730 mcousqucodmor·
923 661 1030 725 gregat.
1058 655 1124 710 nihil
1155 655 1267 712 omnino
1290 656 1460 713 discernens.
1490 654 1539 710 llle
1563 653 1647 724 enirn,
1670 668 1720 710 nec

55 752 121 806 tem
133 747 245 820 (Hortis.
262 761 342 813 xxvi,
358 747 414 817 38).
433 747 510 803 Unde
531 755 558 802 et
572 746 704 802 inclinans
718 754 809 819 caput,
824 744 867 801 di·
921 743 1001 798 m0d0
1018 743 1072 808 ille.
1085 745 1132 800 ted
1148 755 1175 801 el
1191 744 1316 816 aposloli.
1329 754 1355 800 θῑ
1368 744 1459 801 coeleri
1473 743 1519 817 qui
1533 758 1595 800 ⁰⁸¹⁰
1609 757 1642 798 ⁶⁰
1656 748 1720 799 ⁹⁰⁰⁸

61 835 103 893 nit
124 853 131 892 :
151 838 385 894 consummatum
404 839 447 892 cst
470 837 564 904 (loon.
587 851 650 898 ιιι,
667 834 731 906 30);
746 850 781 890 ne
801 833 867 907 quid
921 831 1017 899 aenou,
1052 832 1085 888 ad
1116 833 1189 889 littus
1216 833 1309 905 utiquo
1337 841 1529 903 pervenerunt,
1554 847 1605 888 nec
1624 831 1719 888 mistos
1811 855 1827 873 =

56 925 192 998 deinceps
206 924 368 982 infirmitatis
387 925 414 981 in
429 941 462 981 eo
475 925 556 981 liceat
569 924 712 997 suspicari.
922 920 1009 990 pisces
1027 922 1054 976 in
1075 925 1146 978 rasis
1169 938 1293 992 posuere,
1315 922 1361 978 sed
1383 923 1488 980 electus
1510 929 1537 977 et
1551 922 1639 977 bonos
1655 927 1717 975 tan-

56 1017 71 1053 i³
98 1017 128 1071 s.-
147 1014 202 1071 Sod
218 1015 254 1071 nit
268 1015 319 1070 iste
335 1033 341 1072 ς
361 1034 374 1064 a
390 1013 419 1071 Si
434 1014 583 1085 Apostolus
592 1013 678 1084 ipsius
692 1014 766 1086 luget
780 1028 867 1086 qnos-
921 1014 978 1064 tum
995 1028 1001 1065 :
1018 1027 1079 1066 nam
1090 1011 1174 1066 malos
1189 1012 1283 1081 utique
1298 1012 1371 1068 lorus
1383 1013 1516 1069 miserunt
1528 1009 1637 1081 (Multo.
1652 1024 1716 1077 xru,

64 1103 129 1159 darn
154 1102 203 1176 qui
224 1109 287 1158 ante
308 1110 501 1174 peecaverunt,
521 1117 571 1158 uec
596 1101 782 1174 poenitentiam
801 1117 869 1174 ege·
922 1102 966 1170 li,
982 1100 1039 1168 ta),
1054 1098 1176 1168 Quantos
1198 1117 1250 1173 ego
1264 1101 1369 1156 interim
1393 1115 1476 1173 cogor
1502 1101 1608 1156 trabere
1631 1100 1718 1155 malos

63 1192 227 1248 notioris
244 1190 784 1265 liboquegesserunrttlcomn,
800 1193 865 1260 2¹)ss
922 1187 1019 1258 pisces,
1036 1191 1303 1262 quantosanxioset
1332 1189 1461 1246 molestos
1490 1191 1561 1245 intra
1588 1204 1717 1261 sagenam

55 1276 232 1353 quiddicam
249 1279 283 1334 dc
307 1279 376 1349 ipso,
397 1279 443 1351 qui
460 1280 542 1336 Filius
564 1278 865 1337 diciturclraritatisis
921 1291 1006 1333 meam
1035 1280 1209 1349 congregari,
1243 1281 1354 1352 quando
1382 1280 1459 1336 robis
1486 1279 1599 1335 adbaesit
1629 1277 1719 1333 anima

56 1368 95 1424 itt
107 1367 229 1426 deinde:
249 1388 261 1419 a
285 1368 352 1424 Cum
371 1383 437 1440 ergo
452 1384 512 1439 quae
533 1378 623 1425 nostra
642 1375 705 1423 sunt
719 1368 865 1441 quesierit,
922 1364 996 1422 meal
1014 1368 1195 1442 congratulor
1216 1368 1439 1440 proficientibus3
1458 1369 1581 1436 jucunda
1599 1365 1717 1436 allectio,

56 1467 136 1513 nnnc
147 1457 207 1527 iam
220 1472 270 1514 nos
291 1472 345 1512 non
365 1459 472 1529 quaerit,
487 1473 538 1514 neo
557 1472 619 1528 quar
634 1466 727 1513 nostra
744 1467 806 1512 suut
820 1471 866 1514 co·
920 1454 1063 1515 bonusest
1080 1456 1170 1528 piscis.
1199 1459 1337 1517 condoleo
1360 1457 1561 1523 defluentibus,
1588 1456 1640 1512 beo
1654 1471 1716 1511 oum

57 1546 140 1623 girat,
164 1561 215 1603 noc
240 1546 275 1602 de
295 1547 433 1602 erroribus
456 1546 554 1603 nostris
582 1554 686 1613 rnoeret,
710 1562 759 1602 nec
778 1546 866 1618 perdi·
920 1542 1055 1612 bentibus,
1072 1561 1159 1616 angor
1184 1563 1232 1618 pro
1260 1547 1483 1620 periclitantibus,
1505 1544 1627 1601 infirmor
1652 1559 1716 1600 oum

52 1635 149 1691 tiones
163 1641 270 1692 nostras
283 1634 363 1691 dellet
381 1646 408 1691 et
431 1635 616 1700 contritiones,
631 1634 677 1708 qui
695 1633 770 1690 llerit
782 1649 865 1707 super
922 1630 1127 1707 infirmantibus,
1144 1651 1208 1691 uror
1221 1653 1282 1692 cum
1310 1635 1505 1692 scandalizatis.
1535 1633 1633 1690 Goaria
1654 1639 1718 1689 aunt

59 1724 238 1780 Jerusalem?
252 1723 332 1798 (Luc.
347 1738 410 1796 arx,
424 1725 482 1795 ll.)
499 1725 587 1782 ltem:
606 1745 619 1775 a
635 1725 751 1790 Nunc»
768 1724 866 1796 inquit,
884 1681 907 1759 Β
924 1719 982 1777 baec
1008 1731 1036 1776 et
1050 1725 1155 1791 acerba,
1177 1725 1269 1797 utique
1297 1725 1360 1780 mali
1388 1725 1489 1796 places.
1518 1723 1604 1781 Malos
1623 1728 1714 1778 autam

63 1813 158 1885 iquis
171 1813 324 1870 misericors
342 1820 370 1869 et
390 1815 531 1870 miserator
546 1823 588 1870 est
612 1812 751 1879 Dominus,
770 1813 866 1881 majori
922 1796 1047 1878 dixerim,
1070 1826 1121 1867 non
1147 1822 1256 1886 proptor
1270 1816 1386 1886 culpam,
1408 1815 1455 1871 sed
1471 1821 1582 1884 propter
1594 1825 1715 1883 poenam.

60 1901 172 1970 allecto,
189 1918 271 1975 quam
295 1903 434 1970 apostolus
453 1918 530 1971 suus,
545 1902 591 1957 llet
606 1917 668 1957 oum
683 1901 822 1972 bentibus,
839 1908 866 1958 et
922 1897 1011 1953 Faciat
1038 1900 1121 1967 Deus,
1141 1917 1176 1956 ne
1204 1918 1218 1956 a
1242 1901 1414 1959 multitudine
1442 1900 1573 1958 malorum
1602 1899 1717 1972 piscium

58 1991 135 2065 luget
148 2006 196 2048 eos
214 1993 261 2064 qni
275 2000 338 2047 aute
354 2000 541 2062 peccauerunt.
559 1992 615 2047 Nec
629 1990 700 2046 enim
718 1992 866 2062 putandum
920 1986 1068 2045 obruamur
1104 1990 1325 2062 pusillanimitate
1357 1990 1469 2061 spiritus
1500 2001 1527 2047 et
1540 1997 1715 2055 tempestate,

57 2081 190 2152 estquod
213 2081 312 2136 Paulus
340 2080 432 2155 lugeat
455 2077 505 2153 pio
532 2079 719 2152 peccatoribus
743 2088 770 2135 et
792 2079 864 2150 licat,
920 2073 1007 2132 donec
1025 2080 1213 2147 perveniamus
1226 2081 1260 2135 ad
1280 2080 1363 2150 optati
1388 2079 1485 2135 littoris
1500 2079 1651 2144 stationam,
1668 2075 1716 2132 ubi

59 2169 193 2226 Dominus
211 2181 301 2226 notem
322 2186 399 2225 mous
420 2170 552 2225 obstineat
566 2185 582 2224 a
596 2169 671 2225 iloto.
688 2188 701 2221 s
723 2170 786 2226 ttaeo
801 2169 864 2241 qui·
921 2165 1006 2221 malos
1021 2182 1178 2238 separemus
1193 2177 1220 2224 et
1229 2168 1401 2225 secludamus
1418 2168 1531 2232 abonis,
1548 2174 1578 2222 ut
1591 2165 1716 2222 videlicet

58 2256 120 2313 dem
144 2260 186 2313 sie
204 2257 344 2329 accipere,
360 2257 454 2330 quidni
469 2259 557 2315 adbuc
571 2258 697 2314 dilectum
717 2257 744 2312 in
767 2257 865 2314 lectulo
919 2252 1063 2311 decaetero
1078 2272 1126 2312 uec
1146 2257 1244 2327 luctus,
1259 2273 1308 2314 nec
1324 2258 1438 2328 clamor,
1450 2257 1499 2314 sed
1513 2272 1563 2314 neo
1573 2256 1648 2312 ullus
1664 2254 1716 2310 do·

62 2360 188 2418 quarere
214 2346 324 2404 dicam?
348 2347 437 2404 Nescit
462 2357 585 2404 mortuus
614 2355 689 2403 entra
713 2345 863 2416 tumulum,
920 2341 971 2407 lor,
985 2352 1032 2399 aut
1052 2346 1131 2402 etiam
1146 2346 1226 2405 tirnor
1244 2346 1281 2404 sit
1294 2347 1321 2403 in
1337 2346 1435 2404 linibus
1450 2347 1560 2413 nostris,
1584 2345 1632 2402 sed
1646 2359 1714 2418 gra·

62 2435 152 2491 nescit
165 2433 290 2492 infirmus
312 2445 388 2493 entra
404 2436 515 2504 lectum,
532 2434 622 2492 nescit
643 2435 773 2506 parvulus
788 2442 865 2491 extra
919 2431 1016 2489 tiamm
1030 2434 1112 2502 actio,
1127 2443 1154 2492 et
1168 2451 1222 2492 vox
1241 2436 1439 2494 exsultationis.

64 2522 197 2580 lectulum
209 2541 329 2597 quaerere
339 2540 417 2597 quem
429 2523 518 2597 diligit
526 2525 616 2580 anima
625 2539 684 2581 sua.
695 2524 794 2581 Varum
805 2524 863 2590 ille,
1184 2542 1300 2601 sgpx0
1328 2543 1445 2600 xxxv,

64 2619 96 2668 ¹¹¹
118 2628 201 2682 ⁸1¹9OE
216 2612 396 2682 memmimus,
413 2629 468 2669 ⁰0¹¹
482 2613 571 2669 mim
590 2613 690 2683 wider
705 2628 788 2686 (luam
803 2628 865 2670 00l·
919 2631 958 2686 Dc
971 2632 1063 2688 tribus
1072 2632 1214 2692 ordinibus
1229 2635 1367 2699 dasburc,
1379 2635 1416 2691 od
1429 2636 1527 2707 putres
1544 2634 1576 2690 in
1590 2633 1716 2708 capitulo

66 2716 134 2771 pore
146 2701 313 2774 glorificatus
327 2703 393 2773 (imo
412 2709 484 2758 tanto
497 2701 623 2772 amplius,
634 2710 732 2774 quanto
751 2701 865 2773 amplior
1212 2705 1325 2763 babitus
1339 2705 1416 2776 (97').

65 2789 166 2854 amma.
182 2797 210 2846 ct
224 2791 317 2865 gloriae
329 2792 454 2862 rapacior
471 2799 511 2848 eat
525 2807 606 2861 quana
621 2790 707 2861 caro),
724 2790 792 2846 sicut
809 2806 864 2847 non
955 2795 980 2847 l.
997 2792 1055 2848 lloc
1067 2808 1142 2850 maro
1152 2807 1278 2866 magnum
1293 2803 1320 2851 et
1330 2795 1480 2867 spatiosum
1499 2795 1538 2868 (in
1553 2807 1608 2867 quo
1622 2793 1716 2866 utiqua

64 2886 154 2950 potest
178 2880 314 2955 negligere
342 2895 415 2942 suos.
431 2879 471 2934 sic
494 2895 542 2935 nec
557 2879 651 2952 lugere
675 2895 723 2950 pro
745 2880 793 2935 eis.
811 2880 864 2936 Sed
917 2887 1076 2936 certumest
1091 2881 1242 2939 uibilaliud
1256 2900 1339 2955 quarn
1354 2900 1476 2956 presens
1493 2882 1620 2940 saeculum
1635 2897 1713 2937 ama·

64 2968 174 3038 quando
195 2968 314 3024 bumana
336 2968 466 3039 fragilitas
488 2968 642 3039 huiusmodi
669 2983 764 3039 capere
783 2969 867 3039 possit
882 2961 904 3040 Β
921 2984 979 3024 rum
1007 2969 1142 3026 llucluaos
1169 2971 1320 3045 designari)
1335 2974 1421 3031 tribus
1438 2972 1582 3028 hominum
1601 2967 1714 3028 ΗΜ

54 3055 203 3122 allectum,
220 3057 266 3130 qui
281 3058 340 3113 sine
354 3057 461 3113 miseria
476 3057 645 3125 misereatur,
661 3067 688 3114 et
709 3056 749 3114 sic
763 3057 865 3129 diligat,
920 3057 1066 3129 generibus
1080 3073 1131 3113 suo
1146 3059 1245 3132 cuique
1266 3062 1348 3118 modo
1375 3062 1498 3132 peruium
1513 3069 1561 3126 est,
1578 3070 1609 3116 ut
1624 3069 1715 3116 trans·

63 3153 92 3200 et
104 3146 279 3202 vehementer
293 3145 387 3219 diligat
402 3162 463 3202 eum
476 3146 523 3220 qui
541 3147 623 3212 dolet,
638 3158 685 3202 aut
698 3146 743 3216 qui
758 3146 866 3218 pericli·
920 3155 983 3200 eant
1006 3145 1121 3202 liberati.
1135 3133 1204 3205 'ires
1226 3149 1300 3205 enim
1318 3159 1382 3206 aunt
1396 3151 1465 3215 Noe,
1493 3147 1589 3206 Daniel
1616 3155 1644 3204 et
1663 3147 1716 3205 lob

66 3239 148 3299 tatur,
158 3242 187 3289 ut
201 3241 291 3290 tamen
302 3234 359 3305 ipse
368 3234 478 3292 omniuo
495 3252 543 3292 nec
558 3236 655 3303 doleat,
667 3250 717 3292 nec
728 3233 866 3291 turbetur?
920 3234 1030 3305 (Eacclr.
1059 3250 1119 3301 xlv,
1135 3235 1180 3308 tt)
1195 3253 1202 3294 :
1219 3253 1335 3311 quorum
1362 3238 1554 3311 primusnari,
1583 3237 1716 3295 secundus

66 3322 259 3379 Verumtamen
282 3324 333 3379 etsi
348 3325 372 3378 id
391 3323 473 3396 longe
491 3339 576 3395 supra
590 3331 708 3380 nostram
721 3323 865 3394 experion-
920 3333 1013 3393 ponte,
1039 3324 1132 3380 tertius
1157 3325 1227 3385 vado
1250 3328 1357 3385 transit.
1387 3330 1470 3385 Porro
1495 3335 1552 3384 tres
1579 3326 1713 3394 bomines,

65 3411 134 3467 tiam
149 3420 200 3477 est,
213 3412 268 3468 Deo
283 3421 372 3468 tamen
386 3412 451 3468 nibil
461 3411 633 3485 impossibile
646 3420 697 3468 est.
714 3413 803 3469 Potest
820 3413 868 3486 igi·
920 3419 976 3468 tres
996 3412 1107 3471 ordines
1134 3415 1267 3475 Ecclesia
1281 3417 1400 3492 signant.
1415 3420 1474 3476 Noe
1494 3418 1605 3492 quidem
1627 3428 1716 3473 arcam

67 3505 112 3554 tur
128 3514 180 3556 non
194 3501 277 3557 modo
291 3501 352 3569 sibi,
368 3502 416 3558 sed
430 3512 456 3558 et
478 3500 535 3556 suis
549 3501 690 3568 omnibns,
705 3517 773 3573 quos
788 3499 867 3558 iufir-
922 3501 993 3557 rexit
1009 3517 1043 3558 ne
1070 3505 1172 3576 periret
1186 3505 1211 3562 in
1239 3506 1352 3575 diluvio,
1369 3508 1415 3564 ubi
1442 3507 1567 3578 protinus
1582 3516 1716 3564 rectorum

64 3587 160 3644 mirate
180 3590 267 3645 carnis
286 3598 380 3647 exutos
400 3590 499 3648 virtute
524 3589 621 3658 induit,
637 3599 665 3647 et
688 3589 715 3644 in
735 3589 868 3662 potentias
920 3591 1051 3648 Ecclesiae
1064 3591 1177 3649 formam
1190 3610 1307 3669 agnosco
1324 3614 1331 3652 :
1349 3596 1444 3652 Daniel
1455 3595 1497 3652 vir
1514 3595 1714 3652 desideriorum

66 3675 225 3747 introduxit,
241 3693 301 3735 eam
325 3678 449 3736 conferre
469 3677 654 3746 dilectionem,
668 3693 730 3751 quae
750 3679 870 3752 guotrat
921 3679 1092 3738 abstinentiae
1106 3691 1133 3738 et
1147 3684 1313 3741 castimonia
1331 3684 1522 3755 deditus,ipse
1539 3683 1646 3741 estaoli
1660 3683 1717 3739 Deo

64 3782 127 3825 cum
140 3767 331 3840 gaudentibus,
346 3783 399 3823 non
414 3775 505 3823 autem
520 3768 580 3823 lleat
600 3783 664 3823 cum
683 3766 827 3835 llantibus;
841 3775 870 3825 et
921 3784 1020 3826 racana
1046 3772 1234 3844 penitentium
1259 3781 1286 3828 et
1313 3773 1510 3830 continentium
1538 3773 1605 3831 ordo
1636 3790 1643 3829 z
1664 3771 1716 3830 lob

63 3854 106 3912 sic
128 3871 175 3912 eos
193 3872 261 3930 quos
279 3865 366 3924 amat,
381 3855 569 3915 efficacissimo
594 3865 621 3912 et
644 3855 869 3914 affectuosissime
921 3874 1032 3932 qnoque
1054 3860 1231 3917 substantiam
1254 3861 1337 3933 hujus
1354 3861 1446 3918 mundi
1459 3862 1531 3919 bene
1554 3863 1716 3934 dispensans

65 3943 151 4016 uniat,
163 3956 192 4002 ut
208 3954 267 4017 ipsa
283 3958 371 4003 tamen
386 3943 619 4019 imperturbabilis
629 3953 796 4018 perseveret.
811 3945 870 4004 Nec
922 3946 948 4001 in
963 3948 1102 4022 coniugio,
1111 3949 1216 4006 fidelem
1230 3950 1354 4026 designat
1368 3953 1497 4025 populum
1514 3960 1618 4010 terrena
1643 3951 1715 4010 licite

64 4033 176 4089 dubium
193 4051 259 4092 sane
283 4035 348 4109 quin
361 4036 446 4109 longe
461 4036 630 4108 praestantior
645 4034 682 4089 sit
701 4051 734 4092 ea
748 4035 867 4107 dileetio,
922 4036 1117 4108 possidentem,
1135 4040 1171 4093 De
1187 4040 1277 4111 primo
1295 4041 1378 4114 igitur
1392 4049 1420 4098 et
1432 4043 1554 4099 secundo
1569 4042 1650 4098 nobis
1664 4042 1715 4097 ba·

64 4123 292 4196 quemadmodum
320 4125 462 4194 medicina,
487 4123 511 4180 si
534 4139 594 4198 quae
618 4133 707 4181 tuneo
734 4123 868 4194 ejusmodi
922 4125 1027 4185 bandus
1041 4135 1083 4184 est
1096 4143 1197 4196 sermo,
1225 4130 1351 4201 quonism
1367 4131 1644 4189 adsuntreoerabiles
1659 4130 1717 4185 lra-

62 4220 116 4275 eat,
132 4211 275 4280 pretiosior
298 4214 390 4285 utique
402 4212 548 4285 judicatur,
565 4229 626 4285 quae
647 4212 687 4270 sic
709 4220 785 4269 curat
807 4213 867 4269 rul-
924 4223 978 4271 tres
999 4223 1026 4272 et
1050 4219 1196 4276 coabbates
1214 4219 1298 4277 nostri
1327 4220 1359 4276 de
1384 4233 1496 4276 numero
1519 4218 1716 4291 proelalomm3

65 4315 142 4367 nera,
158 4306 188 4355 ut
211 4299 281 4354 inter
298 4302 446 4358 curandum
467 4318 517 4360 uec
535 4302 619 4360 virtus
636 4303 697 4373 eius
715 4301 741 4357 in
766 4301 865 4375 aliquo,
923 4304 1020 4361 adsunt
1033 4315 1060 4362 et
1088 4309 1211 4364 monachi
1238 4309 1273 4365 de
1293 4309 1481 4381 paenitentiam
1496 4307 1614 4363 ordine:
1636 4320 1719 4380 aquo

67 4405 119 4445 nec
142 4388 462 4458 roconismontem
484 4407 566 4465 quam
591 4407 625 4448 ea
642 4407 702 4463 quae
725 4390 865 4459 siceurat,
922 4402 1010 4449 tamen
1025 4411 1076 4452 nec
1100 4411 1150 4452 nos
1164 4398 1272 4454 abbates
1296 4397 1400 4453 alienos
1424 4406 1548 4467 reputare
1574 4394 1716 4466 debemus,

67 4487 97 4534 ut
110 4477 229 4536 curando
247 4477 366 4548 deficiat,
382 4488 412 4535 ut
434 4491 632 4553 corrumpatur.
647 4480 721 4538 Licet
738 4495 803 4554 ergo
818 4480 867 4537 lle·
922 4481 975 4537 nisi
1003 4483 1081 4550 lune,
1097 4487 1171 4557 quod
1190 4486 1272 4541 absit!
1288 4484 1369 4541 officii
1386 4486 1469 4542 nostri
1494 4483 1593 4559 gratia,
1618 4491 1718 4541 nostra

66 4568 137 4625 verit
150 4567 281 4624 Dominus
295 4585 377 4643 super
400 4569 562 4642 Jerusalem,
576 4585 609 4628 ex
624 4563 676 4628 boo
687 4571 744 4640 jam
758 4571 869 4629 omnino
923 4568 1054 4628 fuerimus
1081 4572 1264 4642 professionis
1288 4573 1471 4630 immemores.
1486 4573 1604 4631 Tertium
1619 4572 1713 4647 igitur,

66 4673 122 4717 non
136 4657 211 4714 llebit
226 4673 232 4713 :
248 4657 317 4715 sicut
333 4665 514 4731 mortuusest,
530 4660 579 4717 sed
589 4675 737 4732 resurgens
750 4675 783 4716 ca
798 4675 870 4717 mor-
923 4660 1131 4734 conjugatorum
1155 4661 1278 4720 videlicet
1306 4663 1444 4728 ordinem,
1472 4661 1559 4736 magis
1581 4661 1717 4720 succincte

65 4748 120 4805 tuis
143 4749 201 4819 iam
227 4765 281 4804 non
299 4748 414 4805 moritur
436 4747 528 4820 (Rom.
548 4763 588 4820 rr,
611 4751 639 4821 9)
657 4765 664 4804 :
681 4748 751 4806 sicut
769 4748 818 4805 luit
841 4748 868 4804 iu
923 4757 1087 4818 transcurro,
1097 4760 1222 4823 tanquam
1239 4751 1328 4809 minus
1340 4754 1435 4808 adnos
1455 4752 1644 4825 pertinentem.
1656 4753 1718 4823 lpse

63 4826 172 4905 ¹rotulo,
189 4836 237 4894 sed
252 4853 401 4910 exsurgens
413 4837 470 4908 jam
488 4837 515 4893 io
536 4836 635 4894 lectulo
655 4852 711 4894 non
723 4837 872 4902 invenitur,
923 4839 1017 4911 estqui
1027 4839 1143 4897 maxime
1158 4854 1231 4896 mare
1246 4856 1377 4912 magnum
1391 4840 1458 4896 rado
1472 4838 1627 4912 pertransit.
1644 4838 1719 4898 labo·

60 4929 63 4933 ’
100 4931 128 4983 6.
150 4927 235 4984 llabet
260 4931 350 4984 tumen
365 4928 444 4984 etiam
470 4941 541 4984 nunc
564 4925 736 4984 ineffabiliter
753 4929 869 4999 amplio-
923 4926 1024 4984 mosum
1044 4944 1155 5000 prorsus
1182 4936 1211 4986 et
1236 4929 1429 5002 periculosum,
1449 4929 1530 4986 etiam
1553 4935 1581 4984 et
1607 4927 1719 5002 longum

61 5033 122 5073 rem
136 5015 263 5074 allectum
277 5028 303 5073 et
325 5016 516 5082 efficaciorem,
531 5032 612 5089 quam
629 5014 745 5073 babeant
763 5016 810 5090 qui
824 5017 870 5073 lu·
923 5017 1027 5072 babens
1042 5019 1100 5088 iter,
1116 5019 1217 5092 quippe
1228 5017 1274 5092 qni
1285 5018 1361 5074 nulla
1374 5017 1423 5072 riae
1438 5017 1604 5088 compendia
1618 5027 1719 5089 captet.

63 5112 130 5180 gont
145 5121 194 5176 pro
217 5105 452 5180 delinquentibus,
471 5114 519 5162 aut
543 5120 592 5178 pro
613 5104 741 5162 fratribus
763 5115 870 5178 ponunt
924 5107 991 5162 Nam
1005 5107 1077 5178 quod
1098 5107 1284 5179 periculosum
1309 5107 1344 5163 sit
1365 5106 1424 5172 iter,
1441 5106 1468 5162 in
1482 5121 1516 5162 co
1544 5115 1629 5178 patet,
1645 5109 1719 5180 quod

47 5193 172 5252 -animas
188 5213 195 5248 ι
213 5195 337 5269 qoamms
359 5196 418 5267 ipse
432 5195 556 5268 quidem,
580 5201 768 5254 consummato
787 5197 868 5252 nimi·
924 5204 976 5251 tarn
996 5195 1095 5252 multos
1110 5195 1137 5250 in
1162 5212 1195 5252 eo
1212 5197 1301 5270 perire
1329 5195 1463 5266 dolemus,
1492 5196 1720 5268 tampaucosri-

47 5317 50 5321 ’
99 5322 172 5391 (le
186 5320 235 5378 llic
249 5338 339 5380 sermo
356 5324 381 5377 in
396 5324 491 5381 codice
505 5323 661 5381 colbertino
674 5325 784 5451 extimas
798 5330 868 5380 nota
921 5320 1039 5447 gallico,
1064 5319 1135 5374 inter
1156 5335 1301 5387 sermones
1324 5318 1357 5376 ds
1385 5319 1463 5390 Quad
1518 5320 1615 5376 esimm
1643 5319 1717 5376 Olim

64 5392 171 5447 locatur
198 5400 260 5449 ante
283 5409 435 5449 sermonem
463 5396 497 5450 de
524 5395 670 5451 Nativitate
719 5436 726 5448 .
757 5395 865 5464 llarioe;
945 5390 1074 5457 arritulum
1089 5389 1272 5447 cisterciense
1292 5391 1382 5448 idibus
1405 5401 1507 5463 septem
1530 5391 1569 5446 ris
1588 5389 1719 5448 celebrari

64 5463 93 5518 in
118 5461 203 5535 Regio
233 5473 302 5536 post,
323 5481 385 5521 cum
409 5466 459 5521 boc
489 5466 580 5534 titulo,
599 5468 696 5525 Somno
724 5466 761 5522 od
783 5467 866 5523 obbo·
922 5477 981 5519 mos
993 5472 1059 5518 erat.
1072 5462 1102 5517 lo
1123 5461 1191 5521 utro
1209 5461 1320 5522 florum
1334 5462 1433 5521 citatam
1455 5462 1498 5519 liic
1511 5478 1602 5519 sermo
1626 5461 1715 5520 iulib.

46 5540 107 5592 tas
130 5538 273 5595 sementes
296 5537 333 5593 od
357 5539 519 5611 capitatum
538 5540 678 5598 cistercii.
694 5539 724 5596 ln
746 5536 867 5597 surano
920 5540 948 5603 8,
962 5549 1022 5606 cap.
1042 5535 1088 5602 26,
1102 5535 1148 5604 dl,
1162 5541 1215 5593 etc.
1643 5556 1647 5563 ·
