3734 5948
685 113 858 180 sandonus
876 116 919 179 ilss
936 119 1100 185 blvuuslu·
1122 128 1125 135 '
1187 132 1190 137 '
1225 130 1228 136 '

449 441 781 561 sancet
844 446 1328 570 nummatam
1404 349 1405 352 ‘

640 703 786 762 Abounis
804 705 1138 768 CLdRAE-VALLENSIS

439 958 806 1078 SERMONES
871 964 959 1080 DE
1016 966 1342 1088 DIVERSIS

780 1263 999 1279 ῃ

319 1434 430 1493 1084
450 1433 565 1493 stillio
585 1437 606 1492 l.

158 1527 199 1583 De
212 1524 331 1597 sallario
345 1530 374 1583 et
388 1526 525 1584 breuitate
539 1529 606 1584 uitoe
619 1531 777 1599 praeacutis.

104 1617 130 1670 l.
154 1615 225 1670 Vera
240 1614 352 1670 omnino
375 1613 517 1683 sententia,
539 1614 647 1682 iratres,
664 1617 792 1687 qnoniam
806 1625 867 1677 tcu-

64 1705 140 1761 tatio
154 1708 196 1762 est
209 1705 268 1760 uita
292 1704 414 1760 bominis
438 1709 648 1776 superterram
667 1705 726 1775 (tob
749 1723 797 1775 vu,
814 1709 841 1778 ι)
858 1731 865 1768 ;

61 1791 196 1864 siquidem
212 1791 293 1848 fallax
307 1802 358 1859 est,
370 1808 419 1848 nec
434 1792 596 1864 simpliciter
609 1791 866 1850 lallareconsueuit·

63 1882 99 1938 Ut
114 1880 186 1936 enim
210 1880 391 1951 multipliciter
410 1881 505 1936 illudet
528 1881 695 1950 bominibus,
721 1883 835 1941 mutati
850 1915 866 1927 -

59 1971 251 2036 ciem,n1utet
275 1984 391 2027 vocem:
410 1969 492 2025 modo
514 1970 561 2039 ait,
586 1971 668 2026 modo
699 1980 789 2045 negat,
816 1987 867 2029 nec

61 2057 202 2115 erubescit
218 2076 225 2114 ι
241 2058 275 2115 de
289 2057 347 2128 ipse
375 2057 524 2131 quantitate
547 2074 597 2114 sua
619 2059 735 2115 diuersis
759 2058 867 2117 diversa

61 2146 194 2220 loquitur,
217 2145 273 2203 imo
288 2154 315 2202 et
339 2146 425 2203 eidem
454 2146 561 2203 diversa
589 2154 711 2217 tempore
732 2149 867 2205 contrarie

60 2252 174 2310 quoque
188 2236 312 2312 suggerit
325 2243 351 2292 et
366 2235 492 2294 adversa.
506 2235 586 2293 liodo
610 2237 683 2292 enim
706 2253 737 2292 se
758 2238 866 2295 brevem

60 2339 126 2381 esse
139 2335 275 2397 causetur,
290 2326 372 2381 modo
385 2325 497 2381 simulat
519 2324 684 2398 longiorem.
704 2327 773 2382 Cum
801 2341 867 2397 pec·

62 2427 127 2471 cere
142 2413 259 2470 deiectat
273 2413 371 2483 adbuc,
387 2413 471 2488 gemit
495 2413 574 2469 altius
590 2430 639 2485 pro
658 2414 788 2471 breuitate
808 2431 866 2470 sua.

61 2502 121 2559 Nec
136 2502 256 2559 brevitas
272 2500 349 2570 ialsa,
367 2503 415 2558 sed
434 2502 552 2575 gemitus
567 2500 661 2570 fallax,
680 2503 752 2575 quod
767 2502 793 2557 id
808 2518 868 2558 me·

880 1457 905 1537 q
920 1440 1028 1498 deserte
1046 1444 1148 1501 sterilia
1162 1460 1272 1519 quoque
1286 1454 1314 1505 et
1342 1449 1417 1504 arida
1435 1464 1495 1504 esee
1510 1460 1716 1521 consueverunt,

921 1535 961 1592 sic
975 1536 1128 1607 snperbiam
1143 1538 1339 1611 impoenitentie
1353 1543 1507 1600 comitatur.
1524 1543 1630 1600 Elatum
1644 1546 1718 1600 enim

919 1639 977 1691 cor,
995 1626 1092 1682 durum
1107 1634 1134 1682 et
1148 1643 1246 1700 expers
1261 1636 1303 1686 est
1318 1629 1436 1702 pictatis,
1453 1631 1578 1702 ignarum
1588 1647 1719 1703 compun-

920 1713 1027 1777 ctionis,
1040 1715 1141 1772 siccum
1156 1717 1190 1771 ab
1206 1719 1280 1773 omni
1295 1734 1356 1775 rore
1370 1719 1466 1792 gratim
1476 1720 1623 1792 spiritualis
1633 1738 1640 1790 ;
1651 1722 1720 1794 quia

920 1802 1045 1874 superbis
1069 1804 1142 1859 Dens
1161 1805 1273 1873 resistit,
1292 1808 1439 1863 humilibus
1453 1823 1518 1863 vero
1542 1809 1588 1863 tint
1606 1810 1718 1878 gratiam

921 1890 990 1957 ilua.
1003 1890 1090 1962 rud).
1105 1893 1158 1961 Qui
1172 1895 1281 1949 amittit
1290 1896 1384 1964 scates
1399 1895 1430 1948 iu
1440 1895 1624 1963 conuallibus,
1642 1899 1720 1955 iuter

919 1972 1045 2034 medium
1051 1982 1206 2046 montium,
1214 1981 1252 2035 ait
1264 1982 1628 2056 Prophetapertransiount
1637 2001 1717 2056 oquae

920 2067 1006 2137 (Psal.
1024 2083 1083 2135 ortt,
1104 2070 1160 2140 to).
1182 2070 1250 2125 ilinc
1263 2079 1304 2125 est
1318 2071 1391 2142 quod
1405 2071 1439 2128 de
1454 2089 1483 2128 se
1498 2073 1557 2144 ipso
1573 2071 1717 2130 miserebi-

919 2153 979 2210 liter
996 2171 1166 2228 conquerens
1184 2159 1238 2225 ait;
1254 2160 1361 2216 Animo
1379 2175 1443 2216 mea
1469 2161 1544 2217 sicut
1560 2165 1639 2218 tarro
1658 2163 1720 2219 sius

920 2260 995 2316 aqua
1022 2247 1073 2301 tibi
1100 2244 1188 2315 (Paul.
1213 2262 1298 2319 crura,
1319 2248 1357 2319 6).
1374 2247 1513 2321 Siquidem
1528 2265 1605 2321 aquae
1629 2250 1719 2322 inopie

920 2345 974 2388 non
988 2332 1071 2389 modo
1084 2334 1201 2406 aridum,
1231 2337 1279 2391 sed
1294 2343 1321 2391 et
1336 2337 1475 2393 sordidum
1491 2336 1566 2409 tecit,
1580 2338 1646 2394 dum
1665 2354 1720 2394 non

922 2430 962 2477 est
975 2435 1031 2492 quo
1046 2420 1165 2477 laveris:
1181 2430 1207 2478 ct
1217 2423 1366 2481 humanum
1378 2440 1427 2480 cor
1443 2425 1574 2493 lacrymas
1584 2425 1719 2493 nesciens,

922 2525 977 2563 nan
992 2509 1072 2567 modo
1086 2510 1195 2578 durum,
1206 2512 1256 2566 sed
1271 2521 1297 2568 et
1311 2514 1445 2585 impurum
1470 2530 1531 2569 esse
1547 2530 1660 2570 necesse
1670 2524 1720 2571 est.

62 2596 153 2648 moret
166 2607 229 2648 cum
247 2607 380 2660 maerore,
397 2592 470 2648 unde
487 2591 574 2664 magis
597 2599 753 2662 oportuerat
770 2600 869 2664 gratu·
887 2635 909 2714 B
926 2599 1040 2664 Lavabo,
1056 2598 1104 2668 ait,
1123 2617 1173 2670 per
1186 2601 1316 2671 stapulas
1331 2607 1425 2659 noctes
1448 2604 1550 2661 lectum
1565 2619 1671 2673 mcum,
1693 2606 1722 2659 ut

65 2679 128 2738 leri.
145 2680 284 2754 Siquidem
299 2682 401 2738 bonurn
416 2687 458 2735 est
470 2680 506 2750 ei,
522 2680 545 2735 si
560 2681 599 2735 sic
613 2676 870 2754 agerepersev'eret,
926 2689 1098 2744 conscientiae
1113 2689 1231 2745 macules
1241 2690 1351 2745 diluam.
1361 2693 1506 2767 lacrymis
1516 2693 1585 2750 metr
1597 2697 1723 2750 stratum

63 2777 93 2826 nt
107 2769 219 2844 flagitiis
241 2771 311 2841 ejus,
327 2769 424 2842 quibus
439 2769 566 2827 voluntas
585 2770 693 2825 modum
708 2785 764 2826 non
783 2771 869 2842 ponit,
925 2792 1021 2833 meum
1047 2777 1141 2850 ripato
1156 2778 1244 2850 (Psoi.
1268 2793 1305 2848 rr,
1332 2780 1372 2851 7),
1394 2795 1428 2835 ne
1448 2779 1475 2835 in
1492 2796 1535 2835 mo
1553 2796 1662 2852 quoque
1678 2780 1724 2838 tint

63 2860 108 2917 vel
124 2859 275 2916 necessitas
294 2858 372 2915 baem
389 2869 482 2932 ponat.
504 2857 622 2928 Expedit
635 2857 660 2915 ei
696 2858 742 2930 qui
764 2874 872 2931 semper
925 2867 998 2938 quod
1012 2866 1141 2936 scripturn
1157 2874 1199 2922 est
1212 2865 1359 2922 desemine
1375 2869 1448 2939 quod
1462 2867 1564 2927 occidit
1574 2885 1662 2942 supra
1676 2886 1724 2942 pe·

65 2948 194 3016 moritur,
211 2956 240 3005 ut
259 2962 375 3019 corpore
396 2947 476 3005 citius
499 2947 630 3003 moriatur
647 2964 653 3000 ι
669 2947 757 3020 magis
780 2957 872 3004 autem
927 2957 1050 3021 tremet
1062 2955 1168 3010 uatum
1182 2955 1271 3019 uruit,
1284 2957 1353 3028 quia
1366 2972 1425 3012 uon
1444 2954 1562 3013 babebat
1577 2955 1723 3015 humorem

63 3037 205 3095 sibonum
219 3047 287 3107 erat,
304 3037 327 3094 si
352 3047 432 3094 natus
452 3051 510 3121 non
533 3035 631 3093 inisset
654 3037 736 3092 bomo
760 3035 816 3092 ille.
837 3038 872 3092 Et
925 3040 1132 3112 (inauruli).

63 3127 127 3197 ipsa
150 3126 268 3198 denique
304 3125 366 3183 vitae
393 3124 522 3182 memoria
559 3123 691 3181 brevioris
725 3125 872 3181 remedium
961 3133 987 3185 3.
1002 3129 1725 3205 lirraoeruutinsollicitudiue,ininaquoso:otum

64 3217 155 3289 magis
169 3232 253 3288 quam
266 3215 428 3272 incentivum
444 3216 573 3271 debuerat
591 3229 652 3269 esse
674 3214 787 3286 peccati,
804 3213 873 3269 sieut
926 3218 1052 3276 civitatis
1063 3219 1218 3276 habitaculi
1226 3219 1724 3292 uoniuoeueruutErravernntplene

64 3305 197 3378 scriptum
213 3313 276 3362 est:
293 3305 445 3363 demorare
457 3304 610 3361 murrina
626 3306 686 3369 tua,
706 3306 734 3360 et
749 3303 781 3358 iu
790 3307 872 3359 oeter·
926 3307 954 3362 in
964 3307 1048 3374 invio,
1068 3316 1095 3366 et
1111 3322 1166 3364 nou
1183 3309 1210 3365 in
1225 3308 1278 3367 uia.
1296 3309 1391 3381 Neque
1403 3309 1475 3365 enim
1489 3309 1534 3365 ria
1544 3317 1585 3366 est
1600 3310 1652 3366 lata
1668 3310 1724 3367 uia.

66 3389 694 3469 uumuaupeaaabisfflacli.vrt,i0).Quodsi
708 3391 872 3463 usqueadeo
927 3396 1070 3454 llectitudo
1094 3397 1197 3470 quippe
1220 3397 1254 3454 ad
1278 3396 1360 3467 uiam,
1379 3398 1498 3454 laetitnoo
1522 3399 1556 3454 ud
1584 3399 1725 3471 planitiem

70 3492 167 3557 regnat
181 3483 207 3538 in
224 3492 248 3539 te
272 3492 422 3553 peccatum,
437 3482 491 3536 imo
509 3496 598 3552 usque
624 3481 693 3536 adeo
713 3479 827 3561 delectat
846 3487 873 3536 te
927 3486 1014 3562 magis
1025 3502 1103 3557 quem
1118 3488 1152 3543 ad
1180 3487 1252 3542 vinm
1280 3485 1405 3553 pertinet.
1435 3487 1558 3544 Solitudo
1573 3487 1603 3543 in
1616 3489 1661 3542 via
1674 3488 1727 3542 latn

68 3572 171 3628 servire
185 3580 306 3645 peccato,
322 3578 350 3627 ut
363 3570 458 3626 doleas
473 3569 522 3626 tibi
535 3569 673 3626 modicum
689 3578 798 3642 tempus
812 3583 874 3626 esse
926 3573 1084 3646 estvia3et
1107 3575 1154 3631 ubi
1170 3574 1244 3631 nulla
1265 3576 1375 3644 estuin,
1392 3577 1599 3632 totnmastuia.
1618 3573 1663 3630 Sic
1685 3584 1727 3630 est
1812 3571 1815 3575 ’

69 3675 125 3734 quo
145 3661 248 3717 servias
263 3662 298 3728 ei,
315 3660 363 3717 sed
390 3675 509 3732 eousque
530 3659 611 3714 letum
632 3656 723 3729 diligis
746 3657 828 3726 uiam,
846 3664 875 3714 ut
926 3664 982 3720 vita
997 3664 1215 3737 exposituvitiis,
1231 3663 1376 3718 latissimos
1391 3663 1494 3717 babens
1513 3662 1654 3718 hincinde
1670 3673 1726 3718 ter-

68 3748 233 3807 omnimodis
248 3757 336 3822 θρῑθδι
352 3748 375 3805 Si
400 3764 506 3821 postis,
523 3761 581 3804 0³¹¹]
606 3745 685 3803 ellam
703 3745 792 3802 fatere
809 3746 873 3801 101¹·
926 3753 1027 3820 minos,
1043 3751 1212 3824 quianullus
1231 3751 1362 3806 terminos
1377 3752 1493 3808 hebens.
1514 3750 1643 3808 Nectite
1661 3767 1727 3809 sane

68 3856 152 3910 gnm3
167 3838 245 3908 velis,
267 3839 350 3908 nolis,
366 3854 423 3896 uon
436 3838 518 3910 longe
533 3843 575 3893 cst
589 3833 650 3891 linis
669 3836 729 3905 eius
744 3853 752 3903 3
771 3835 819 3890 sed
835 3841 873 3903 lu,
890 3811 913 3890 e
928 3841 1042 3899 dicenda
1052 3849 1103 3906 est,
1120 3857 1174 3912 qua
1183 3839 1309 3896 nimirum
1321 3837 1479 3898 soliuiuitur
1490 3838 1727 3912 morti,.dpostolo

68 3929 166 3999 fatcor,
177 3929 262 4001 longe
276 3944 306 3985 es
320 3944 336 3983 a
351 3943 435 4000 regno
464 3925 525 3995 Dei,
541 3933 568 3982 et
583 3922 768 3980 firmissimum
796 3922 875 3994 pepi·
929 3937 1007 3999 teste,
1018 3929 1065 4000 qui
1082 3928 1136 3986 ait:
1155 3929 1226 3998 Quia
1240 3929 1267 3985 si
1280 3928 1437 3987 secuudum
1453 3944 1570 3986 caruem
1590 3929 1726 3998 viveritis,

68 4017 141 4090 85³oe
156 4015 255 4073 *ῑᾶθῐῑῦ
269 4032 330 4072 ⁰11¹ss
345 4025 432 4071 m0lit³
447 4014 741 4086 foedllttpfltfflmsslffl
757 4009 874 4078 inierim.
928 4019 1093 4078 naariamiui
1106 4018 1268 4089 (Ronmvm,
1285 4020 1350 4089 131.
1379 4016 1424 4074 Sic
1437 4033 1488 4074 neo
1520 4016 1649 4074 circuitus
1673 4017 1726 4086 uie,

71 4112 75 4118 ’
106 4114 132 4168 2.
145 4115 332 4178 duraverunt,
344 4110 380 4168 ait
390 4111 536 4182 Propheta,
546 4111 578 4167 iu
588 4107 755 4173 solitudine,
765 4108 799 4165 iu
808 4109 873 4163 iuo-
929 4115 955 4164 et
966 4116 1057 4164 tumen
1066 4107 1212 4180 impiorum
1223 4106 1327 4175 cottia,
1339 4105 1409 4162 sicut
1418 4106 1547 4176 scriptum
1558 4114 1607 4170 est,
1621 4106 1653 4161 lu
1668 4108 1727 4162 air·

69 4214 178 4275 muso:
197 4201 273 4260 mam
291 4203 417 4260 ciuitatis
442 4199 603 4258 habitaculi
624 4215 683 4255 unu
702 4199 876 4255 inuenerunt
929 4200 1011 4255 cuitu
1021 4198 1104 4269 impii
1123 4195 1371 4265 ambulautffsal.
1391 4193 1728 4263 xr,9).lpsaestspatiosa

68 4289 160 4363 (Psoi.
176 4305 232 4360 cvr,
256 4290 295 4362 l).
311 4289 433 4346 Solitudo
447 4289 506 4344 haec
528 4287 710 4361 strperborum
730 4292 788 4352 eat,
811 4284 875 4356 quia
929 4285 983 4350 via,
995 4285 1074 4354 cujus
1090 4283 1241 4339 latitudinis
1256 4281 1371 4354 spatium
1389 4281 1472 4336 nullis
1490 4280 1625 4337 clauditur
1636 4280 1726 4346 metiS,

69 4377 145 4435 solos
159 4394 221 4435 sese
237 4384 372 4450 reputant,
384 4376 459 4433 solos
473 4381 606 4449 appetunt
620 4373 750 4445 reputari.
759 4373 875 4430 Littera·
929 4374 977 4430 ubi
986 4373 1088 4430 neclex
1098 4380 1206 4439 estnec
1216 4371 1412 4443 praevaricatio.
1424 4368 1729 4442 Huiusmodiergoliliis

69 4472 115 4523 tna
127 4477 186 4540 est3
201 4467 258 4525 odit
272 4465 386 4524 socium.
399 4468 513 4522 dstutns
527 4465 554 4520 in
571 4462 689 4536 negotiis
699 4461 877 4521 secutaribus
930 4461 1096 4526 diffidentiae,
1116 4462 1162 4533 qui
1189 4470 1260 4516 totos
1279 4475 1339 4516 sese
1355 4460 1493 4531 corporeis
1510 4459 1730 4531 voluptatibuset

69 4556 207 4613 neminem
230 4556 312 4613 vellet
340 4553 392 4610 eibi
418 4553 533 4610 similem
558 4553 682 4611 inveniri.
710 4551 876 4609 Pecuniosus
931 4545 1730 4623 propriisuoluntatibustradiderunt,liducialitertallaxvi·

69 4652 131 4716 est3
146 4644 170 4701 si
193 4643 327 4701 ditescere
341 4643 438 4700 viderit
461 4641 588 4706 alterum,
615 4641 761 4697 cruciatur.
786 4637 876 4695 Fortis
932 4651 959 4696 ta
982 4640 1091 4696 brevem
1114 4654 1176 4695 sese
1190 4651 1251 4693 esse
1267 4637 1376 4705 letetur,
1402 4646 1434 4694 ut
1449 4635 1592 4693 carnaliter
1606 4637 1727 4705 doleant,

69 4745 114 4792 est
127 4742 174 4791 eut
188 4731 324 4791 formosus
335 4751 343 4801 ;
355 4731 390 4786 da
403 4731 429 4787 ei
448 4746 549 4804 parem,
566 4738 593 4786 et
606 4730 782 4787 contabescit.
798 4725 873 4784 Soli·
931 4727 1003 4802 qnod
1012 4728 1098 4783 instar
1107 4725 1242 4800 principis
1252 4725 1294 4781 sui
1304 4725 1363 4798 (till
1373 4726 1509 4782 modicum
1520 4731 1627 4796 tempus
1638 4739 1668 4779 sa
1678 4725 1728 4781 he-

70 4823 158 4880 terius
177 4832 229 4893 cst,
251 4823 299 4881 sed
321 4837 463 4880 erroneus.
488 4823 567 4878 Errat
581 4821 609 4877 in
634 4818 778 4877 solitudine
800 4834 874 4875 sua:
930 4818 996 4874 bere
1010 4823 1185 4891 cognoscant,
1200 4823 1324 4887 atqueeo
1338 4812 1571 4871 uehementiusad
1587 4828 1667 4870 omne
1679 4813 1729 4869 ila·

70 4916 128 4968 non
142 4913 215 4970 eninr
236 4913 312 4971 solus
330 4911 451 4969 babitare
468 4910 574 4982 'poterit
593 4915 800 4982 superterram.
820 4907 877 4965 Nec
931 4907 1028 4982 gitium
1042 4907 1223 4971 inardescunt,
1240 4904 1310 4960 sicut
1326 4903 1435 4979 quidam
1449 4903 1540 4959 dicere
1551 4901 1727 4963 referuntur:

71 5000 172 5057 mirum
186 5001 259 5073 quod
278 5000 418 5058 solitudini
431 5000 496 5057 huic
512 4997 625 5056 1084
643 5001 812 5077 inaquosum
826 4996 873 5052 ed·
890 4999 913 5076 n
932 4993 1728 5068 Nounospraetaeatuastemporis,carauemasuosrasts

71 5091 144 5147 ditur
160 5108 168 5162 ;
184 5099 214 5146 ut
227 5090 340 5156 dicetur,
361 5091 394 5146 iu
409 5088 571 5156 solitudine,
587 5090 619 5145 ia
638 5088 783 5161 inaquoso.
800 5083 877 5143 Siout
930 5091 1084 5158 autequam
1092 5081 1537 5153 marcescantltullumprotum
1546 5081 1664 5155 sitquod
1672 5098 1729 5141 uon

71 5177 189 5236 enimin
215 5178 408 5237 solitudinibus
429 5195 509 5252 aque
536 5178 633 5235 deesse
656 5174 756 5244 solent,
771 5181 799 5232 et
816 5174 878 5232 loce
929 5171 1729 5249 pertranseatluxuriauostramullumsiteapersluan-

110 5339 169 5411 (st)
185 5338 289 5412 Nempe
303 5338 415 5408 diaboli,
430 5338 531 5412 dequo
544 5339 629 5412 apoc.
651 5353 689 5395 xn
704 5354 712 5394 ι
727 5335 876 5396 oesuuou
890 5335 926 5395 ad
949 5352 995 5394 uos
1009 5333 1134 5393 diabolus
1151 5332 1254 5389 labeus
1269 5330 1345 5387 iram
1359 5345 1502 5404 tuaquom,
1528 5327 1620 5387 scient
1641 5346 1727 5403 quam

74 5410 220 5470 modicum
235 5415 345 5485 lempna
366 5411 458 5469 babet.
