3734 5948
104 207 157 262 tao
641 206 677 263 ΙΝ
695 206 796 264 PSAb.
819 209 878 276 otti
894 207 1049 265 tttatrtt·
1065 206 1185 265 statio
1202 208 1225 264 1.
1705 198 1758 253 ¹⁸⁶

104 331 174 386 Nam
192 327 331 386 aidicitur
344 328 441 387 nobis:
457 329 539 387 Omni
554 337 677 404 tempore
696 329 803 388 solliciti
818 338 907 389 estote
960 330 1034 403 regis
1052 329 1151 386 familia
1179 328 1286 396 militat,
1314 333 1342 383 et
1369 325 1478 382 assidam
1500 326 1544 382 est
1570 323 1600 381 in
1624 320 1757 378 bellonius

101 417 217 475 omnino
232 418 267 475 ad
283 419 488 476 custodiendam
500 421 647 493 puritatem
665 428 763 478 vestrae
792 435 907 500 eonver-
960 421 1100 492 procinctu
1115 419 1199 494 [otios
1213 413 1758 489 additurlncte13semelantemetcorto

103 509 234 576 sationis3
249 510 295 581 qni
310 524 365 566 non
380 508 532 580 desperet?
547 512 624 566 Nunc
637 519 728 566 autem
751 525 904 579 monemur,
961 516 1083 580 ternpore
1097 508 1254 566 universnm
1267 505 1410 577 imperium
1429 501 1551 574 generali
1573 505 1759 575 congregatur

102 597 184 654 brevi
211 597 317 654 dierum
341 615 456 656 numero
480 615 576 656 omnes
609 601 719 656 aliorum
752 607 906 671 temporum
960 600 1091 657 exercitu.
1106 600 1209 658 Felices
1223 615 1282 669 vos,
1297 597 1343 670 qui
1357 594 1497 654 domestici
1524 591 1662 649 meruistis
1683 606 1756 657 esse,

53 740 54 759 ,
104 687 289 762 negligentias
302 688 480 755 emendare:
497 699 528 746 ut
539 690 581 747 vel
597 689 636 746 sic
650 699 789 761 gustemus
814 690 906 748 dulce·
960 690 1056 762 quibus
1070 689 1134 745 dicit
1148 688 1294 761 Apostolus
1309 705 1315 742 :
1333 688 1396 744 tom
1418 702 1477 742 noo
1499 687 1564 741 estis
1588 682 1707 754 hospites
1728 684 1759 737 et

53 772 55 825 ἰ
104 777 198 833 dinem
211 776 343 850 perlectae
358 778 491 848 puritatis,
508 786 536 834 et
551 779 624 835 omni
637 779 766 851 deinceps
783 788 906 852 tempore
960 779 1088 844 odoemoe,
1102 778 1149 836 scd
1160 781 1228 835 estis
1242 780 1314 834 cives
1339 779 1504 832 sanctorum
1519 775 1546 827 et
1556 771 1700 828 domestici
1708 769 1759 828 bat

53 852 55 869 '
102 865 355 922 inconversatione
369 873 470 922 nostrae
484 865 906 942 sanctaehujusQnadragesimae
960 867 1069 940 (Epiros.
1085 881 1115 932 tt,
1140 869 1197 935 ts).
1221 866 1291 934 Quid
1316 862 1399 936 igitur
1422 860 1518 917 facturi
1543 868 1606 916 sunt
1628 859 1675 930 qui
1701 864 1759 913 toto

53 1010 55 1015 ,
102 953 218 1027 ratigia
232 953 305 1010 clara
321 955 523 1026 resplendeant.
544 957 681 1013 Conemur
701 972 778 1029 ergo,
795 957 906 1026 iratres,
959 971 1031 1012 anno
1046 972 1169 1029 pugnare
1187 961 1378 1025 susceperuut,
1393 950 1501 1023 qnando
1514 958 1541 1006 et
1555 948 1607 1020 ipsi
1622 947 1715 1011 rudes,
1730 950 1759 1001 et

101 1052 228 1100 sanctum
255 1044 307 1100 hoc
331 1053 438 1115 tempus
463 1053 518 1100 tota
541 1045 686 1103 devotione
704 1045 855 1118 suscipere,
878 1054 907 1102 ot
959 1055 1089 1103 vocantes
1103 1046 1176 1117 prins
1203 1042 1352 1116 spiritualia
1373 1056 1447 1096 arma
1475 1037 1630 1109 arripiunt?
1659 1035 1758 1106 Utique
1849 1042 1855 1049 “

102 1146 176 1186 nnnc
190 1131 280 1204 magis
293 1148 370 1187 arma
395 1132 544 1204 spiritualia
569 1149 708 1207 reparare.
731 1135 809 1190 Nunc
833 1134 906 1190 enim
959 1135 1039 1192 solito
1052 1135 1168 1206 amplius
1181 1133 1268 1191 solitae
1286 1147 1355 1204 opns
1374 1138 1415 1186 cst
1437 1128 1564 1185 insistere
1588 1139 1699 1197 pugnae,
1728 1132 1759 1178 1¹⁸

100 1219 228 1292 generali
246 1220 366 1292 quodam
387 1220 469 1277 totius
493 1221 568 1278 orbis
588 1222 710 1280 exercitu
733 1230 828 1279 contra
848 1222 906 1279 dia·
960 1240 1059 1297 magna
1072 1224 1196 1297 quaedam
1222 1221 1336 1279 victorio
1359 1219 1418 1292 regi
1446 1224 1539 1275 nostro
1568 1214 1603 1272 ed
1629 1210 1757 1287 gloriam,

100 1309 195 1365 bolum
210 1309 337 1366 Salvator
350 1310 545 1384 congreditur:
563 1310 636 1368 beati
651 1311 697 1384 qui
711 1311 761 1368 sub
775 1311 823 1368 tali
837 1311 906 1370 duce
960 1312 1040 1370 nobis
1053 1311 1195 1386 proveniat
1208 1310 1243 1367 ad
1258 1309 1384 1365 salutem.

101 1404 216 1456 strenue
231 1397 415 1456 militaverint.
430 1400 498 1458 Toto
516 1400 651 1473 siquidem
666 1416 739 1459 anno
757 1401 906 1459 domestica

211 1617 248 1675 IN
266 1618 429 1676 Psttttuot
446 1619 505 1688 XC,
528 1622 588 1692 Qttt
604 1623 725 1680 bantra
732 1625 759 1693 T,
778 1619 961 1679 SERMONES
980 1620 1056 1678 XVII
1075 1622 1149 1696 (23),
1170 1621 1206 1679 ΙΝ
1223 1616 1506 1691 Quanatttasmta
1523 1612 1651 1672 ΗΑΒΙΤΙ.

415 1743 596 1804 PRAEFATIQ.
923 1757 945 1837 fl
961 1744 1035 1812 latio,
1051 1746 1166 1804 maxime
1179 1745 1221 1801 bis
1235 1744 1341 1813 dicbus,
1357 1742 1455 1816 quibus
1474 1740 1557 1813 (sicut
1577 1736 1688 1796 omnino
1715 1734 1760 1791 di·

139 1833 166 1886 t.
196 1830 347 1888 considero
369 1830 480 1890 labores
499 1843 615 1900 vestros,
644 1832 754 1906 tratres,
769 1850 825 1892 non
848 1833 907 1890 sine
960 1853 1045 1909 gnum
1059 1840 1111 1908 est)
1130 1836 1301 1908 aliquatenus
1327 1834 1415 1903 major
1438 1839 1481 1888 est
1503 1829 1580 1886 labor
1599 1834 1707 1895 vasten
1732 1832 1762 1882 ut

103 1936 206 1994 magno
227 1920 410 1978 miserationis
437 1922 547 1980 affectu.
573 1921 670 1991 Quaero
693 1924 907 1981 consolationem
962 1925 1079 1996 confido,
1091 1941 1145 1983 non
1160 1925 1213 1981 erit
1227 1922 1321 1981 inutile
1335 1928 1452 1979 tractare
1465 1918 1607 1976 vobiscum
1616 1913 1718 1988 aliquid
1726 1912 1762 1970 de

102 2023 184 2080 qnam
204 2010 338 2066 exhibere
360 2009 470 2081 possim,
496 2018 524 2066 et
546 2011 694 2083 corporalis
709 2010 841 2081 occurrit;
858 2012 908 2068 sed
962 2013 1107 2087 Scripturis
1120 2012 1231 2078 sanctis,
1246 2011 1318 2085 qnod
1334 2009 1415 2067 etiam
1428 2007 1509 2079 aliqui
1532 2012 1652 2062 vestrum
1676 2017 1760 2075 roga-

103 2113 135 2152 ea
150 2112 209 2154 non
223 2097 336 2168 prodest
350 2098 507 2171 quidquam,
524 2098 646 2171 magiset
659 2101 756 2156 obesse
765 2101 908 2172 plurimum
962 2111 1070 2162 verunt.
1084 2102 1163 2161 Unde
1177 2102 1257 2158 nobis
1270 2098 1414 2173 eligendus
1433 2105 1475 2154 est
1492 2094 1613 2169 psalmus
1634 2093 1702 2163 ipse,
1726 2091 1761 2148 de

102 2193 208 2258 potest.
234 2185 376 2258 Siquidem
399 2187 505 2244 modica
527 2189 659 2247 sementis
680 2190 824 2257 detractio,
852 2206 908 2246 ¹1on
964 2209 1017 2266 quo
1033 2191 1188 2249 tentationis
1202 2190 1374 2246 occasionem
1384 2184 1509 2242 inimicus
1522 2179 1669 2251 assumpsit
1695 2179 1760 2247 liti).

104 2274 241 2332 modicum
256 2275 353 2332 messis
368 2286 411 2332 est
424 2278 635 2334 detrimentum:
653 2287 680 2335 et
702 2279 726 2334 si
748 2278 909 2350 poenitentia
963 2291 994 2338 nt
1006 2282 1069 2338 inde
1084 2279 1290 2352 coniungantur
1303 2290 1378 2331 arma
1393 2272 1515 2345 maligni,
1530 2270 1603 2328 unde
1618 2267 1760 2324 sibinsur·

103 2372 197 2420 vestra
212 2364 349 2422 minuatur
362 2366 537 2423 miseratione
552 2367 666 2434 crudeli,
682 2367 811 2440 paulatim
828 2384 908 2439 gem·
963 2387 1029 2444 parc
1043 2368 1227 2442 praesumpsit.
1244 2368 1390 2436 Propterea
1401 2363 1464 2419 nolo
1482 2376 1532 2418 vos
1554 2359 1693 2432 ignorare,
1708 2353 1762 2410 tra·

104 2454 155 2508 mis
174 2469 278 2511 corona
296 2464 385 2510 vestra
414 2455 542 2527 privatur.
571 2456 641 2526 Quid
673 2466 763 2513 tamen
782 2455 909 2528 agimus?
964 2469 1030 2525 tres,
1058 2459 1185 2530 quoniam
1211 2455 1353 2512 manifeste
1381 2453 1531 2508 imitatores
1558 2455 1621 2504 sunt
1648 2441 1760 2507 immisi,

104 2541 150 2597 ”bi
165 2541 310 2614 ΙπῡιὼθῑκἮ
325 2542 460 2599 farinula?
476 2546 502 2612 (Ι
507 2547 527 2601 V
539 2548 603 2616 Ret-
624 2561 663 2610 lv·
689 2546 746 2615 tl.)
769 2544 908 2616 Siquidem
964 2549 1118 2623 quicunqne
1132 2547 1167 2603 de
1183 2542 1329 2617 Scripturis
1343 2540 1443 2598 sanctis
1465 2537 1567 2611 aliquid
1590 2550 1644 2592 non
1668 2540 1761 2589 sancte

105 2647 178 2685 mors
194 2631 223 2687 in
237 2629 289 2686 olla
304 2638 361 2697 est;
377 2641 405 2687 ct
419 2630 619 2688 mortificamini
639 2641 696 2689 tota
715 2633 759 2690 die
788 2633 816 2689 in
837 2634 910 2704 jeju·
963 2646 1104 2710 usurpant,
1121 2646 1149 2692 et
1166 2634 1290 2691 detinent
1316 2631 1459 2688 veritatem
1479 2627 1529 2684 Dei
1552 2625 1579 2681 in
1607 2619 1761 2689 mendacio,

105 2719 156 2776 niis
170 2719 273 2785 multis,
289 2719 316 2774 in
332 2720 468 2776 laboribus
483 2721 653 2794 frequenter,
669 2721 811 2797 invigiliis
825 2738 909 2793 supra
962 2728 1032 2783 sicut
1044 2726 1134 2782 solent
1148 2722 1312 2795 quandoque
1327 2717 1460 2777 nonnulli.
1475 2717 1577 2772 Cavete
1599 2713 1662 2775 boc,
1691 2708 1761 2764 dilc-

106 2808 227 2873 modum,
244 2814 343 2880 praeter
357 2823 390 2863 ca
409 2825 469 2881 qnae
495 2809 660 2866 intrinsecus
686 2816 750 2866 sunt
782 2811 906 2867 contritio
963 2813 1085 2880 ctissimi,
1100 2813 1162 2885 quia
1176 2825 1287 2884 prorsus
1305 2807 1468 2863 diabolicum
1495 2813 1547 2868 est,
1573 2806 1601 2857 et
1629 2799 1664 2855 de
1685 2803 1762 2871 parte

105 2897 239 2964 cordium,
258 2903 286 2954 et
309 2897 452 2953 multitudo
480 2898 672 2954 tentationum.
700 2897 909 2971 Mortificamini,
963 2905 1024 2974 ejus
1037 2916 1140 2960 secsse
1153 2900 1271 2973 probant
1284 2895 1367 2970 quiid
1381 2894 1493 2958 iaciunt,
1508 2893 1536 2947 in
1552 2906 1627 2947 suam
1642 2889 1762 2960 ipsorum

106 2986 155 3042 sed
171 2993 287 3057 propter
301 3001 363 3042 eum
376 2984 423 3057 qui
439 2994 560 3042 mortuus
570 2995 611 3042 est
625 3002 675 3058 pro
690 2987 775 3045 vobis.
791 2986 869 3058 Quod
885 2987 909 3042 si
963 2990 1110 3065 perniciem
1138 2987 1265 3044 salutaria
1291 2985 1391 3055 scripta
1420 2989 1577 3054 pervertere
1607 2976 1760 3033 molientes.

105 3074 229 3132 abundat
245 3072 379 3131 tribulatio
393 3083 484 3132 vestra
497 3090 549 3147 pro
567 3091 612 3141 co,
640 3076 787 3133 abundabit
813 3091 911 3134 conso·
925 3066 947 3145 B
963 3081 1018 3138 Sed
1032 3095 1089 3136 non
1104 3078 1185 3134 modo
1198 3075 1258 3148 plus
1272 3074 1417 3131 immoror:
1434 3069 1543 3138 suflicit,
1559 3066 1652 3131 credo,
1668 3062 1761 3121 brevi-

105 3165 170 3222 latio
185 3171 277 3222 vestra
291 3180 342 3236 por
364 3181 437 3231 eum,
463 3173 493 3220 ut
519 3165 547 3222 in
576 3181 609 3222 eo
637 3165 788 3223 delectetur
807 3166 908 3232 anima,
964 3176 1007 3224 ter
1020 3167 1151 3240 tetigisse.
1166 3166 1225 3220 lam
1241 3164 1275 3218 do
1297 3161 1369 3233 ipso,
1386 3174 1468 3231 quem
1488 3154 1631 3228 elegimus,
1655 3150 1760 3224 psalmo

106 3271 171 3326 quae
192 3253 221 3308 in
237 3251 305 3319 aliis,
322 3253 413 3309 renuit
427 3254 570 3310 consolari.
594 3255 675 3326 Apud
690 3255 778 3326 ipsum
794 3269 911 3327 namquo
964 3257 1053 3328 aliqua
1066 3261 1212 3327 praetante
1226 3248 1342 3307 Domino
1356 3248 1491 3305 disserere
1506 3251 1534 3302 et
1544 3242 1692 3315 explanare
1703 3247 1763 3296 ten·

104 3343 164 3416 ipsa
190 3358 301 3415 quoquc
328 3343 466 3399 tribtdatio
487 3359 585 3415 magna
612 3345 738 3417 quaedam
759 3343 909 3399 consolatio
965 3356 1062 3403 mutus.

105 3433 206 3504 poterit
221 3432 336 3488 inveniri
350 3432 447 3489 Nonne
463 3433 534 3489 enim
548 3441 654 3489 certum
668 3440 710 3490 est
731 3448 813 3505 supra
837 3433 909 3489 vires
1282 3424 1399 3485 sttlttto
1420 3425 1442 3481 1.

106 3522 252 3585 humanas,
269 3520 338 3576 ultra
353 3530 489 3588 naturam,
504 3530 597 3578 contra
609 3521 834 3579 consuetudinem
849 3537 910 3578 esse
965 3531 1092 3585 mseras
1099 3539 1203 3597 premo,
1217 3519 1291 3588 «bot
1298 3519 1408 3576 babitot
1419 3518 1450 3573 in
1458 3514 1601 3587 adjutorio
1612 3508 1760 3575 ditissimi,

107 3626 169 3683 qnae
190 3609 357 3666 sustinetis?
371 3610 447 3666 tilius
469 3609 552 3681 igitur
579 3620 668 3681 portat
693 3611 754 3681 ista,
781 3610 825 3668 illc
848 3610 909 3666 sinc
1045 3617 1076 3672 ia
1089 3613 1263 3686 protectione
1277 3610 1329 3666 Dei
1342 3607 1407 3664 cccli
1421 3603 1680 3661 commorabitur.»

105 3698 202 3763 dubio,
219 3698 266 3770 qui
279 3697 429 3755 secundum
443 3699 601 3770 Apostolum
616 3707 707 3772 portat
721 3701 810 3756 omnia
825 3698 910 3757 verbo
1000 3710 1026 3760 t.
1041 3701 1107 3775 Quis
1120 3701 1155 3756 sit
1177 3697 1261 3755 divini
1287 3693 1452 3751 inhabitator
1475 3689 1612 3760 adjutorii,
1634 3702 1685 3759 per
1707 3701 1762 3742 non

105 3786 215 3846 virtutis
229 3802 285 3842 suae
299 3787 391 3860 (debr.
406 3804 427 3854 t,
438 3787 474 3860 3).
487 3787 584 3844 Nonne
592 3804 626 3845 ex
637 3788 688 3845 boc
700 3789 757 3859 jam
767 3788 910 3861 suoipsius
964 3790 1133 3850 inhabitante
1146 3786 1212 3842 illud
1226 3784 1323 3840 melius
1341 3787 1430 3854 potest
1452 3777 1574 3850 agnosci.
1598 3776 1660 3832 Tria
1679 3773 1763 3846 siqui-

105 3876 200 3949 gladio
214 3875 339 3933 inunicus
352 3877 505 3948 perimitur,
528 3884 556 3933 et
579 3877 738 3950 magnitudo
761 3876 910 3933 tribulatio·
964 3882 1027 3938 dom
1041 3894 1135 3938 eornm
1149 3876 1271 3947 reperies
1284 3886 1402 3948 genera:
1417 3885 1501 3926 nuum
1515 3883 1570 3923 non
1581 3864 1761 3938 sperantium,

105 3964 160 4032 nb,
175 3964 211 4021 de
227 3980 279 4038 qua
295 3973 401 4022 tentare
420 3966 534 4032 solebat,
558 3966 616 4037 ipsa
634 3965 723 4038 magis
745 3965 910 4023 tentationes
965 3971 1037 4028 aliud
1050 3966 1261 4039 desperantium,
1277 3961 1386 4019 tertium
1401 3959 1500 4016 trustra
1514 3955 1693 4031 sperantium.
1707 3953 1761 4011 No·

105 4059 267 4126 exsuperat,
280 4063 407 4126 tanquam
431 4054 611 4110 certissimum
634 4054 734 4111 divinae
757 4054 910 4127 praesentiae
964 4075 1017 4131 que
1032 4057 1104 4115 enim
1118 4052 1263 4111 habitatin
1286 4048 1421 4119 adiutorio
1442 4047 1502 4113 Dei,
1527 4044 1650 4118 quinon
1673 4037 1762 4114 posuit

104 4144 319 4219 argumentum?
332 4143 401 4211 Quid
417 4144 490 4200 enim
507 4145 654 4200 timendum
668 4145 758 4209 nobis,
780 4144 803 4199 si
830 4144 908 4201 adest
963 4149 1049 4205 Deum
1062 4146 1216 4215 adjutorem
1230 4156 1318 4207 suunt,
1335 4138 1384 4195 sed
1398 4135 1510 4193 contidit
1523 4133 1552 4190 in
1574 4133 1674 4190 virtute
1701 4145 1761 4196 sna,

105 4232 908 4309 quiportatomnialDominusprotectorvitoemeoe,aquo
963 4248 992 4294 et
1005 4239 1032 4293 in
1046 4233 1216 4292 multitudine
1236 4228 1390 4286 divitiarum
1413 4241 1532 4281 suarum.
1558 4222 1661 4279 Surdus
1686 4236 1762 4275 nam-

106 4321 279 4396 trept'dobo?
293 4321 382 4394 (Psoi.
398 4339 475 4393 xxvi,
486 4328 511 4378 l.
525 4325 563 4390 l.)
572 4323 862 4393 Nomaiumbutooero
876 4327 908 4380 in
940 4320 944 4327 '
962 4343 1016 4402 quo
1030 4328 1073 4382 est
1086 4323 1121 4379 ad
1136 4322 1275 4394 propbeta
1289 4332 1383 4375 vocem
1398 4314 1513 4371 boantis
1524 4328 1530 4367 ε
1542 4313 1662 4381 Quaerite
1672 4311 1763 4368 Domi·

105 4413 200 4470 medio
209 4412 319 4470 umbre
327 4414 438 4481 mortis,
449 4428 508 4468 uon
519 4411 619 4471 timebo
628 4413 715 4478 mato,
728 4415 864 4486 quoniam
875 4418 907 4471 tu
924 4374 946 4451 n
962 4415 1119 4481 mumdum
1128 4411 1253 4468 insertiri
1260 4411 1366 4479 potest;
1378 4406 1507 4462 invocate
1516 4400 1665 4467 eum,dum
1677 4415 1762 4473 prope

104 4516 259 4558 mames
273 4502 359 4572 (Psoi.
377 4515 452 4570 xxn,
467 4501 505 4572 d).
521 4499 591 4570 Quid
606 4508 649 4557 est
663 4500 738 4573 quod
750 4509 834 4557 totam
849 4516 907 4557 mo
962 4513 1005 4566 est
1018 4508 1083 4577 (iso.
1101 4516 1147 4566 nv,
1163 4502 1191 4569 6)
1204 4513 1209 4552 ;
1226 4504 1255 4552 et
1268 4495 1326 4551 sola
1341 4492 1500 4564 temporalia
1518 4505 1656 4562 quaerens,
1678 4504 1762 4543 amu·

103 4590 159 4648 lem
175 4599 259 4647 terrae
271 4590 412 4647 sustinet?
427 4597 454 4646 et
464 4590 607 4647 universus
619 4590 693 4647 orbis
710 4592 753 4647 cui
763 4591 907 4648 innititur?
962 4595 1033 4650 latur
1043 4593 1072 4648 in
1088 4585 1306 4661 malignantibus,
1322 4596 1416 4654 pacem
1442 4586 1614 4650 peccatorum
1642 4574 1758 4645 videns;

104 4679 176 4736 Nam
191 4680 215 4736 si
234 4688 277 4736 est
305 4679 389 4737 828
418 4679 518 4752 aliquid
542 4680 615 4752 quod
636 4680 770 4738 sustineat
797 4688 906 4747 caetera,
963 4691 991 4739 et
1007 4681 1151 4750 elongatur
1175 4675 1209 4729 ab
1238 4669 1373 4744 adjutorio
1393 4666 1530 4734 altissimi,
1556 4664 1629 4737 quod
1649 4660 1701 4717 sibi
1725 4660 1761 4716 ad

103 4769 196 4841 ipsum
212 4785 229 4825 a
243 4784 297 4841 qno
312 4768 484 4825 sustinetur?
498 4768 558 4824 Non
573 4768 709 4824 invonitur
723 4768 775 4824 nisi
802 4768 908 4826 virtutis
963 4772 1020 4828 baec
1039 4763 1222 4824 necessarium
1237 4777 1298 4819 esse
1318 4775 1372 4816 non
1388 4763 1502 4829 reputat.
1517 4753 1572 4810 Sed
1594 4752 1659 4825 quid
1681 4749 1760 4806 nobis

104 4858 222 4915 verbum
245 4856 336 4913 omnia
354 4865 475 4928 portans.
502 4857 593 4913 Verbo
616 4858 688 4913 enim
713 4857 821 4913 Domini
847 4859 908 4914 coeli
962 4856 996 4912 de
1011 4854 1127 4924 hisquae
1141 4849 1206 4907 loris
1226 4841 1567 4917 suanudiearetTimoo,
1590 4836 1699 4898 fraires.
1724 4850 1759 4890 nc

104 4945 207 5002 finnati
221 4953 295 5013 sunt,
311 4954 338 5002 et
352 4945 447 5018 spiritu
461 4944 516 5003 oris
530 4946 591 5016 eius
604 4946 692 5002 omnis
705 4945 792 5002 virtus
814 4961 908 5002 eorum
962 4944 1033 5000 forte
1047 4941 1129 4997 etiam
1143 4937 1177 4993 sit
1187 4935 1215 4991 in
1230 4933 1320 5005 nobis,
1335 4931 1381 5005 qui
1396 4945 1450 4987 non
1466 4925 1568 4984 habitet
1582 4926 1610 4982 in
1625 4923 1760 5023 adjutorio

106 5036 197 5105 (Psoi.
213 5049 307 5103 xxxin,
323 5037 362 5104 6).
961 5030 1101 5095 altissimi,
1117 5027 1165 5084 scd
1180 5023 1298 5083 contidat
1310 5023 1336 5079 in
1352 5020 1450 5077 virtute
1465 5032 1514 5073 sua
1533 5022 1562 5073 et
1587 5015 1616 5071 in
1637 5012 1759 5069 multitu·

140 5129 172 5181 a.
186 5124 348 5195 Propterea,
362 5131 391 5180 ut
406 5124 430 5180 si
444 5123 521 5181 vobis
534 5124 562 5179 in
577 5125 661 5180 verbo
676 5123 785 5181 Domini
805 5139 908 5181 conso·
963 5123 1025 5180 dine
1043 5118 1195 5177 divitiarum
1210 5128 1329 5169 suarum.
1354 5110 1436 5167 Forte
1451 5106 1525 5164 enim
1545 5106 1681 5164 fervorem
1706 5103 1758 5157 ha-

141 5286 199 5354 (2³)
217 5283 247 5338 ln
275 5283 370 5339 codice
400 5283 541 5350 Vaticano,
570 5301 645 5340 num.
674 5286 736 5351 663,
757 5283 910 5356 appellatur
964 5281 1049 5337 tribus
1061 5276 1154 5351 primis
1169 5275 1196 5329 in
1221 5290 1303 5329 unum
1331 5270 1472 5341 conjectis.
1499 5268 1587 5326 Habiti
1614 5271 1677 5322 sunt
1698 5269 1760 5335 post

103 5356 193 5413 Liber
207 5355 235 5410 in
248 5355 382 5429 psalmum
399 5357 452 5424 Qui
466 5355 585 5424 bobitot,
601 5363 761 5427 constatque
775 5370 830 5412 non
849 5372 908 5413 ser·
963 5368 1063 5408 annum
1079 5353 1159 5417 tiss,
1175 5344 1243 5402 inira
1258 5361 1290 5426 ,⁰¹
1304 5358 1430 5424 sermone
1447 5346 1473 5398 a.
1656 5405 1661 5418 ⁸

104 5427 244 5491 monibus,
265 5427 314 5483 sed
343 5427 476 5499 capitibus
503 5432 547 5485 ta.
575 5430 606 5484 ln
628 5427 788 5500 quibusdam
810 5442 909 5483 manu·
999 5423 1054 5494 (ti)
1069 5420 1178 5502 Quippe
1190 5417 1287 5499 verbis
1297 5415 1395 5499 psalmi
1409 5418 1443 5470 90
1456 5414 1558 5470 abusus
1572 5417 1614 5468 est
1636 5406 1759 5464 diabolus

103 5500 216 5571 scriptis
233 5507 411 5555 numerantur
433 5513 575 5559 sermones
600 5499 730 5557 danuam
743 5499 909 5572 quindecim,
966 5491 1235 5558 semiobrutum,
1250 5487 1448 5549 mbatvanu
1465 5489 1508 5543 ti.
