3734 5948
432 588 763 741 saluum
819 586 1294 779 cauatam

629 922 773 980 aunttts
808 917 1134 979 calamitatuusls

195 1155 606 1301 OPERUM
670 1152 1014 1297 TOMUS
1077 1146 1548 1316 TERTIUS,

703 1503 707 1511 '
777 1493 979 1540 GOUPUC'I'BNS

263 1723 554 1820 staticulos
601 1726 673 1816 bu
719 1722 978 1815 TEMPORE
1024 1717 1095 1812 ET
1141 1720 1212 1811 DE
1261 1716 1501 1817 SANCTlSs

722 1990 771 2056 tc
789 1991 841 2056 bs
864 1990 1044 2058 btvunsts

61 2216 155 2272 Collati
179 2224 249 2269 sunt
273 2213 307 2268 ad
328 2209 437 2268 codices
449 2209 640 2283 Dionysiacos,
655 2209 859 2281 cistercienses,
877 2206 1170 2280 IIajorisdIonasterii,
1187 2203 1532 2273 atnomm-ttanteltomm,
1546 2201 1707 2263 Caelestino·
1747 2214 1753 2227 “

651 2298 709 2336 rum
724 2280 893 2337 Fuliensium
907 2279 1113 2349 Parisiensnm.l

190 2785 607 2991 rumeins
688 2786 767 2918 ru
842 2783 1123 2916 romum
1197 2782 1572 2916 suarium

88 3265 108 3320 1.
131 3266 205 3320 Cum
220 3263 249 3318 in
264 3270 419 3318 sanctornm
439 3263 547 3318 Patmm
562 3259 670 3333 scriptis
694 3275 726 3314 ea
749 3274 823 3333 pars,
837 3274 899 3332 quae
922 3257 1049 3315 homilias
1061 3272 1111 3316 acu
1125 3272 1269 3316 sermones
1290 3255 1492 3330 complectitur,
1505 3256 1594 3314 minus
1613 3255 1709 3316 alabu-

59 3363 110 3408 rata
123 3354 232 3425 passim
250 3363 278 3409 ct
292 3361 431 3416 accurata,
448 3365 528 3423 qaam
544 3350 647 3422 reIIqua
662 3364 758 3406 eorum
769 3347 874 3422 ingenii
888 3353 1075 3418 monumenta,
1085 3347 1210 3405 videatur
1225 3365 1233 3404 ε
1251 3346 1322 3402 hanc
1336 3343 1387 3401 sibi
1400 3345 1508 3404 landem
1522 3362 1579 3420 prae
1593 3347 1710 3415 catena,

59 3452 97 3497 ant
111 3451 193 3498 certe
208 3442 238 3496 in
252 3442 355 3514 paucis
371 3440 488 3497 vindicat
502 3447 613 3496 sanctas
626 3438 793 3508 lIernsrdus,
808 3437 881 3512 quud
895 3437 956 3509 eius
969 3452 1111 3494 sermones
1125 3451 1180 3494 non
1195 3435 1294 3494 minori
1309 3434 1454 3493 verborum
1469 3436 1604 3505 acumine,
1619 3437 1705 3496 raria-

59 3542 107 3587 tate
122 3529 339 3596 sententiarum,
354 3528 604 3602 cogitationumque
619 3527 798 3597 subilmitate,
814 3541 867 3584 nec
878 3525 981 3597 dispari
994 3523 1141 3582 affectuum
1156 3524 1259 3598 pietate
1273 3523 1380 3596 praediti
1402 3523 1468 3592 sint,
1483 3540 1565 3598 quam
1579 3525 1638 3582 aliae
1650 3527 1712 3598 ejus

59 3615 273 3675 lucubrationes.
289 3617 353 3673 llihi
367 3631 433 3673 uero
448 3615 528 3686 huius
551 3615 590 3671 rei
613 3631 725 3672 causam
739 3614 881 3671 meditanti
893 3613 1020 3687 occurrit,
1037 3627 1094 3670 non
1107 3613 1191 3672 modo
1208 3612 1311 3685 ingenii
1333 3613 1395 3685 ejus
1410 3612 1531 3683 solertia,
1551 3613 1710 3688 celeresque

57 3708 124 3760 mim
150 3716 256 3772 motus,
271 3705 305 3760 ad
320 3720 366 3760 res
381 3703 554 3776 crplicandas
568 3710 596 3760 et
609 3702 723 3760 affectus
735 3703 946 3761 commovendos
958 3699 1069 3774 tactem
1090 3701 1140 3760 aad
1154 3703 1238 3760 etiam
1251 3700 1409 3759 auditorum
1425 3700 1580 3774 diversitas,
1594 3717 1709 3777 quorum

56 3795 216 3870 ingratiam
231 3807 374 3850 sermones
389 3792 522 3863 ejusmodi
536 3791 734 3850 condebantur.
745 3793 813 3848 Nam
826 3808 887 3848 cum
900 3800 1010 3849 ueteres
1023 3790 1061 3848 illi
1075 3792 1170 3849 Patres
1185 3789 1348 3848 sanctissimi
1362 3789 1543 3847 informandis
1557 3790 1711 3849 christiane

58 3883 198 3955 religionis
212 3883 337 3939 doctriua
351 3898 384 3938 cc
397 3881 499 3956 pietate
515 3881 623 3954 populis
637 3896 779 3939 sormones
792 3896 857 3938 auos
870 3886 1051 3954 exponerent,
1064 3896 1113 3939 eoa
1126 3881 1161 3937 ad
1176 3880 1249 3953 vulgi
1264 3885 1373 3952 captum
1387 3884 1415 3935 et
1429 3877 1465 3934 ad
1479 3894 1639 3938 communes
1652 3878 1712 3937 fere

57 3972 138 4044 locos,
167 3971 325 4029 anditcrum
346 3970 455 4028 utilitati
479 3969 666 4043 consulentes,
681 3971 775 4027 humili
797 3969 868 4043 stylo
887 3970 1037 4043 prudentes
1064 3969 1276 4043 componebant.
1300 3968 1335 4024 dt
1358 3967 1515 4026 bernardus
1532 3970 1567 4025 ad
1587 3970 1711 4028 homines
1783 3960 1785 3965 ’

57 4066 80 4114 tn
95 4063 185 4117 rebus
198 4060 394 4133 spiritualibus,
404 4068 491 4134 >atque
506 4060 534 4118 in
550 4059 665 4118 selentia
678 4060 880 4133 Scripturarum
894 4058 1052 4128 instructos,
1068 4059 1213 4134 plerosque
1235 4057 1264 4114 in
1285 4058 1386 4114 saecnlo
1400 4058 1538 4132 quondam
1556 4058 1710 4116 eruditione

57 4158 80 4204 et
91 4151 235 4225 dignitate
248 4156 422 4222 prestantes,
437 4163 581 4208 sermones
598 4150 717 4207 babebat
730 4146 803 4215 snos,
819 4163 935 4222 qnorum
948 4147 1078 4205 doctrinae
1096 4153 1126 4206 et
1147 4145 1312 4222 perfectioni
1326 4147 1556 4205 accommodanda
1570 4157 1629 4206 erat
1642 4164 1709 4207 ora-

57 4240 88 4294 tio
103 4242 160 4311 (1).
179 4237 258 4296 Unde
273 4239 370 4297 accidit
392 4248 422 4296 ut
444 4254 501 4297 non
528 4240 611 4296 modo
627 4238 719 4295 eximii
731 4253 875 4296 sermones
888 4236 926 4293 illi
940 4237 968 4295 in
981 4237 1093 4294 Cantica
1113 4237 1161 4311 qui
1182 4236 1280 4309 majori
1304 4236 1393 4294 studio
1406 4237 1553 4313 conscripti
1567 4246 1638 4308 sunt,
1659 4239 1708 4296 aad

56 4330 136 4384 etiam
153 4328 211 4398 alii,
228 4327 286 4384 sive
298 4327 334 4385 de
348 4328 446 4385 annuis
462 4328 539 4386 festis
553 4344 585 4386 ac
600 4329 707 4396 diebus,
725 4343 776 4385 seu
790 4329 824 4384 de
839 4327 953 4386 dtrersts
967 4327 1146 4401 argumentis,
1157 4342 1227 4400 quoa
1249 4326 1302 4384 hoc
1322 4325 1350 4383 in
1374 4335 1447 4384 tomo
1462 4327 1632 4396 axlnbemua,
1648 4328 1709 4386 vnl-

57 4420 168 4488 garibus
182 4417 293 4473 Petrum
308 4416 425 4474 homiliis
439 4433 470 4475 ac
488 4418 661 4476 sermonibus
674 4432 690 4473 a
703 4417 768 4475 viris
781 4434 843 4474 curn
857 4417 920 4491 piis,
935 4424 991 4474 tum
1006 4415 1094 4474 doctis
1109 4415 1234 4490 preferri
1248 4416 1364 4473 soleant.

91 4509 126 4563 11.
143 4508 243 4579 Neque
253 4506 326 4562 enim
340 4507 445 4579 privata
459 4517 506 4565 aut
524 4507 668 4583 singularis
683 4504 813 4565 meabaec
825 4509 860 4565 de
874 4506 1005 4563 bernardi
1019 4506 1192 4564 sermonibus
1205 4505 1309 4580 opinio,
1324 4506 1374 4563 sed
1388 4506 1533 4565 illustrium
1546 4506 1575 4563 In
1588 4523 1619 4565 re
1633 4506 1708 4563 litte-

57 4597 128 4651 raria
154 4596 285 4661 riroram,
303 4595 350 4668 qni
376 4612 456 4654 auum
472 4597 523 4655 bac
538 4600 573 4656 de
587 4613 618 4655 re
632 4596 775 4670 judicium,
791 4614 841 4654 seu
852 4595 947 4665 verbo,
962 4612 1012 4654 seu
1026 4595 1128 4668 scripto
1141 4593 1315 4668 protulerunt
1329 4616 1336 4653 r
1352 4610 1386 4652 ex
1405 4595 1504 4670 quibus
1522 4596 1590 4653 duos
1604 4600 1709 4652 mutum

57 4685 171 4744 honoris
199 4699 281 4742 caasa
311 4686 437 4760 appatio,
450 4703 566 4760 quorum
585 4687 732 4745 auctoritas
760 4688 833 4744 haud
860 4685 958 4755 mInor,
978 4702 1059 4759 qnam
1078 4684 1201 4742 doctrina
1231 4691 1260 4743 et
1286 4684 1404 4744 eruditio
1423 4694 1475 4744 est.
1495 4685 1600 4742 Primus
1617 4685 1710 4742 Iustus

55 4776 165 4849 lipsiam
178 4777 209 4832 in
224 4773 341 4848 epistola
355 4777 402 4844 to,
416 4775 451 4831 ad
465 4777 617 4834 Iubertum
633 4777 763 4842 llirreum,
780 4777 826 4834 ubi
851 4775 886 4833 de
908 4775 1089 4833 concionibus
1101 4776 1186 4832 sacris
1199 4790 1285 4848 agens
1300 4796 1306 4831 :
1325 4796 1338 4829 a
1355 4776 1430 4833 lnter
1442 4773 1562 4845 latinos,
1578 4793 1592 4828 s
1609 4774 1707 4848 Inquit.

57 4889 66 4915 ι
79 4864 243 4923 bernardus
255 4881 301 4923 ma
314 4866 397 4939 rapit,
409 4872 438 4923 et
453 4882 534 4924 usum
549 4868 631 4924 babet
646 4867 792 4938 excitandi,
804 4864 840 4924 ob
849 4866 1024 4923 acrimoniam
1038 4863 1138 4939 ubique
1154 4874 1180 4923 et
1194 4865 1327 4935 calorem3
1339 4873 1395 4922 tum
1404 4865 1487 4921 etiam
1499 4863 1616 4923 docendi
1626 4875 1709 4940 atque

54 4953 244 5030 imprimendi,
268 4953 304 5011 ob
328 4956 527 5013 sententiarum
542 4973 669 5025 acumen,
685 4972 754 5031 quas
768 4955 867 5014 crebro
888 4963 916 5013 et
939 4956 1083 5012 salubriter
1096 4955 1203 5014 miscet
1221 4976 1234 5009 a
1255 4958 1294 5013 lta
1312 4957 1352 5013 vir
1366 4953 1547 5025 doctissimus,
1566 4972 1627 5014 carm
1646 4957 1708 5014 axi-

55 5047 141 5103 mium
155 5060 192 5101 ex
207 5043 332 5102 Patribus
345 5047 495 5120 exemplar,
524 5048 598 5119 quod
623 5046 794 5105 efformando
809 5060 886 5103 sacro
899 5047 1000 5103 oratori
1020 5053 1199 5118 proponeret,
1224 5043 1318 5102 sedulo
1342 5045 1528 5118 perquisisset,
1548 5061 1604 5104 non
1635 5045 1707 5103 alind

53 5137 143 5212 magis
159 5133 367 5193 accommodum
380 5135 519 5196 favamma
533 5135 585 5195 sibi
600 5137 674 5196 visus
688 5142 740 5212 est,
756 5151 837 5210 quam
852 5135 1028 5204 Bernardum,
1047 5152 1129 5209 quem
1144 5135 1250 5193 caeteris
1264 5134 1363 5191 Latinis
1376 5137 1599 5209 anteponendum
1612 5135 1707 5193 exbu-

52 5228 148 5285 marit.
165 5223 250 5296 siqui
268 5225 367 5282 naiman
389 5225 434 5295 sit,
457 5225 481 5282 si
507 5225 599 5299 palma
613 5226 670 5282 hac
685 5226 824 5284 Bernardo
849 5225 940 5283 itidem
962 5242 1020 5299 prae
1042 5224 1144 5282 Graecis
1163 5223 1296 5293 Patribus,
1316 5225 1361 5298 qui
1379 5224 1408 5281 iu
1427 5240 1461 5283 eo
1480 5225 1587 5284 dicendi
1604 5239 1707 5300 genere

52 5317 258 5386 excelluerunt,
275 5314 429 5377 tribuatur:
449 5317 528 5390 cnjus
543 5332 610 5374 sane
624 5316 767 5374 senieniiae
790 5323 928 5375 auctorem
950 5330 995 5372 me
1018 5313 1141 5387 profiteri
1154 5329 1208 5371 non
1224 5329 1304 5372 ausus
1317 5331 1417 5386 essem,
1433 5315 1485 5371 nisi
1498 5330 1559 5374 eam
1572 5313 1700 5390 suffragi

84 5500 128 5571 (t)
142 5494 214 5553 vioe
228 5490 275 5551 lib.
290 5506 322 5549 rn
336 5490 413 5564 frte,
428 5510 489 5566 cap.
504 5497 531 5564 ³,
547 5480 576 5550 n.
593 5499 618 5551 I.

199 5620 323 5678 Parnon.
342 5615 513 5677 CLXXXIII.
1545 5621 1561 5679 t

14 5776 124 5900 .αῆ
196 5818 200 5823 ’
