3734 5948
116 186 175 244 m
571 190 600 247 S.
620 180 801 247 amatam
817 186 966 245 usualis
985 188 1311 247 catam-tamarem
1712 192 1766 247 318

117 311 155 368 lta
182 311 315 368 orandum
340 304 416 383 juxte
440 312 591 368 doctmnam
623 311 717 384 utique
745 311 912 368 Salvatoris:
928 324 952 403 Ι
969 312 1073 368 narium
1094 312 1212 370 arbitror
1229 312 1413 370 referendum.
1433 313 1572 385 Siquidem
1586 313 1689 384 etipse
1703 329 1768 385 pro·

118 405 205 459 Pater
233 410 327 460 aester
350 403 400 474 qui
427 418 456 458 es
484 404 516 457 in
539 403 626 470 celis,
650 402 846 471 sanctificetur
864 415 915 455 ao·
970 408 1030 469 pter
1044 415 1095 457 nos
1117 400 1317 457 tribulationem
1336 408 1364 457 et
1382 400 1505 457 dolorem
1520 401 1636 471 invenit,
1656 401 1768 475 quando

117 507 185 548 men
199 488 407 560 mamiliam.
424 489 650 561 subtilemque
665 489 727 543 audi
741 488 806 561 quid
820 503 917 559 sequa·
970 488 1109 558 proposito
1127 489 1178 544 sibi
1198 488 1299 561 gaudio
1317 488 1444 546 sustinuit
1463 505 1583 557 crucem,
1607 489 1767 546 confusione

116 585 161 634 tur
173 578 202 634 in
216 575 342 633 Ριιιιιιοε
360 578 500 636 Clamauit
522 579 559 634 od
576 595 632 642 me,
646 583 674 633 et
696 593 745 648 epo
763 576 916 635 exaudiam
970 584 1136 649 contempta.
1148 577 1513 649 Verumtamenquaedeipso
1524 586 1612 646 erant,
1623 578 1765 634 sicutante

117 681 192 724 sum.
207 664 258 721 llic
274 664 376 722 fructus
394 665 496 722 notitiae
507 665 631 731 nominis,
648 665 750 721 clamor
763 665 913 722 orationis:
969 673 1084 721 mortem
1095 666 1267 737 praedixerat,
1275 666 1524 733 linembabuernnt;
1533 665 1636 722 etsicut
1643 665 1672 722 in
1679 674 1767 722 morte

117 768 199 825 porro
221 752 325 810 fructus
347 753 482 818 clamoris,
506 752 641 808 exauditio
654 753 810 810 Salvatoris.
837 753 914 823 Quo·
968 751 1046 819 dixit,
1060 753 1250 810 &scammata
1267 760 1330 809 sunt
1344 763 1372 809 ιι
1387 765 1486 811 extunc
1503 753 1690 811 sabbatizavit.
1711 756 1767 811 Nec

117 841 198 898 modo
212 839 298 899 818
311 843 383 898 enim
398 848 444 896 aut
455 854 507 895 non
520 841 650 896 invocans
660 841 780 897 exaudiri
791 848 912 913 poterat,
968 840 1052 896 dilata
1069 851 1112 897 est
1132 843 1217 914 gloria
1242 841 1469 899 resurrectionis:
1486 843 1531 897 die
1555 842 1644 908 tertia,
1659 857 1768 898 summo

117 938 163 985 aut
184 945 284 986 nomen
303 930 410 986 Domini
432 928 567 995 nesciens,
592 929 743 986 invocaret
763 929 870 985 Gratias
889 931 914 986 ei
968 928 1085 984 diluculo
1101 929 1147 986 Sol
1164 929 1275 1001 justitiae
1288 930 1323 985 de
1338 928 1441 986 tumulo
1459 937 1536 986 ortus
1554 939 1596 986 est
1614 930 1704 986 nobis.
1729 930 1769 986 lta

117 1018 162 1089 qni
182 1017 361 1074 manifestavit
379 1016 534 1073 bominibus
559 1033 659 1073 nomen
681 1018 778 1085 Patris,
798 1018 914 1074 lrnctum
968 1032 1034 1091 ergo
1049 1016 1151 1074 fructus
1169 1018 1272 1089 pariter
1292 1017 1470 1074 tribulationis
1484 1026 1511 1073 et
1525 1019 1626 1074 veritas
1643 1018 1765 1088 ereptio-

115 1105 210 1162 salutis
228 1104 256 1159 in
272 1107 333 1175 ejus
344 1103 515 1162 invocatione
538 1105 717 1172 constituens,
733 1106 804 1163 sicut
825 1108 913 1179 scrip-
968 1104 1009 1160 nis
1026 1104 1055 1160 in
1070 1105 1282 1163 manifestatione
1296 1105 1497 1178 glorificationis
1515 1106 1650 1177 apparuit.
1663 1105 1777 1171 Nihilo(

116 1199 171 1248 tum
180 1199 240 1250 est:
255 1194 416 1267 Qrcmaaqae
424 1195 597 1252 invocaverit
605 1211 707 1254 rrornen
719 1193 839 1263 domim,
854 1199 912 1254 sat·
967 1188 1056 1249 minus
1075 1209 1184 1265 quoque
1203 1202 1231 1251 et
1245 1194 1272 1248 in
1291 1193 1370 1250 nobis
1393 1193 1480 1249 simile
1498 1193 1634 1266 quoddam
1648 1194 1766 1249 triduum

114 1296 165 1339 etta
178 1285 234 1341 erit
247 1281 329 1354 (loci.
343 1297 374 1345 ιι,
393 1279 451 1351 33).
968 1296 1047 1350 posse
1068 1281 1202 1338 videbitur
1225 1281 1369 1353 assignari.
1396 1285 1465 1340 Cam
1485 1284 1545 1355 ipso
1567 1300 1642 1353 sum,
1666 1282 1715 1347 eit,
1732 1284 1765 1338 ira

408 1385 527 1442 spppo
543 1386 615 1446 xpp,
968 1369 1160 1429 taramriam.
1181 1370 1294 1440 Quando
1315 1371 1376 1436 hoc,
1397 1370 1449 1425 nisi
1472 1369 1500 1425 in
1523 1369 1569 1426 die
1587 1370 1767 1426 tribulationis

113 1476 241 1534 popm„
256 1475 362 1533 pedm,
385 1480 474 1540 ,em
496 1496 507 1526 ,
532 1476 669 1534 Clamavit
688 1479 725 1535 ad
743 1495 798 1552 me,
822 1483 851 1536 ,t
865 1496 913 1550 ,390
967 1464 1078 1528 nostrae,
1098 1458 1124 1512 in
1144 1458 1189 1515 die
1208 1456 1295 1514 crucis
1313 1457 1441 1514 nostre?
1463 1456 1526 1513 dum
1548 1456 1675 1528 impletur
1693 1458 1765 1528 quod

340 1547 496 1604 exaudiam
510 1562 584 1615 acm,
602 1568 613 1599 ι
632 1557 685 1606 ιιι.
966 1544 1025 1615 ipse
1049 1546 1095 1611 ait,
1122 1549 1153 1602 ιιι
1170 1547 1276 1604 inundo
1300 1547 1411 1619 quidem
1437 1563 1603 1619 pressuram
1630 1546 1765 1603 babebitis

118 1658 122 1664 ·
149 1637 175 1690 ι.
191 1634 376 1692 camariana
391 1649 445 1699 mc,
461 1639 489 1692 et
501 1636 656 1693 matidiam
671 1653 745 1694 eum.
762 1639 818 1694 lloc
831 1639 912 1708 plane
928 1626 950 1703 B
965 1634 1057 1705 (ioan.
1072 1650 1131 1700 xvi,
1148 1639 1209 1705 33);
1224 1643 1253 1691 ιι
1267 1635 1339 1707 quod
1356 1635 1500 1706 Apostolus
1514 1636 1585 1705 ejus,
1603 1636 1704 1693 Omnes
1717 1637 1766 1707 qai

112 1727 154 1778 ast
168 1728 360 1778 testamentum
378 1721 463 1794 pacis,
477 1722 529 1779 hoc
548 1723 656 1794 pietatis
669 1725 769 1790 lardus,
784 1727 835 1782 boe
848 1741 910 1798 pac·
963 1722 1210 1792 pievoluatuicerc
1217 1724 1249 1777 in
1257 1722 1376 1787 Christe,
1385 1723 1611 1794 persecutionem
1618 1723 1767 1794 patiantur

112 1816 169 1864 tum
183 1809 374 1867 macerarere
387 1818 416 1867 et
439 1810 631 1868 miserationis.
653 1814 788 1888 sperauit,
809 1814 857 1878 ait,
879 1817 912 1870 ia
966 1811 1004 1878 (ll
1026 1811 1094 1866 lt'm.
1119 1825 1161 1881 m,
1187 1811 1243 1879 ta).
1267 1809 1336 1865 Nam
1358 1809 1482 1866 liberatio
1501 1809 1581 1881 plena
1600 1820 1682 1883 atqne
1700 1825 1765 1880 per·

111 1914 167 1965 me,
191 1895 310 1955 liberabo
332 1915 406 1957 cam.
428 1898 534 1955 Nomen
554 1916 644 1956 meum
663 1903 798 1973 cognovit,
815 1911 910 1973 prote·
965 1896 1034 1952 lecta
1052 1904 1117 1953 ante
1135 1897 1207 1954 diem
1228 1897 1374 1969 sepulturae
1397 1913 1459 1954 esse
1482 1912 1538 1953 non
1560 1896 1672 1968 poterit,
1692 1898 1766 1968 quod

109 2000 173 2057 gam
187 2001 270 2054 eum3
284 1985 488 2051 revocamine,
505 1995 533 2042 et
545 2003 598 2060 ego
611 1989 753 2044 exaudiam
763 2006 834 2046 eum.
849 1991 911 2046 Non
964 1993 1074 2040 maneat
1090 1988 1185 2058 jugum
1200 2002 1284 2060 grave
1297 2001 1381 2056 super
1399 1985 1468 2042 tilios
1487 1986 1574 2041 Adam
1588 2002 1605 2041 e
1619 1986 1663 2042 die
1679 1987 1768 2042 exitus

109 2072 198 2129 dicit:
219 2072 324 2147 Dignus
347 2073 408 2141 luit,
429 2075 519 2144 iustus
538 2084 566 2130 et
586 2086 675 2132 rectus
698 2076 756 2148 luit,
779 2078 911 2134 innocens
964 2073 998 2129 de
1018 2083 1113 2130 ventre
1135 2075 1230 2129 matris
1248 2091 1354 2140 eorum,
1374 2091 1461 2146 usque
1480 2073 1508 2128 in
1526 2074 1600 2130 diem
1618 2074 1766 2145 sepulturae

109 2160 235 2218 manibus
248 2168 277 2217 et
295 2163 397 2219 mundo
415 2162 499 2219 corde
514 2180 521 2218 :
539 2172 686 2236 propterea
699 2165 831 2230 liberabo,
847 2182 910 2237 pro·
963 2161 991 2217 in
1007 2170 1120 2220 matrem
1139 2163 1258 2218 omnium
1274 2164 1373 2232 (acati.
1389 2178 1436 2229 xa,
1459 2163 1495 2233 ι).
1516 2163 1547 2217 ln
1563 2162 1614 2218 bac
1635 2177 1702 2234 ergo
1721 2163 1766 2219 die

109 2256 210 2321 tegam,
232 2258 261 2305 et
278 2251 421 2306 exaudiam
443 2266 505 2308 enm
523 2256 640 2326 (sa-at).
662 2255 691 2311 si
706 2254 777 2310 enim
794 2256 850 2310 baec
865 2258 910 2310 eut
964 2251 1075 2322 eripiam
1099 2267 1171 2319 eum,
1190 2251 1289 2323 inquit,
1313 2254 1422 2323 quando
1441 2250 1507 2306 nihil
1525 2252 1581 2320 jam
1600 2250 1670 2308 ultra
1693 2252 1767 2324 quod

106 2334 332 2403 similiadiceret,
347 2338 409 2410 quis
422 2354 478 2396 non
491 2339 651 2401 diffideret?
669 2342 736 2413 Quis
750 2342 911 2415 gloriabitur
963 2340 1006 2394 vel
1030 2339 1152 2411 corpori,
1181 2338 1224 2395 vel
1254 2336 1351 2394 animae
1379 2338 1473 2407 iaciat,
1502 2337 1618 2393 mundus
1645 2340 1764 2395 hebebit.

107 2424 363 2482 castamsehabere
378 2426 445 2482 cor?
459 2428 537 2485 Nunc
550 2436 640 2485 autem
655 2431 727 2500 apud
740 2438 766 2486 te
781 2431 910 2502 propitia·
963 2427 1034 2483 Sane
1054 2426 1214 2497 glorificatio
1234 2425 1306 2480 diem
1325 2425 1448 2482 ultimum
1463 2433 1565 2491 manet,
1581 2425 1654 2481 diem
1668 2442 1764 2483 resur-

110 2510 147 2569 tto
159 2518 212 2579 est,
232 2519 260 2568 et
279 2520 394 2586 propter
408 2514 478 2571 banc
491 2515 582 2590 legem
594 2525 668 2572 tuam
678 2517 792 2573 suminui
807 2529 843 2586 te,
855 2521 910 2576 Do·
963 2514 1104 2581 rectionis,
1124 2514 1232 2587 quando
1247 2523 1340 2588 surget
1354 2514 1382 2570 in
1396 2514 1492 2590 gloria,
1508 2512 1580 2587 quod
1601 2513 1628 2569 in
1644 2514 1764 2587 ignomi-

107 2599 191 2656 mine.
211 2599 303 2656 Dulcis
322 2601 377 2666 lex,
392 2617 453 2672 quae
475 2602 602 2661 meritum
617 2604 799 2661 exauditionis
813 2605 839 2660 in
854 2607 908 2663 ela·
964 2602 1008 2657 nia
1022 2603 1134 2657 interim
1149 2603 1308 2658 seminatur.

108 2702 185 2744 more
202 2689 343 2745 constituit
359 2689 559 2761 postulationis.
586 2693 735 2759 Clamavit,
754 2693 850 2766 inquit,
873 2697 909 2752 ad
999 2688 1127 2746 8713.
1151 2690 1228 2746 Unde
1248 2690 1349 2746 scimus
1367 2692 1441 2763 quod
1463 2691 1603 2749 nobiseum
1619 2692 1654 2747 sit
1666 2692 1694 2746 in
1713 2692 1764 2748 tri-

107 2791 163 2842 me,
185 2781 213 2833 at
232 2777 386 2835 exaudiam
408 2794 483 2835 cam.
509 2777 604 2835 bletito
625 2796 680 2836 non
700 2781 843 2838 exauditur
862 2784 908 2855 qui
963 2778 1124 2835 bulatione't
1144 2779 1187 2836 Ex
1205 2794 1238 2835 eo
1257 2779 1351 2851 utique
1370 2780 1441 2850 quod
1462 2779 1490 2835 in
1509 2780 1569 2851 ipsa
1592 2780 1765 2838 tribulatione

106 2862 224 2921 clamare
242 2863 404 2933 dissimulat,
424 2872 472 2922 aut
490 2867 600 2924 omnino
618 2884 673 2926 non
693 2868 842 2940 postulans,
861 2879 908 2926 aut
962 2884 1013 2924 nos
1035 2882 1140 2922 sumus.
1162 2867 1227 2935 Quis
1244 2867 1318 2924 enim
1337 2869 1493 2936 sustineret,
1514 2868 1576 2940 quis
1593 2867 1764 2940 subsisteret,

108 2951 200 3023 tepide
215 2951 352 3023 postulans
366 2954 526 3012 etremisse.
542 2955 681 3028 Siquidem
695 2956 723 3012 in
733 2958 784 3014 liei
797 2959 908 3016 auribus
924 2920 946 2998 c
962 2955 1022 3028 quis
1030 2954 1190 3027 persisteret
1199 2954 1258 3011 sine
1269 2956 1417 3012 eoitlmne
1427 2956 1556 3030 gaudium
1566 2956 1763 3020 existimemus,

106 3039 272 3097 desiderium
290 3041 438 3099 vehemens
461 3042 563 3100 clemm
585 3060 724 3120 magnus:
747 3054 775 3102 et
795 3047 906 3122 regione
961 3059 1022 3100 cum
1037 3044 1064 3098 in
1080 3043 1243 3100 tentationes
1265 3044 1360 3114 (olias,
1381 3041 1579 3116 tribulationes)
1593 3045 1681 3103 varies
1695 3045 1765 3101 inci·

106 3135 199 3186 autem
217 3129 329 3186 remissa
347 3129 474 3201 intentio,
497 3147 550 3190 vox
569 3133 711 3190 submissa.
735 3134 850 3204 Quando
863 3136 907 3192 ille
960 3133 1089 3198 derimus,
1115 3133 1212 3188 iratres
1236 3132 1305 3204 mei3
1331 3148 1385 3189 non
1411 3132 1492 3189 modo
1512 3133 1576 3207 quie
1598 3134 1766 3205 permultas

106 3217 262 3288 penetrabit
275 3217 386 3275 nnbesl
400 3220 509 3290 quando
527 3221 654 3278 audietur
670 3222 698 3278 in
713 3223 810 3279 coelist
824 3225 908 3280 Nem·
960 3221 1150 3277 tribulationes
1167 3228 1294 3292 opportet
1316 3234 1367 3276 noa
1393 3220 1496 3278 intrare
1518 3221 1548 3278 in
1572 3237 1686 3298 regnum
1714 3224 1764 3282 Dei

106 3319 142 3375 pc
155 3312 186 3362 ut
200 3304 371 3361 clamandum
385 3306 436 3362 sibi
450 3308 556 3364 noverit
570 3310 659 3378 homo,
672 3309 745 3367 inter
759 3311 907 3383 primordia
960 3307 1034 3379 (Aci.
1049 3324 1109 3375 ιιι,
1133 3309 1190 3381 ιι),
1211 3309 1260 3365 sed
1279 3309 1407 3380 quoniam
1429 3309 1505 3378 juxta
1520 3316 1559 3364 est
1574 3309 1705 3366 Dominus
1721 3311 1762 3366 bis

103 3407 163 3449 sue
180 3392 312 3448 orationis
331 3392 421 3463 ipsum
441 3410 523 3466 quem
547 3406 672 3454 oratums
691 3407 733 3455 est
756 3400 863 3456 Patrem
877 3401 905 3455 in
960 3396 1021 3467 quis
1037 3395 1162 3452 tribulato
1173 3405 1236 3451 sunt
1246 3396 1328 3452 corde
1339 3396 1426 3465 (Psoi.
1439 3411 1539 3453 xxxin.
1552 3400 1608 3466 te).
1621 3397 1651 3454 Si
1664 3399 1763 3454 aruba-

105 3478 183 3537 ooelis
196 3495 258 3536 esse
276 3479 401 3552 protinus
418 3483 592 3549 admonetur,
617 3485 691 3557 quod
709 3486 834 3543 videlicet
851 3487 905 3541 im·
961 3485 1053 3542 lacero
1079 3487 1111 3540 ira
1129 3485 1219 3543 medio
1243 3485 1350 3541 umbrie
1372 3485 1484 3552 risoriis,
1505 3485 1542 3541 eit
1564 3484 1683 3557 quidam,
1705 3503 1763 3543 ιιοιι

104 3572 171 3642 patu
191 3567 309 3640 quodam
329 3568 439 3640 spiritus
452 3569 499 3626 illo
518 3571 568 3626 sibi
586 3573 758 3642 jaculandam
773 3590 834 3631 esse
849 3591 906 3632 me·
961 3575 1062 3630 timebo
1072 3575 1160 3637 raaia,
1175 3575 1311 3646 quoniam
1322 3578 1355 3629 ta
1368 3589 1479 3631 mecam
1494 3591 1522 3631 es
1537 3574 1622 3643 (Psoi.
1638 3588 1710 3641 xxti,
1722 3575 1760 3644 ι).

104 3654 216 3713 minerit
231 3656 392 3714 orationem.
416 3658 533 3732 Spiritus
547 3669 591 3717 est
603 3661 687 3731 Deus,
709 3670 737 3719 et
758 3662 785 3718 in
810 3662 906 3734 spiritu
960 3662 1000 3716 lta
1021 3675 1089 3734 ergo
1112 3660 1252 3717 nobiscum
1275 3670 1316 3717 est
1345 3660 1471 3717 omnibus
1498 3661 1595 3719 diebus
1617 3677 1703 3735 usque
1728 3663 1762 3716 ad

104 3745 203 3803 ιιιιιιιι
225 3761 338 3803 necesse
363 3752 415 3818 est,
443 3748 568 3821 quisquis
598 3749 744 3807 clamorem
772 3767 849 3807 suum
871 3753 906 3806 ad
960 3750 1222 3806 consummationem
1245 3749 1346 3805 saeculi.
1372 3750 1485 3818 Quando
1512 3759 1602 3806 autem
1628 3765 1679 3807 nos
1702 3750 1762 3805 eri-

104 3847 168 3889 cam
184 3832 323 3889 desiderat
340 3836 486 3906 pervenire
498 3838 569 3909 (35).
584 3836 658 3894 Sicut
677 3838 749 3894 enim
763 3838 792 3895 in
811 3839 906 3895 faciem
960 3854 1020 3894 mus
1039 3854 1100 3894 cnm
1120 3838 1200 3910 ipsol
1219 3837 1351 3895 Nimirum
1371 3837 1481 3909 quando
1501 3837 1640 3910 rapiemur
1653 3837 1761 3896 obviam

104 3918 220 3976 bominis
234 3935 290 3977 non
308 3922 419 3994 respicit
440 3932 566 3996 tanquam
582 3926 673 3997 homo,
695 3928 745 3983 sed
759 3926 847 3998 magis
860 3927 905 3982 in·
960 3926 1067 3983 Christo
1081 3926 1108 3981 in
1123 3929 1198 3995 aera,
1215 3936 1243 3981 et
1262 3924 1300 3982 sic
1314 3940 1425 3994 semper
1438 3940 1499 3981 cum
1513 3926 1630 3981 Domino
1648 3924 1761 3981 erimus.

104 4013 196 4064 tuetur
214 4023 261 4066 cor
276 4026 284 4065 ε
300 4008 340 4067 sic
359 4010 394 4065 ad
411 4010 502 4068 cordis
518 4013 608 4082 potius
625 4030 732 4087 uocem,
752 4032 833 4088 quam
847 4031 906 4072 cor-
960 4015 1074 4084 Quando
1098 4013 1291 4085 apparebimus
1313 4029 1373 4069 cum
1396 4013 1455 4085 ipso
1474 4013 1501 4067 in
1520 4013 1634 4088 gloria?
1657 4013 1762 4086 Nempe

104 4096 189 4168 poris,
210 4111 291 4155 aures
311 4099 390 4172 ejas3
411 4100 454 4156 cui
474 4101 574 4157 merito
589 4101 698 4170 dicitur,
717 4105 790 4162 Deus
814 4104 906 4163 cordis
961 4118 1023 4158 cum
1043 4099 1165 4157 Christus
1186 4099 1344 4171 apparuerit
1366 4098 1419 4155 vita
1442 4107 1544 4154 nostra.
1566 4098 1676 4155 Interim
1696 4115 1762 4156 sane

103 4185 373 4255 nsaiwandans,
398 4187 682 4262 36).llincestquod
703 4192 821 4263 Moyses,
842 4191 905 4248 loris
961 4189 1143 4246 abscondatur
1174 4203 1287 4246 necesse
1314 4194 1370 4256 est,
1400 4197 1430 4241 ut
1458 4186 1594 4256 praecedat
1626 4187 1763 4245 tribulatio

104 4281 208 4341 urens,
233 4274 307 4332 intus
325 4275 441 4343 auditur,
463 4276 571 4333 dicente
593 4277 721 4334 Domino.
750 4281 820 4349 Quid
843 4282 904 4339 cla·
962 4276 1140 4349 ereptionem,
1163 4276 1268 4347 ereptio
1290 4272 1524 4346 glorificationem.
1551 4274 1609 4329 Vox
1626 4273 1761 4331 liberati:

103 4364 212 4420 merod
224 4364 295 4422 me?
314 4364 414 4433 (licod.
433 4379 494 4433 xrs,
511 4367 567 4437 to).
963 4367 1139 4431 Convertere,
1150 4365 1248 4420 naimo
1257 4378 1331 4429 mea,
1342 4363 1373 4419 ira
1386 4362 1512 4434 requiam
1526 4367 1614 4425 lucar,
1628 4366 1696 4435 qaia
1708 4366 1762 4420 Do-

103 4494 106 4499 «
139 4454 165 4511 2.
184 4453 435 4521 emmeramme,
452 4459 480 4512 ei
494 4454 905 4514 eaaadiomeamNonimme·
940 4453 1203 4523 miserimiseris
1214 4451 1611 4524 tibi;qaiaeripuitaaimum
1625 4454 1764 4511 mmmda

83 4532 165 4597 rito.
189 4538 339 4598 Clamorem
363 4558 493 4615 magnum
516 4558 584 4599 sane
602 4542 763 4614 magnitudo
784 4545 906 4602 necessi-
961 4547 1061 4608 morie,
1078 4544 1171 4598 oculor
1187 4555 1262 4599 meos
1276 4557 1294 4595 a
1309 4540 1449 4612 iacrymis,
1463 4538 1548 4611 pedes
1563 4541 1763 4613 marsalapsa

104 4628 168 4687 tatis
186 4627 311 4688 extorsit.
332 4630 402 4700 Quid
424 4631 497 4687 enim
517 4630 638 4687 clamans
662 4631 750 4703 petiit,
775 4633 826 4689 nisi
844 4648 908 4689 oon.

102 4716 276 4786 solationem,
295 4717 495 4790 liberationem,
513 4717 765 4793 glorificationem?
777 4721 906 4792 Alioquin

32 4864 35 4869 ,
101 4807 239 4879 quomodo
261 4823 344 4879 saper
362 4807 414 4875 bis,
430 4807 584 4878 exauditur,
608 4807 631 4862 si
645 4824 694 4878 pro
713 4808 773 4865 aliis
787 4809 907 4866 clamati

101 4895 267 4953 Exaudiant
284 4913 359 4960 eam,
375 4896 422 4955 ait.
438 4892 469 4950 ln
483 4911 539 4966 quo
553 4896 695 4963 exaudies,
717 4897 843 4963 Domine,
863 4898 907 4954 vel

18 5060 22 5065 Ι
103 4980 132 5039 ἰιι
151 4981 273 5054 quibus?
286 4985 356 5042 dara
372 4986 433 5058 ipso
447 5000 512 5042 sum
523 4985 554 5040 ia
575 4984 770 5052 tribulatione,
786 4989 907 5058 eripiam

102 5085 178 5140 eam,
193 5075 221 5129 ei
234 5073 392 5144 clarificabo
407 5089 485 5132 eam.
505 5072 546 5130 td
562 5088 689 5146 nmgnum
702 5074 766 5131 illud
777 5074 904 5141 triduum,

104 5159 179 5234 quod
205 5158 326 5230 pmxinre
344 5176 438 5218 sumus
462 5163 638 5234 celebraturi,
664 5165 734 5219 bunc
758 5162 824 5218 milri
849 5171 904 5218 ter-

139 5282 250 5356 (3336)
274 5282 321 5340 llio
345 5287 506 5343 occurrebat
527 5285 643 5363 insignis
671 5287 770 5357 hiatus,
795 5301 904 5343 sensum

101 5355 214 5411 mnino
220 5355 365 5481 ferm?
379 5373 386 5414 :
402 5373 465 5412 nam
478 5358 537 5441 bec
550 5360 646 5440 verba,
661 5360 723 5416 Nom
736 5359 817 5425 dicit,
836 5368 903 5423 etc..

100 5439 218 5498 mquea
241 5468 248 5493 ,
265 5429 295 5486 st
309 5443 398 5495 enim,
413 5429 550 5495 etc.,alus
562 5428 642 5486 adius
657 5429 767 5501 desunt,
784 5446 845 5502 quae
859 5445 903 5486 re·

963 4633 1051 4700 (Psoi.
1066 4644 1144 4698 cxiv,
1154 4631 1182 4694 ι,
1199 4631 1238 4700 8).
1253 4629 1379 4702 Eripiom
1391 4643 1464 4695 cum,
1477 4632 1505 4685 ιι
1514 4627 1675 4700 plorificabo
1685 4644 1761 4684 eam.

963 4719 1048 4786 Felix,
1063 4717 1110 4790 qui
1125 4725 1151 4774 te
1167 4717 1275 4773 interim
1290 4716 1489 4773 consolatorem
1503 4723 1532 4772 ιι
1545 4715 1697 4785 adjutorem
1713 4719 1764 4771 ba·

962 4808 1018 4878 bet,
1039 4806 1149 4876 adjutor
1161 4804 1189 4860 in
1211 4804 1467 4878 opportunitatibus,
1483 4804 1511 4861 in
1534 4804 1763 4860 tribulationem

961 4912 1043 4969 quam
1059 4895 1171 4962 felicior,
1187 4910 1271 4967 quem
1287 4896 1346 4966 iam
1360 4892 1480 4965 eripuisti
1496 4899 1524 4948 et
1535 4891 1658 4948 exemisti
1680 4893 1764 4947 tantis

962 4983 1057 5041 malisl
1078 5000 1159 5057 quam
1179 4983 1294 5049 felicior,
1313 4982 1359 5054 qui
1372 4985 1427 5053 jam
1447 4988 1589 5051 exemptus
1608 4982 1643 5035 de
1665 4980 1763 5050 laqueo

962 5073 1130 5139 venantium,
1153 5072 1200 5145 qni
1213 5073 1269 5142 jam
1284 5080 1377 5142 raptus
1394 5074 1436 5124 est
1455 5084 1490 5124 ne
1503 5067 1604 5123 malitia
1619 5076 1705 5124 mutet
1718 5069 1759 5123 in·

962 5162 1099 5220 tellectum
1117 5161 1198 5227 illius,
1217 5165 1263 5215 aut
1279 5174 1315 5214 ne
1329 5155 1401 5212 fictio
1411 5155 1528 5228 decipiat
1542 5154 1660 5210 animam
1681 5156 1761 5226 ejusl

960 5288 1108 5344 stituuntur
1122 5301 1155 5341 ex
1173 5282 1311 5339 codicibus
1330 5279 1519 5352 manuscriptis
1538 5279 1712 5337 Cisterciensi
1734 5287 1763 5336 et

958 5361 1052 5501 ahab)
1062 5425 1162 5484 Confer
1170 5421 1589 5493 sermonems,num.a,t)abona
1599 5419 1761 5477 intentione.
