3734 5948
107 196 143 257 tt
838 192 1020 258 autumo
1717 182 1774 254 2οἷ

101 341 184 399 quem
201 325 310 388 sidem,
324 321 490 380 transforare
499 320 667 389 dissimulet,
682 337 718 377 ne
733 321 805 378 lortc
818 320 973 394 recogitent
988 329 1016 378 et
1030 323 1202 386 erubescent,
1225 321 1337 392 ipseque
1359 317 1524 377 verecundia
1536 319 1749 377 emendentur.»

104 416 138 470 lit
151 413 244 471 inira:
261 432 278 468 a
292 412 375 470 Vides
388 425 457 485 ergo
466 427 523 468 non
537 411 664 468 omnibus
675 412 817 483 prodesse,
828 410 901 482 quod
914 428 930 466 a
944 410 1022 482 lepra
1035 411 1175 468 secularis
1190 408 1414 474 conversationis,
1432 409 1511 479 cujus
1536 417 1647 480 peccata
1669 409 1755 464 meni·
1773 414 1776 425 '

104 505 176 560 leste
189 501 457 569 snut,emundautur
473 521 480 556 :
495 499 545 557 sed
559 500 695 557 nonnullis
707 499 823 572 peJ'usiu
836 499 943 556 occulto
955 499 1157 573 ingratitudinis
1185 499 1261 555 ulcus
1292 497 1365 562 oriri,
1381 497 1455 571 quod
1480 504 1556 552 tauto
1574 497 1753 568 periculosius

104 591 149 661 sit,
163 599 265 666 quanto
277 591 401 648 interius.
420 589 547 645 »Nimius
562 589 625 660 suu,
639 588 662 645 si
677 587 703 643 id
717 605 805 660 genus
818 589 984 660 argumenti,
1001 590 1091 662 quoad
1106 589 1212 661 liceret,
1235 593 1401 660 pertractare
1416 585 1515 642 velim:
1541 587 1599 642 haec
1620 587 1649 642 iu
1665 589 1754 660 speei-

104 697 168 739 mou
182 687 210 738 et
219 680 327 752 piorum
341 680 474 738 lectorum
489 678 675 749 adiumentum
692 674 839 734 sufficiant.

138 769 206 829 XX.
232 768 361 828 llootrina
389 768 485 826 norum
511 781 669 824 sermonum
687 781 742 821 uon
763 767 845 823 modo
863 764 966 838 pietate
997 766 1099 822 relcrta
1121 774 1173 836 est,
1199 765 1348 822 sedetiam
1369 763 1459 836 plane,
1484 762 1570 820 lucilia
1589 771 1618 820 et
1645 766 1751 838 absque

103 857 281 917 ollandicnlo.
297 857 390 930 Siqua
410 864 499 912 tamen
519 854 650 912 lectorem
664 852 907 923 miuuseruditumf
920 853 1052 911 remorari
1072 863 1200 927 possunt,
1215 871 1249 911 ea
1263 848 1329 910 loais'
1342 855 1397 910 suis
1421 853 1634 924 explicabuntur.
1660 854 1750 910 Unum

102 946 147 1005 hic
162 946 309 1020 explanare
323 948 409 1016 iurat,
425 959 526 1014 nempe
537 943 625 1017 qualis
639 943 726 1012 luerit¹
739 943 867 1000 Beruardi
883 944 917 1000 de
932 951 1003 1000 statu
1018 942 1169 1000 animarum
1182 952 1335 999 sanderum
1352 956 1467 1012 corpore
1485 941 1633 997 solutarum
1655 943 1750 1012 opinio

100 1034 130 1091 iu
143 1036 231 1092 tribus
246 1034 426 1101 sermonibus,
443 1034 574 1100 secundo,
596 1034 686 1101 tertio,
706 1040 843 1106 etquartc
858 1033 885 1089 ιιι
908 1030 978 1090 festo
1001 1032 1128 1090 Omnium
1151 1033 1322 1097 Sanctorum,
1344 1039 1372 1087 et
1395 1030 1423 1086 in
1445 1045 1572 1086 sermone
1595 1038 1693 1103 quarto
1721 1032 1749 1087 iu

101 1124 278 1187 Dedicatione
294 1121 426 1189 eeclesiae,
447 1130 475 1179 et
489 1121 563 1179 abbi.
581 1120 714 1194 Principio
733 1130 844 1178 sauctus
857 1121 998 1179 doctorita
1012 1137 1088 1178 suam
1100 1123 1149 1177 hac
1162 1122 1197 1178 de
1211 1137 1241 1176 re
1254 1131 1374 1176 mentem
1389 1118 1484 1190 aperit,
1498 1125 1528 1173 ut
1543 1135 1597 1176 nou
1612 1118 1708 1175 leviter
1719 1136 1750 1176 ac

102 1212 299 1286 perfunctorie,
313 1211 369 1269 imo
379 1211 441 1268 deta
454 1226 540 1282 opera
555 1217 582 1266 ct
593 1210 735 1282 praemissa
745 1211 870 1267 oratione
885 1226 946 1266 eam
957 1211 1104 1283 expendat,
1120 1211 1169 1266 sed
1188 1230 1201 1261 ι
1217 1207 1440 1280 sincpraejudioio
1455 1222 1533 1278 sane,
1562 1208 1584 1263 si
1613 1209 1656 1264 cui
1680 1209 1751 1266 lorte

103 1301 183 1358 aliter
200 1299 282 1358 luerit
295 1299 454 1367 revelatum,
471 1319 484 1351 r
510 1301 615 1356 tametsi
632 1319 647 1352 a
661 1313 745 1370 snper
762 1301 813 1355 boo
841 1315 953 1355 sensum
967 1320 978 1351 s
991 1300 1040 1356 liei
1050 1299 1152 1355 habore
1166 1314 1197 1354 se
1211 1306 1298 1369 putet,
1312 1304 1342 1352 ut
1355 1298 1413 1369 ipsa
1428 1296 1494 1352 dicit
1510 1298 1539 1351 iu
1553 1312 1680 1352 sermone
1691 1294 1767 1354 lde'

103 1389 215 1458 sanctis,
233 1406 261 1448 ιι.
280 1393 292 1444 l
310 1396 339 1444 et
351 1391 378 1444 2.
395 1388 501 1444 Deinde
511 1388 651 1460 praemisso
666 1387 765 1458 triplici
779 1387 934 1444 animarum
947 1395 1030 1456 statii,
1048 1408 1061 1439 ι
1082 1388 1110 1443 in
1130 1402 1245 1460 corpore
1269 1385 1447 1457 corruptibili,
1467 1385 1526 1441 sine
1544 1401 1670 1456 corpore,
1693 1395 1752 1442 »et

104 1501 117 1532 ι
132 1479 161 1536 iu
175 1493 291 1550 corpore
305 1480 359 1549 ιιιιιι
374 1477 534 1551 glorificato,
553 1497 565 1529 ι
584 1478 619 1532 dc
634 1477 725 1533 medio
740 1487 812 1533 statu
827 1477 976 1543 disserens,
993 1476 1156 1534 sententiam
1170 1491 1246 1532 suam
1262 1475 1290 1530 in
1304 1481 1420 1547 quatuor
1444 1473 1576 1546 capitibus
1599 1474 1749 1530 constituit.

102 1567 192 1625 Primo
204 1566 233 1623 ιιι
248 1583 283 1624 eo
297 1566 370 1640 quod
386 1574 488 1624 sancte
504 1566 556 1623 illae
567 1567 664 1623 anima
678 1580 796 1637 corpore
810 1567 906 1623 solutae
920 1568 1012 1622 atatim
1026 1567 1205 1622 admittuntur
1218 1565 1246 1620 iu
1260 1563 1522 1630 coelum,excodem
1536 1577 1666 1620 sermone
1682 1567 1708 1629 t,
1720 1582 1749 1620 n.

104 1661 130 1728 l,
146 1657 270 1728 adeoque
287 1677 299 1709 α
315 1656 342 1710 in
352 1655 519 1712 consortium
534 1655 707 1727 angelorum,
728 1679 740 1704 r>
757 1663 787 1710 ut
804 1656 840 1711 de
855 1662 950 1712 sancto
962 1656 1092 1711 llalaclria
1107 1654 1201 1710 scribit
1224 1669 1350 1709 sermone
1365 1652 1496 1718 seeundo,
1526 1669 1554 1718 n,
1574 1655 1600 1712 5.
1622 1654 1751 1709 Secundo

101 1745 161 1803 istie
173 1753 317 1803 versantur
334 1765 347 1795 ι
367 1745 395 1800 in
408 1744 470 1801 luce
485 1745 578 1813 multa,
603 1764 615 1796 ι
632 1752 662 1800 ιιι
678 1744 705 1799 ιιι
716 1745 813 1801 eodem
833 1760 961 1801 sermone
974 1747 1000 1811 l,
1017 1760 1045 1800 ιι.
1064 1749 1088 1799 t.
1100 1743 1293 1800 Tertiovident
1306 1740 1405 1799 Christi
1426 1737 1631 1811 immanitatem,
1646 1740 1750 1798 ibidem

101 1851 129 1893 ιι.
143 1838 177 1904 23
194 1833 243 1892 sed
258 1833 502 1898 nondivinitatem,
535 1833 610 1906 quod
624 1833 732 1890 nonnisi
748 1841 809 1904 post
824 1834 1052 1890 resurrectionem
1072 1834 1107 1889 sit
1120 1832 1186 1904 ipsis
1200 1831 1408 1889 concedendum
1426 1854 1438 1883 ‹
1460 1824 1571 1887 interim
1586 1831 1638 1885 sub
1661 1830 1749 1899 altari,

101 1923 128 1979 id
138 1930 181 1980 est
197 1944 209 1975 ι
226 1923 276 1980 sub
291 1922 389 1981 Christi
405 1922 585 1989 humanitate,
602 1921 716 1979 leliciter
732 1921 816 1978 saneti
832 1922 985 1995 quiescunt,
1012 1922 1039 1976 ιιι
1061 1938 1141 1994 quam
1166 1919 1291 1977 nimirum
1305 1920 1464 1977 desiderant
1485 1919 1567 1977 etiam
1585 1919 1676 1994 angeli
1696 1919 1750 1991 ipsi
1764 1950 1768 1955 ·

101 2012 269 2085 prospioere.
292 2032 303 2063 r
320 2011 426 2081 Quarto
440 2012 560 2084 donique
577 2032 590 2063 ι
606 2010 734 2082 gaudium
752 2012 856 2066 habent
869 2011 898 2066 in
912 2011 1010 2084 spiritu
1025 2026 1085 2075 suo,
1106 2010 1224 2066 letitiam
1239 2010 1353 2066 multam
1366 2010 1394 2064 iu
1421 2010 1505 2065 corde
1521 2023 1582 2077 suo,
1607 2008 1669 2064 licet
1694 2023 1749 2064 non

101 2101 209 2173 planam
226 2119 238 2152 s
254 2115 383 2157 sermone
397 2099 519 2157 secundo
534 2101 570 2156 dc
588 2100 690 2156 structis
704 2117 778 2156 uum.
796 2100 973 2174 tzadeoque
989 2115 1044 2158 ιιοιι
1058 2100 1117 2156 siue
1138 2114 1215 2172 ruga,
1240 2114 1366 2155 sermone
1386 2096 1475 2161 tertio,
1492 2115 1521 2155 n.
1541 2101 1568 2167 l,
1593 2113 1691 2168 nempe
1715 2097 1750 2153 ob

101 2189 268 2246 desiderium
279 2188 437 2246 resumendi
450 2204 577 2260 corpora.
598 2189 703 2245 »adeo
720 2188 854 2260 siquidem
869 2189 944 2264 riget
967 2188 995 2244 iu
1022 2189 1056 2245 iis
1079 2187 1242 2245 desiderium
1266 2188 1318 2244 boe
1340 2187 1473 2255 naturale,
1495 2196 1525 2243 ιιι
1550 2187 1667 2243 necdum
1696 2192 1751 2243 tcta

102 2294 196 2336 earnm
210 2276 319 2335 allectio
334 2277 422 2335 libere
437 2285 535 2349 perget
549 2277 675 2334 iubeam
691 2292 698 2332 :
716 2278 765 2333 sed
781 2280 959 2334 contrabatur
977 2277 1094 2349 quodam
1108 2277 1199 2343 modo,
1216 2284 1244 2332 et
1267 2292 1362 2348 mgam
1379 2276 1472 2342 iaciat,
1496 2276 1561 2331 dum
1587 2275 1752 2332 inclinantur

103 2364 240 2424 desiderio
254 2367 347 2437 ejns.»
364 2365 469 2421 Eadem
492 2366 628 2421 sententia
642 2374 683 2421 est
697 2366 724 2421 in
739 2366 808 2422 libro
824 2367 858 2423 de
873 2365 1017 2442 [litigando
1040 2368 1107 2432 Deo,
1126 2382 1153 2421 n.
1182 2370 1227 2421 32.
1241 2366 1304 2422 llaec
1329 2364 1387 2422 fere
1402 2364 1532 2422 Bomardi
1555 2363 1678 2420 doctina
1698 2371 1750 2432 est,

103 2470 184 2528 ιιιιιιιιι
198 2453 251 2512 snb
263 2453 395 2525 opinione
410 2454 543 2510 duntaxat
557 2453 695 2526 exposuit,
710 2463 739 2509 ιιι
753 2461 828 2526 patet
842 2472 875 2511 ex
891 2453 960 2512 libro
979 2473 996 2510 ιι
1020 2455 1061 2511 lle
1083 2454 1313 2522 consideratione,
1343 2470 1404 2525 cap.
1429 2456 1455 2519 d,
1482 2470 1511 2510 n.
1536 2457 1563 2519 9,
1583 2452 1627 2508 ubi
1648 2453 1752 2508 animas

102 2550 210 2601 sanctas
223 2551 373 2615 martyrum
388 2541 545 2601 considerat
558 2542 655 2598 insinu
670 2543 788 2599 Abrabae
800 2564 811 2594 ι
831 2550 859 2598 et
870 2544 921 2600 sub
934 2543 1023 2614 altari,
1039 2544 1221 2616 quodcunque
1235 2543 1301 2599 illud
1316 2551 1367 2610 est,
1384 2543 1415 2599 iu
1427 2541 1515 2616 prima
1525 2540 1750 2598 stolasecnndam

104 2631 301 2703 patientissime
315 2639 504 2704 expectantes.
523 2653 534 2680 r

140 2721 217 2778 xxi.
231 2720 297 2776 Cum
311 2721 365 2777 ista
380 2720 462 2777 lucrit
476 2720 607 2776 bernardi
624 2719 728 2791 opinio,
745 2719 773 2775 iu
788 2719 950 2792 quibusdam
966 2727 1057 2777 tamen
1067 2721 1133 2778 locis
1152 2719 1255 2777 sanctis·
1265 2718 1408 2776 animabus
1432 2718 1525 2776 tribuit
1545 2717 1677 2775 visionem
1692 2718 1752 2785 llei,

104 2821 135 2866 ut
148 2825 210 2867 cuna
224 2808 384 2867 llalacliiam
406 2832 418 2861 ι
433 2808 490 2880 peri
505 2824 566 2865 cum
584 2807 690 2880 angelis
708 2808 795 2884 gloria
810 2815 839 2864 et
856 2809 986 2866 felicitate
1002 2829 1014 2859 ι
1031 2809 1117 2866 letari
1131 2810 1195 2866 dicit
1209 2813 1364 2866 sermonell
1375 2808 1461 2874 ιιιιοο,
1478 2823 1508 2877 ιι,
1528 2811 1569 2873 5;7
1580 2815 1607 2862 ct
1620 2805 1754 2880 quosdam

106 2907 215 2955 sanctos
236 2899 293 2970 jam
327 2898 462 2955 meruisse
486 2897 622 2954 introduci
650 2898 678 2952 in
706 2905 992 2965 sanctasanctorum,
1019 2898 1093 2954 cubi
1120 2899 1213 2955 vident
1226 2897 1323 2955 taciem
1346 2897 1455 2963 stantis,
1486 2895 1512 2950 id
1540 2903 1583 2952 est
1603 2895 1754 2952 claritatem

106 2987 335 3044 iucommutabilis
345 2987 408 3055 liei,
428 3008 439 3037 r
455 2985 708 3058 sermonequodam
724 2986 752 3041 in
762 2987 891 3042 Gaudos:
908 2987 941 3041 ad
960 2987 1022 3044 haec
1036 2997 1169 3060 martyres
1186 3008 1199 3041 a
1214 2988 1358 3043 immersos
1374 3007 1385 3037 ι
1403 3000 1465 3042 esse
1479 3006 1489 3037 ι
1506 2982 1641 3041 immenso
1656 2984 1755 3056 pelago

106 3076 201 3133 aewrai
211 3074 321 3131 luminis
334 3083 362 3132 et
371 3074 514 3133 luminosae
529 3070 701 3144 aeternitatis,
721 3095 733 3127 ι
750 3074 777 3130 iu
792 3075 862 3131 libro
880 3076 920 3132 lle
930 3075 1069 3149 diligendo
1085 3078 1142 3132 lieo
1152 3076 1302 3134 subfiuem.
1322 3074 1426 3132 Clarius
1450 3074 1478 3129 in
1491 3088 1618 3130 sermone
1632 3074 1755 3129 secundo
1780 3081 1785 3091 ‘

107 3165 143 3221 de
157 3172 251 3222 nucu
261 3163 383 3233 Victore,
399 3181 428 3221 ιι.
444 3166 478 3220 l:
496 3184 510 3218 a
525 3165 584 3219 lam
599 3163 680 3221 creles
694 3163 845 3238 ingressus,
860 3179 930 3237 quos
943 3174 972 3222 et
985 3172 1050 3222 ante
1064 3172 1176 3238 apertos
1189 3165 1276 3221 beatis
1290 3164 1377 3222 oeulis
1392 3162 1567 3235 suspiciebat,
1593 3177 1658 3219 rere
1681 3177 1755 3218 nunc

108 3253 229 3311 revalata
242 3251 312 3310 iacie
325 3251 481 3324 speculatur
494 3252 609 3326 gloriam
620 3253 681 3322 Dei,
697 3254 843 3325 absorptus
857 3252 976 3326 qudem,
992 3254 1041 3312 sed
1057 3270 1112 3311 non
1124 3254 1227 3311 oblitus
1240 3253 1387 3309 clamorem
1400 3268 1561 3324 pauperum.
1578 3252 1661 3308 Beata
1675 3251 1755 3321 visio,

107 3358 164 3416 qua
175 3342 204 3398 in
219 3341 345 3398 eamdem
357 3340 504 3413 imaginem
514 3341 720 3398 transformatur
733 3344 769 3398 de
782 3341 905 3398 annuae
915 3342 944 3398 in
956 3343 1115 3411 claritatem,
1131 3352 1261 3416 tanquam
1275 3340 1552 3413 abominiSpiritu.»
1568 3344 1605 3398 At
1619 3340 1757 3413 quomodo

109 3433 170 3488 baec
183 3447 246 3487 cum
261 3429 395 3503 superiori
410 3430 540 3487 demanii
553 3431 692 3487 sententis
706 3431 834 3502 componi
850 3440 974 3504 possunt,
998 3448 1059 3488 cum
1073 3433 1184 3490 disertis
1199 3432 1292 3490 serbis
1319 3436 1424 3487 asserat
1450 3445 1578 3487 sermone
1605 3440 1704 3502 quarto
1721 3430 1757 3486 de

110 3520 223 3587 mactis,
234 3536 263 3576 n.
280 3523 307 3588 2,
322 3518 370 3576 nbi
385 3520 437 3577 hoc
449 3527 639 3592 argumentum
649 3535 684 3576 ex
695 3519 820 3592 professo
836 3527 941 3591 tractat,
956 3521 1051 3577 Filium
1061 3521 1153 3578 electis
1164 3520 1220 3577 suis
1228 3526 1290 3593 post
1296 3519 1525 3576 resurrectionem
1531 3519 1754 3585 ministraturum,

111 3629 124 3660 a
141 3623 226 3666 noras
240 3607 345 3682 utique,
357 3613 385 3666 el
400 3624 489 3682 usque
499 3608 534 3664 ad
549 3615 656 3681 tempus
672 3608 738 3665 illud
751 3608 860 3682 penitus
875 3609 1150 3682 inexpertesdelicias
1160 3608 1309 3666 manifestes
1323 3625 1379 3664 suae
1403 3606 1662 3679 contemplationis?
1679 3627 1690 3657 ι
1716 3608 1757 3662 du

111 3697 181 3754 torte
194 3697 265 3755 bane
278 3697 444 3755 sententiam
457 3703 552 3770 postea
568 3698 727 3754 retractavit
742 3705 771 3754 et
784 3697 963 3756 emendaritl
977 3702 1011 3753 nt
1024 3699 1049 3754 id
1065 3697 1203 3755 affirmare
1217 3699 1245 3753 ιιι
1255 3705 1381 3770 promptu
1400 3712 1456 3754 uon
1479 3704 1531 3766 ast,
1556 3712 1616 3752 cum
1638 3702 1756 3767 tempus,

111 3800 166 3858 quo
179 3800 321 3842 sermones
336 3785 364 3841 iu
375 3786 494 3858 speciem
504 3795 659 3862 pugnantes
670 3786 755 3842 babiti
770 3794 843 3853 sunt,
858 3802 915 3843 non
928 3785 1010 3844 liceat
1022 3793 1150 3844 accurate
1173 3787 1301 3844 delinire.

146 3874 237 3933 xxti.
254 3873 304 3932 llic
318 3874 397 3931 uobis
410 3876 528 3932 occurat
536 3875 657 3932 Thomas
673 3874 779 3950 anglus
791 3874 821 3931 in
835 3875 927 3934 libello
949 3876 990 3934 De
1005 3876 1094 3935 medio
1110 3877 1261 3933 animarum
1284 3883 1364 3942 statu,
1383 3877 1519 3931 Demenso
1539 3877 1564 3942 l,
1594 3873 1640 3929 ubi
1661 3883 1759 3929 censet

112 3962 280 4020 acruardum
298 3978 314 4020 e
333 3963 457 4020 Patribus
476 3962 594 4036 primum
616 3963 757 4021 beatorum
776 3964 920 4021 animabus
943 3965 1039 4022 solutis
1061 3966 1155 4021 sedem
1178 3965 1207 4021 in
1229 3963 1299 4022 coelo
1322 3964 1460 4031 tribuisse,
1490 3980 1571 4036 quam
1600 3965 1695 4018 Patres
1715 3962 1759 4018 alii

111 4051 281 4125 antiquiores
294 4051 402 4108 nonnisi
414 4059 477 4125 post
495 4059 647 4109 extremum
659 4053 791 4124 judicium
805 4054 894 4109 beatis
908 4053 1069 4112 tribuerint:
1083 4052 1237 4127 Divinitatis
1255 4053 1387 4110 visionem
1403 4053 1507 4110 eisdem
1529 4054 1682 4127 denegasse
1696 4062 1759 4108 aute

113 4140 353 4211 resurrectionem,
368 4155 450 4215 quam
463 4141 595 4199 maionem
609 4141 729 4213 istiipsis
751 4143 948 4198 concamerint.
972 4143 1002 4198 lu
1017 4144 1100 4214 priori
1128 4128 1227 4215 ea'p'ite¹¹
1243 4144 1373 4200 Tuomam
1402 4141 1541 4198 allucinari
1570 4149 1676 4212 certum
1704 4149 1757 4208 est,

113 4231 230 4302 ejusque
243 4230 325 4289 errati
336 4235 392 4288 tres
406 4238 512 4287 tautum
526 4229 788 4303 testesprolerimus,
805 4231 980 4303 Cypriacam,
996 4213 1191 4310 atmtuumsssset'
1202 4231 1319 4289 &Florum
1343 4232 1488 4288 diaconum
1502 4230 1632 4287 Ecclesia
1653 4229 1762 4301 Lugdu·

113 4319 216 4386 nauem,
231 4333 329 4376 omnes
338 4319 478 4377 llernardo
492 4327 573 4376 aetate
582 4319 664 4392 longe
679 4319 846 4390 superiores.
862 4320 1013 4393 Cyprianus
1027 4320 1078 4377 sub
1087 4319 1256 4399 linemblibri
1270 4321 1305 4377 de
1320 4320 1523 4377 Exhortatiome
1551 4318 1682 4391 martyrii,
1697 4334 1758 4389 cap.

115 4410 168 4464 tt:
183 4430 195 4458 ι
211 4407 319 4479 Quanta
334 4416 376 4465 est
388 4407 517 4480 dignitas,
532 4429 543 4460 ι
560 4408 658 4481 iuquit,
675 4429 689 4461 r
706 4416 734 4465 et
749 4416 849 4481 quanta
865 4410 1030 4467 securitas...
1045 4408 1224 4483 clauderetiu
1239 4419 1377 4466 momento
1391 4410 1492 4474 oculos,
1517 4408 1615 4479 quibus
1637 4405 1762 4461 homiues

114 4496 279 4555 ridebantur
296 4503 325 4554 et
337 4499 471 4565 muudum
480 4506 509 4555 et
522 4498 630 4570 aperire
642 4498 755 4554 eosdem
769 4498 872 4565 statim,
887 4506 918 4554 ut
944 4501 1017 4556 Deus
1031 4499 1154 4556 rideatur
1169 4500 1316 4567 Christus?
1332 4499 1423 4555 Terris
1445 4504 1560 4569 repente
1579 4495 1759 4560 subtraheris,

114 4595 145 4643 ut
158 4586 187 4643 in
201 4585 295 4662 regnis
308 4587 468 4645 celestibus
481 4587 634 4660 reponaris.
653 4609 664 4637 ι
681 4587 792 4643 Bruuius
807 4587 833 4641 iu
848 4587 919 4644 libro
932 4587 968 4644 de
981 4587 1071 4645 Laude
1084 4589 1217 4660 martyrii.
1226 4576 1252 4640 'i‘
1260 4588 1338 4645 ttoelo
1351 4594 1485 4658 martyres
1498 4587 1629 4658 gandent.
1640 4604 1653 4635 ι
1665 4585 1762 4656 Neque

115 4690 181 4732 vero
196 4677 270 4733 solos
282 4685 428 4749 martyres,
443 4676 493 4733 sed
510 4685 537 4733 et
546 4676 715 4748 patriarchas
729 4691 761 4732 ae
774 4676 925 4748 propbetas
944 4693 1007 4734 cnm
1028 4678 1157 4749 apostolis
1180 4676 1242 4735 coeli
1264 4678 1319 4746 jam
1341 4690 1514 4748 possessores
1534 4690 1596 4732 csse
1612 4672 1711 4729 assent
1733 4672 1760 4726 in

115 4761 201 4837 priori
214 4764 283 4822 loco.
294 4764 499 4824 diminuerent
513 4766 541 4820 in
552 4764 666 4837 epistola
681 4768 713 4819 st
730 4771 843 4820 testetur
868 4779 918 4822 suo
933 4772 1057 4837 tempore
1072 4766 1268 4824 dubitationem
1279 4765 1388 4838 quidem
1398 4780 1432 4820 ca
1445 4764 1481 4820 de
1492 4779 1521 4821 re
1529 4762 1600 4834 apud
1616 4760 1763 4817 nonnullos

116 4851 212 4919 luisse,
226 4852 276 4911 sed
293 4855 438 4921 omnium,
454 4870 510 4911 non
538 4852 732 4909 manifestam:
752 4854 830 4926 qnasi
844 4853 888 4909 isti
917 4871 1039 4913 errorem
1066 4871 1156 4922 suum,
1181 4856 1227 4928 qui
1241 4861 1338 4910 contra
1366 4853 1486 4910 omnium
1514 4849 1676 4908 sententiam
1693 4846 1774 4915 aral,-

116 4938 235 5014 prodere
262 4952 433 5000 vererentur.
465 4943 546 4999 «Est
569 4957 711 5014 quoque.»
737 4942 836 5013 inquit,
858 4943 914 4998 «in
938 4943 1100 5016 quibusdum
1126 4943 1248 5000 clancula
1269 4942 1411 5010 dubitatio,
1431 4958 1466 4998 an
1484 4941 1582 4996 animae
1607 4946 1767 4994 annulorum

116 5029 312 5103 apostolorum,
330 5040 358 5087 et
376 5039 536 5103 martyrum,
552 5029 720 5103 aliorumque
735 5029 930 5103 perlectorum,
945 5040 1010 5088 ante
1026 5032 1102 5088 diem
1118 5032 1210 5103 iudicii
1224 5031 1252 5087 in
1266 5034 1380 5090 caeleste
1409 5029 1572 5101 recipientur
1592 5043 1706 5103 reguum
1724 5047 1731 5081 :
1751 5046 1762 5075 ι

119 5134 199 5192 quem
214 5117 372 5190 opinionem
387 5118 532 5191 improbat,
554 5130 637 5192 atque
652 5118 724 5176 inter
738 5120 858 5176 lraereses
881 5121 1040 5194 Hispanicas
1062 5129 1200 5193 computat
1223 5122 1361 5179 lisuinus.
1387 5122 1421 5175 At
1445 5116 1605 5173 luculentior
1632 5125 1674 5172 est
1691 5115 1764 5171 Flori

120 5208 256 5264 sententia
268 5207 297 5263 in
312 5207 483 5279 expositione
497 5208 595 5276 llissae,
606 5209 641 5264 ad
656 5209 702 5265 illa
716 5208 835 5265 (lenonis
843 5211 927 5266 verba
942 5230 950 5266 ι
967 5233 979 5260 ι
998 5211 1136 5267 llemeuto
1154 5211 1390 5280 etiam,1lomiue,
1416 5205 1588 5275 famulorum,
1606 5227 1618 5256 r
1636 5213 1702 5269 etc,
1718 5204 1765 5260 ubi

118 5297 214 5355 Floras
227 5295 265 5353 ita
278 5303 478 5354 commentatur
493 5312 501 5350 :
519 5315 533 5348 a
548 5296 622 5355 Luce
637 5299 736 5355 clarius
749 5304 865 5369 eonsut,
881 5289 949 5371 quia¹
959 5300 1142 5372 perlectorum
1153 5302 1288 5370 justorum
1301 5299 1409 5368 anime,
1425 5310 1487 5352 mox
1501 5302 1532 5351 ιιι
1553 5296 1633 5364 hujus
1647 5295 1765 5351 claustra

120 5385 209 5442 earnis
222 5392 331 5457 exeunt,
347 5387 375 5442 in
393 5383 550 5444 coelestibus
566 5386 678 5444 sedibus
697 5387 873 5462 recipiuntur.
889 5407 902 5440 ι
922 5387 992 5445 Nihil
1009 5388 1051 5467 his
1070 5390 1229 5447 testimoniis
1246 5385 1345 5444 clarius
1357 5388 1489 5444 adversus
1503 5385 1633 5440 Tuomam
1648 5381 1765 5455 augium

120 5489 170 5546 pro
184 5475 324 5544 bernardi,
338 5474 534 5533 imollcelesiae
549 5477 694 5533 sententia.
