3734 5948
140 225 215 287 ‘ara
624 217 654 277 s.
672 213 843 278 sunniam
861 214 999 277 sanaris
1016 213 1333 276 otram-rtatunsrs
1759 220 1813 285 stt

161 351 244 423 nique
253 350 303 424 qui
314 349 505 417 timetlleum,
516 341 833 418 nihilnepltpitldcele.
842 358 894 410 vu,
905 344 961 415 ta),
977 355 1001 436 p
1016 352 1046 399 ut
1059 343 1288 416 quemadmodum
1302 343 1382 404 risri
1402 342 1555 419 repellitur,
1566 355 1593 405 et
1606 344 1717 406 fertore
1730 349 1815 423 epiri-

162 441 211 497 sad
225 449 333 496 veretur
351 439 442 495 omnia
461 449 543 506 opera
557 450 617 490 sus.
1017 439 1060 489 tus
1083 432 1173 493 terror
1199 432 1367 504 extinguitur
1398 432 1612 502 desideriorum
1636 436 1679 494 sic
1697 437 1814 512 maligni

200 533 226 585 2.
237 527 367 583 ceterum
384 533 411 580 ut
425 522 536 597 grauior
549 522 584 577 sit
598 519 750 590 conflictus,
761 536 873 592 squama
887 536 963 592 equa·
1016 529 1102 577 artem
1116 529 1173 577 arte
1187 520 1308 587 deludas,
1325 531 1352 577 et
1365 522 1555 579 consuetudini
1564 524 1710 582 consilinm
1722 541 1812 600 oppo-

164 632 215 673 mae
233 614 369 686 iungitur,
385 620 413 667 et
435 612 588 668 comitantia
610 620 671 666 snnt
693 610 721 664 in
743 611 860 665 humano
882 609 964 667 corde
1016 626 1075 678 nas,
1092 607 1216 681 Alioquin
1232 609 1255 665 si
1269 609 1338 666 iorte
1352 610 1507 670 uiolentiam
1520 627 1634 684 quaeras,
1650 622 1679 671 et
1693 616 1813 690 castiga·

165 702 331 779 negligentia
354 700 406 770 sui,
429 709 457 756 et
484 699 632 756 curiositas
658 706 828 755 caeterorum.
853 697 963 769 Triplex
1016 699 1114 755 tionem
1138 700 1260 770 corporis
1275 716 1368 772 speres
1392 701 1582 758 consuetudini
1603 705 1760 776 praevalere,
1776 707 1815 763 ti·

164 792 248 857 enirn,
265 800 295 846 ut
316 792 354 845 ait
376 788 501 861 Sapiens,
518 786 720 843 incommodum
743 785 815 857 ejicit
835 786 963 842 dedomo
1018 788 1143 843 mendum
1165 788 1276 844 omniuo
1299 800 1341 845 est
1366 804 1401 845 ne
1416 790 1450 845 sit
1475 790 1646 863 perniciosus
1672 793 1760 862 labor,
1787 803 1816 852 et

164 878 370 944 inhabitantem,
386 877 486 943 iunius,
500 874 675 941 stillicidium,
692 874 764 928 mala
782 890 850 930 uxor
863 875 958 946 (Pron.
1016 876 1092 947 prius
1105 876 1165 949 ipsa
1188 877 1337 933 substantia
1365 877 1482 948 deiciat,
1501 896 1582 952 quam
1600 870 1693 938 inolita
1713 897 1816 941 conon·

165 964 458 1038 murmuriosum
483 979 546 1021 nero
568 965 628 1019 haec
657 964 771 1019 deerunt
792 962 962 1036 negligenti?
1017 965 1156 1035 piscantia,
1173 966 1321 1038 praesertim
1335 969 1407 1040 quod
1430 968 1515 1026 altera
1529 970 1655 1042 qnaedam
1668 980 1766 1029 natura
1779 973 1817 1029 sit

164 1057 275 1130 Propria
302 1054 401 1127 quippe
425 1055 472 1126 qui
503 1052 630 1126 negligit,
654 1051 758 1108 furnum
782 1066 836 1107 nou
868 1051 962 1124 abigit,
1017 1054 1075 1126 ipsa
1089 1056 1268 1122 consuetudo,
1292 1056 1477 1113 Necessarium
1493 1058 1585 1132 itaqua
1599 1060 1816 1131 eetoonsilium,

164 1162 276 1204 uxorem
303 1160 357 1200 non
386 1143 507 1216 corrigit,
529 1151 628 1198 tactum
656 1157 710 1197 non
738 1140 831 1198 reiicit.
852 1142 964 1198 Fumant
1018 1144 1060 1199 rel
1079 1145 1114 1199 ab
1128 1144 1188 1215 ipso
1203 1148 1293 1220 magni
1315 1146 1422 1202 consilii
1444 1149 1542 1220 angelo
1562 1149 1756 1217 ministratum,
1772 1149 1819 1208 rel

165 1243 283 1306 peccata,
298 1233 372 1288 nullo
395 1230 588 1288 misericordiae
612 1230 711 1296 studio,
725 1230 809 1285 nullis
831 1231 963 1300 laeryma-
1018 1234 1053 1288 ah
1067 1233 1175 1290 homine
1187 1234 1279 1307 aliquo
1292 1235 1435 1307 spirituali,
1446 1236 1492 1307 qui
1506 1238 1685 1310 cogitationes
1694 1238 1816 1311 Satanae,

166 1325 327 1381 remundis
353 1322 498 1392 exstincta3
514 1328 541 1375 et
565 1319 658 1375 sumus
687 1320 732 1375 ille
762 1321 914 1375 teterrimus
938 1330 965 1375 et
1018 1322 1223 1395 spiritualiaque
1252 1323 1371 1379 remedia
1397 1342 1451 1381 non
1474 1325 1591 1399 ignoret.
1625 1327 1819 1385 Subtrabenda

165 1413 350 1471 intolerabilis.
380 1412 544 1483 Malignutur
579 1410 717 1480 troluntas,
743 1409 803 1481 ipso
839 1410 965 1481 neglectu
1018 1411 1096 1466 nobis
1114 1411 1221 1468 occasio
1237 1422 1290 1480 est,
1305 1421 1332 1468 et
1350 1421 1537 1484 opportunitas
1551 1415 1680 1489 iuglande
1700 1416 1818 1488 pocomi

165 1502 285 1575 quotidie
306 1501 425 1556 deterior
449 1499 604 1568 semetipsa.
621 1497 707 1555 Stillat
729 1499 836 1568 superni
861 1497 965 1554 ludicis
1018 1498 1156 1572 Legimus,
1173 1500 1279 1565 iratres,
1294 1500 1322 1554 in
1337 1517 1429 1558 eremo
1444 1501 1739 1575 iornimtionisspiritn
1753 1518 1819 1579 gra·

165 1588 315 1662 indignatio
330 1604 363 1644 err
378 1588 483 1644 deiectu
503 1586 593 1658 ntique
611 1587 757 1652 charitatis,
772 1602 833 1658 quae
853 1584 964 1643 nte
1019 1588 1089 1643 riter
1101 1589 1256 1660 quempiam
1275 1588 1473 1662 impugnatum,
1495 1592 1620 1649 laudabili
1636 1608 1749 1664 prorsus
1770 1593 1819 1650 in·

165 1681 222 1734 sola
245 1677 332 1751 operit
363 1675 561 1733 multitudinem
600 1682 782 1746 peccatorum.
805 1675 966 1747 Egrediatur
981 1661 1003 1739 Β
1018 1676 1120 1733 dustria
1146 1687 1262 1749 epatre
1286 1685 1421 1738 curatum.
1449 1679 1595 1738 Advooane
1617 1680 1691 1739 enim
1722 1683 1820 1740 sanim

164 1768 256 1839 itaque
271 1767 341 1822 laras
360 1781 473 1823 necesse
490 1772 540 1832 est,
558 1772 585 1818 et
602 1763 734 1822 curiosius
748 1764 881 1820 exteriora
895 1780 965 1821 con·
1021 1765 1128 1821 lratrcm
1151 1766 1262 1823 alterum
1278 1774 1391 1833 secreta,
1416 1768 1498 1838 jussit
1513 1776 1543 1826 ιιι
1565 1770 1689 1826 eumdem
1703 1771 1820 1827 lacesse·

166 1857 277 1925 siderei,
288 1856 334 1928 qni
349 1856 389 1911 sio
403 1854 511 1910 interna
525 1852 649 1924 despicit,
665 1851 802 1925 praeterita
816 1866 869 1908 non
883 1851 967 1922 respi·
1021 1863 1060 1909 ret
1074 1854 1179 1926 injuriis
1191 1874 1199 1926 ς
1214 1865 1241 1911 at
1263 1856 1336 1926 prior
1349 1856 1418 1928 ipse,
1433 1857 1510 1928 quasi
1525 1867 1634 1930 accepta
1647 1858 1681 1914 ab
1695 1875 1730 1916 eo
1743 1860 1819 1931 inin·

166 1945 213 2016 cit,
233 1944 377 2018 presentia
399 1959 455 2000 non
482 1942 600 2012 inspicit,
617 1941 707 1998 lutura
734 1956 789 1997 non
820 1940 961 2015 prospicit.
1021 1942 1070 2010 ria,
1092 1952 1260 2014 quereretur.
1276 1942 1443 2003 anxiabatur
1462 1945 1518 2016 illa,
1538 1952 1566 2004 at
1583 1946 1715 2004 oonlnsns
1728 1949 1814 2006 vaire·

166 2035 310 2092 Evidenter
335 2032 448 2105 proinde
471 2031 621 2089 curiositati
646 2031 732 2102 pietas
756 2030 923 2094 adversatur,
940 2038 967 2085 et
1021 2039 1135 2100 menter,
1149 2031 1188 2089 sic
1202 2033 1230 2087 in
1244 2031 1320 2089 breui
1337 2034 1440 2092 oblitus
1454 2042 1496 2093 est
1511 2034 1630 2106 pristinae
1649 2037 1817 2109 mutonis,

166 2140 247 2197 quem
274 2121 357 2179 illaa
384 2122 470 2178 corde
499 2119 669 2190 aununtiate
697 2127 814 2176 revocat.
834 2117 966 2173 Nimirum
1020 2125 1050 2174 nt
1065 2121 1185 2191 querenti
1210 2121 1243 2176 dc
1272 2136 1304 2176 ea
1327 2136 1382 2178 non
1408 2122 1469 2179 sine
1492 2123 1670 2181 admiratione
1699 2125 1818 2197 piurima

167 2214 250 2283 pietus
268 2212 370 2266 illaesi
387 2208 556 2275 cultusDei3
572 2208 641 2265 etin
656 2208 737 2264 corde
754 2207 854 2265 colitur
872 2207 919 2279 qui
937 2207 966 2262 in
1023 2209 1198 2280 responderet
1213 2227 1219 2267 :
1236 2206 1332 2282 Papael
1359 2210 1449 2268 rivere
1473 2227 1528 2268 nnn
1549 2213 1621 2280 licat,
1639 2219 1669 2271 ct
1685 2214 1818 2274 luminari

166 2300 248 2356 corde
272 2299 446 2374 cognoscitur
470 2297 600 2355 hahitare.
616 2297 689 2353 Parit
707 2303 799 2352 autem
822 2295 967 2352 curiositas
1020 2295 1224 2370 liherctl(Vide
1234 2298 1263 2354 S.
1273 2299 1820 2376 hierenspistrdttastteeireamed.)

166 2387 358 2460 experientiam
377 2387 451 2455 mali,
470 2396 500 2442 ut
517 2386 597 2443 facila
614 2386 660 2457 qni
677 2400 723 2455 per
747 2385 829 2439 multa
843 2390 965 2459 vagatur,
1056 2388 1083 2441 li.
1100 2385 1153 2441 Sed
1176 2384 1246 2442 forte
1270 2388 1384 2443 necdum
1399 2389 1472 2445 venit
1495 2388 1539 2445 cui
1563 2389 1675 2447 uictoris
1696 2392 1819 2464 reposita

167 2475 297 2540 oliendat,
326 2473 403 2530 facile
426 2476 506 2530 cadat
535 2477 561 2529 in
590 2474 727 2545 laqueum,
752 2471 828 2528 lanile
850 2472 969 2527 iuveniat
1022 2482 1062 2528 est
1076 2490 1158 2546 quem
1177 2475 1328 2546 triumphus
1349 2485 1450 2541 manet,
1477 2479 1634 2536 cuionrona
1648 2479 1774 2552 debetur,
1790 2491 1820 2538 et

167 2565 240 2638 quod
264 2563 416 2634 perniciose
443 2563 567 2620 delectet.
589 2561 717 2632 Confligit
744 2577 807 2617 sane
837 2552 967 2619 adversus
1022 2571 1191 2635 contemptus
1205 2579 1238 2619 err
1256 2565 1451 2621 cousuetudine
1474 2567 1586 2637 prodit:
1605 2575 1635 2624 nl
1654 2574 1732 2626 tento
1746 2571 1818 2629 libe-

168 2654 238 2710 banc
260 2651 379 2708 scientiar
402 2650 526 2724 spiritus,
540 2652 643 2708 docens
670 2651 770 2723 eligere
793 2650 905 2719 bonum,
923 2667 966 2704 re·
1022 2651 1087 2717 rius,
1104 2662 1205 2724 quanto
1220 2651 1390 2724 desperatius
1404 2669 1528 2724 peccam,
1549 2663 1619 2711 tntae
1640 2656 1699 2726 jam
1712 2672 1819 2716 eoncu-

168 2744 285 2816 prohare
301 2741 525 2808 malum3docens
536 2739 603 2813 quid
619 2738 797 2812 periculosum
813 2738 857 2806 sit,
867 2739 967 2811 quidve
1023 2739 1164 2808 pisncntiae
1188 2740 1258 2796 laxet
1281 2742 1409 2808 habenas,
1436 2750 1494 2799 toto
1531 2743 1634 2815 impetu
1660 2744 1764 2802 leretur
1789 2746 1819 2802 in

168 2831 293 2902 expediat
311 2831 440 2901 experiri.
1022 2842 1153 2898 preceps,
1165 2827 1375 2899 sicutscriptum
1388 2836 1430 2885 est
1443 2843 1453 2881 .·
1473 2832 1606 2889 Peccator
1618 2846 1686 2889 cum
1706 2837 1819 2892 merit

205 2925 231 2977 3.
248 2920 440 2976 Verumtamen
454 2921 481 2975 in
504 2917 595 2974 multis
607 2919 665 2989 jam
678 2917 705 2973 in
724 2916 965 2989 concupiscentiam
1021 2918 1052 2972 irs
1064 2917 1241 2990 profundum
1252 2919 1394 2974 mulorum
1407 2921 1565 2977 coutemnit
1578 2920 1670 2990 (Pron.
1680 2924 1816 2993 amiud).

168 3009 336 3081 experientia
361 3009 475 3065 transire
490 3008 607 3065 videtur.
622 3007 712 3063 Habes
735 3007 787 3062 hoa
811 3007 911 3078 gradus
938 3005 966 3061 in
1021 3006 1099 3061 Hunc
1112 3020 1180 3078 ergo
1194 3014 1377 3077 contemptum
1390 3022 1499 3064 necesse
1508 3016 1550 3064 est
1563 3015 1593 3065 ut
1605 3008 1722 3078 spiritus
1734 3010 1818 3067 intel-

170 3099 236 3154 Dina
251 3098 305 3155 filia
323 3099 415 3167 Jacob,
431 3115 510 3171 qnam
526 3097 664 3166 nimirum,
683 3099 716 3151 ad
736 3095 882 3152 ridendum
898 3095 966 3151 alie·
1021 3093 1106 3149 lectus
1118 3093 1270 3168 impugnet,
1286 3094 1445 3152 illuminans
1456 3095 1579 3151 tenebras
1592 3094 1818 3154 onmieetiuoem

169 3188 281 3262 nigenas
301 3187 426 3243 mulieres
445 3202 592 3262 egressam,
607 3187 689 3242 limnr
707 3184 778 3241 lilius
799 3184 905 3241 Sicham
922 3200 968 3239 ra·
1021 3182 1119 3238 divium
1134 3183 1326 3239 misericordiae
1350 3193 1378 3239 et
1397 3183 1515 3255 copiosae
1530 3183 1711 3241 miserationis
1723 3184 1819 3242 iniun-

170 3278 272 3348 puisse,
288 3278 454 3347 corrupisse,
468 3291 501 3332 ac
523 3275 622 3332 deinde
642 3275 747 3332 tristem
767 3273 904 3330 blanditiis
918 3272 967 3330 dc·
1021 3271 1098 3328 dens.
1118 3272 1297 3344 intelligentia
1315 3287 1414 3342 nempe
1429 3272 1527 3329 divinis
1540 3281 1568 3330 et
1581 3272 1724 3331 altissimis
1737 3275 1821 3332 rebus

169 3364 262 3420 linisse
276 3364 385 3436 legitur,
402 3365 439 3420 ita
453 3371 482 3419 ut
499 3364 573 3419 illius
587 3364 685 3419 animae
698 3363 788 3419 anima
801 3364 862 3434 ejus
875 3362 969 3418 adhae-
1021 3360 1191 3417 attribuenda
1204 3370 1257 3431 ast,
1272 3377 1339 3433 quaa
1358 3359 1467 3433 quidem
1483 3360 1552 3419 ratio
1565 3362 1682 3418 bumana
1707 3361 1820 3421 1118

171 3452 236 3508 serit
251 3453 332 3522 (Gen.
349 3467 451 3516 xxxiv,
470 3452 534 3523 te).
550 3451 617 3507 Dion
631 3460 720 3507 autem
734 3453 762 3507 in
775 3451 969 3521 concupiscen·
1022 3446 1186 3515 nullatcnus,
1205 3447 1313 3505 difliclle
1327 3456 1415 3506 autam
1429 3449 1473 3506 vel
1485 3447 1553 3506 lidos
1566 3449 1625 3522 ipsa
1642 3451 1820 3523 eomprehen-

173 3540 247 3606 dam,
263 3549 298 3607 et,
314 3549 344 3597 ιιι
368 3539 504 3612 Propheta
527 3538 659 3607 meminit,
675 3539 703 3595 in
725 3538 849 3596 attacum
878 3538 969 3595 cordis
1022 3537 1087 3593 dare
1102 3538 1196 3610 possit,
1211 3545 1241 3592 nt
1256 3547 1297 3593 est
1318 3537 1407 3593 illud:
1431 3538 1479 3598 lili
1501 3538 1657 3597 mundum
1669 3538 1818 3610 deliciunt,

172 3631 300 3687 transisse
322 3629 458 3687 hominem
476 3629 524 3702 qui
544 3628 633 3702 legem
657 3628 761 3701 spreuit
775 3629 863 3702 (Psoi.
877 3643 968 3699 txxrr,
1022 3625 1261 3699 superabundavit
1272 3631 1300 3684 et
1313 3627 1406 3699 protis
1421 3627 1511 3698 (Rom.
1527 3643 1556 3696 v,
1571 3627 1628 3699 20).

120 3710 122 3715 ’
171 3720 211 3790 7),
230 3721 398 3777 honestatem
420 3718 532 3790 abjecit,
556 3715 681 3774 valefecit
708 3716 815 3788 pudori,
846 3718 970 3775 timorem
1058 3719 1085 3772 6.
1101 3717 1159 3771 iam
1174 3716 1198 3772 si
1211 3725 1383 3790 contemptus
1397 3716 1552 3787 perstiterit,
1564 3714 1695 3777 tondere
1711 3731 1820 3776 neooest

172 3815 264 3864 autam
291 3807 401 3864 Domini
429 3810 537 3881 penitus
562 3807 698 3874 transiliit,
726 3805 839 3879 soloque
865 3807 971 3863 vehitur
1024 3812 1103 3862 estet
1126 3804 1267 3877 malitiam,
1281 3813 1310 3862 ut
1324 3822 1405 3876 quam
1433 3813 1521 3877 potest
1541 3805 1819 3865 consolationemde-

173 3895 303 3966 appetitu,
318 3896 439 3966 sequitur
462 3895 710 3966 concupiscentiam
732 3894 827 3967 solam,
843 3896 901 3951 sola
916 3903 971 3949 tra·
1025 3907 1148 3964 speratus
1162 3893 1395 3964 miseradmittat;
1411 3903 1438 3951 et
1456 3895 1499 3952 cui
1516 3911 1572 3953 non
1588 3904 1711 3967 estpars
1727 3894 1822 3951 inbo-

174 3983 246 4039 hitur
258 3983 406 4055 uoluptate,
424 3976 451 4040 et
470 3991 511 4039 est
532 3984 603 4056 apud
618 4000 680 4042 eum
698 3999 748 4055 pro
762 3983 864 4040 ratione
877 3984 972 4040 uolnu-
1025 3983 1078 4047 nis,
1094 3983 1198 4038 laetctur
1211 3983 1254 4040 rel
1269 3983 1297 4038 in
1312 3984 1408 4056 malis3
1431 3984 1535 4040 lmtelur
1559 4000 1620 4040 cum
1634 3983 1706 4041 male
1718 3983 1820 4051 ieeemt,

105 4059 110 4068 ’
175 4080 223 4128 tas.
240 4070 337 4128 Contra
360 4073 428 4128 lianc
449 4070 533 4142 igitur
552 4073 794 4143 concupiscentiam
813 4071 972 4127 malidimi-
1024 4080 1051 4127 at
1064 4071 1216 4146 exsultetin
1232 4075 1314 4128 rebus
1327 4071 1464 4143 pessimis.
1475 4072 1515 4128 Ex
1529 4073 1573 4128 hie
1586 4086 1653 4146 ergo
1666 4072 1756 4129 solrrm
1769 4074 1822 4131 hnc

174 4171 218 4218 cat
235 4159 363 4218 iortitudo
379 4178 386 4218 :
405 4175 493 4232 neque
518 4161 590 4215 anim
610 4160 666 4215 nlla
691 4161 760 4229 jam.
776 4161 828 4216 nisi
843 4160 871 4216 in
889 4176 971 4215 manu
1027 4160 1175 4215 remedium
1191 4167 1241 4232 est,
1267 4167 1296 4215 ut
1318 4160 1377 4232 ipsa
1396 4162 1525 4218 aduersus
1546 4159 1677 4216 malitiam
1692 4160 1822 4232 sapientie

174 4247 247 4318 lorti,
261 4249 383 4306 liberatio
399 4253 448 4306 est.
464 4248 569 4305 indicat
585 4249 637 4305 sihi
651 4249 733 4304 homo
745 4250 860 4320 jejunia,
874 4263 972 4322 corpus
988 4229 1012 4309 ὓ
1027 4248 1226 4320 congrediatur,
1258 4249 1420 4323 propriaque
1445 4255 1559 4306 dextera
1584 4248 1734 4323 praelietur,
1762 4263 1821 4321 quet

174 4337 288 4409 castiget
303 4346 330 4394 at
344 4337 471 4408 subjiciat
484 4335 617 4402 servituti,
634 4352 667 4393 ne
682 4335 752 4392 iorte
764 4339 821 4408 jam
836 4337 974 4394 deradice
1027 4338 1204 4393 succumbere
1220 4339 1329 4395 omnino
1344 4353 1397 4394 non
1426 4338 1509 4395 nouit.
1538 4335 1653 4406 Quando
1675 4337 1743 4395 enin
1760 4337 1821 4393 libe·

174 4427 279 4485 colubri
302 4429 458 4501 egrediatur
481 4427 602 4501 regulus,
619 4427 652 4483 de
673 4428 892 4499 concupiscentia
906 4444 974 4485 con·
1029 4434 1101 4482 ratur
1115 4426 1161 4496 qni
1176 4425 1203 4480 in
1218 4426 1383 4498 Babylonem
1398 4425 1482 4500 [olins
1495 4423 1700 4500 habitationem]
1714 4426 1822 4483 descen

175 4517 298 4574 atretndn.
319 4516 553 4588 Quemadmodum
581 4517 653 4574 enim
680 4517 782 4573 misera
809 4517 921 4574 nimium
948 4528 976 4575 et
1029 4512 1822 4588 diltssissiplaeletliaiulinbenedictionibustuptmoeduitt·

176 4605 337 4663 miserabilis
358 4607 474 4663 humana
496 4605 638 4680 fragilitas,
658 4605 718 4662 sine
740 4606 844 4679 pruritu
868 4621 974 4664 eoncu-
1030 4602 1146 4675 dinis‚nt
1154 4601 1256 4660 clauum
1265 4603 1356 4659 clarus
1366 4603 1492 4676 expellat,
1504 4612 1532 4660 et
1542 4601 1696 4676 pestiferam
1706 4602 1823 4660 dulcedi

177 4694 318 4766 piscentioe
339 4704 387 4750 ant
406 4695 508 4765 impetu
537 4694 675 4761 desiderii,
691 4695 752 4750 sola
779 4694 975 4751 consuetudine
1029 4690 1823 4764 nemuitiorumjucnnditasspiritusiisunctionisexolnduti

175 4780 232 4853 ipsa
260 4783 295 4838 ad
322 4780 415 4839 illicita
446 4783 578 4848 trahatur,
610 4782 713 4839 utinam
741 4782 867 4839 omnibns
894 4783 976 4838 liceat
1064 4781 1092 4838 t.
1107 4779 1224 4853 attingit
1237 4794 1304 4853 ergo
1318 4795 1334 4835 a
1348 4778 1401 4835 line
1414 4797 1503 4853 usque
1517 4781 1554 4836 sd
1568 4778 1650 4836 linem
1662 4779 1824 4838 fortitersa·

175 4869 316 4944 ignoraret
341 4872 473 4929 Nimirum
507 4882 645 4944 peccatum
672 4870 783 4936 iaciens,
811 4886 907 4928 servus
934 4878 976 4928 ast

178 4961 280 5030 peccari
301 4963 395 5033 (loun.
420 4977 480 5031 vm,
506 4963 562 5031 at),
587 4976 683 5016 servus
709 4960 787 5030 plane
809 4959 921 5029 diaboli,
941 4961 975 5017 ad
1032 4958 1174 5014 inserendo
1194 4957 1315 5015 virtutes.
1341 4958 1479 5015 Excutitnr
1503 4957 1634 5030 siquidem
1649 4958 1824 5033 negligentia,

179 5062 260 5117 prava
282 5065 394 5122 qumque
413 5057 493 5123 prout
508 5049 628 5120 ¹trahitur
647 5063 775 5121 sequens,
796 5063 880 5120 aquo
893 5049 976 5106 nimi·
1030 5056 1060 5104 ut
1074 5047 1177 5105 timoris
1190 5048 1303 5118 spiritus
1317 5048 1419 5121 repleat
1434 5055 1553 5104 mentem
1570 5064 1577 5117 ;
1592 5048 1724 5120 abjicitur
1736 5047 1824 5104 earini

179 5151 238 5192 rum
253 5137 374 5208 captivus
392 5145 507 5209 tenetur,
526 5139 559 5195 ad
574 5137 661 5209 ipsius
675 5137 850 5195 uoluntatem.
1029 5140 1105 5206 sitas,
1121 5146 1151 5193 ut
1165 5137 1291 5194 succedat
1312 5136 1413 5208 pietas;
1443 5137 1612 5210 experientia
1632 5134 1697 5191 mali
1718 5135 1826 5208 tegatur

216 5229 242 5282 l.
258 5226 307 5282 Est
329 5234 422 5283 autem
443 5228 610 5284 cousuetudo
631 5227 689 5284 haec
702 5229 793 5298 gravis
812 5227 936 5298 quaedam
950 5235 977 5286 el
1030 5227 1229 5300 apponiturque
1240 5225 1362 5283 scientia.
1379 5226 1424 5283 Sic
1437 5233 1464 5282 et
1478 5225 1708 5297 concupiscentias
1721 5240 1825 5298 prere·

179 5314 333 5387 perniciosa
356 5321 458 5382 catena,
481 5316 611 5374 solvende
639 5315 733 5388 utiquc
757 5315 871 5382 facilius,
895 5333 976 5390 quam
1031 5316 1067 5373 let
1085 5315 1225 5386 tortitudo,
1241 5321 1268 5371 et
1283 5314 1426 5372 consilium
1444 5315 1670 5373 consuetudinem
1690 5321 1824 5389 amputat,

180 5403 345 5478 rumpends3
360 5410 390 5460 nt
403 5404 447 5460 hic
460 5404 576 5461 maxime
591 5405 706 5479 uulgare
721 5403 786 5461 illud
802 5406 976 5476 proverbium
1029 5413 1058 5462 et
1070 5405 1223 5465 intellectus
1240 5407 1336 5480 rigens
1359 5413 1544 5478 contemptam
1559 5410 1724 5472 monetet
1738 5404 1824 5477 dispar

178 5490 303 5552 rideatur
329 5491 463 5568 usurpari,
480 5492 638 5552 industriam
660 5491 787 5552 uiolentia
814 5492 948 5567 potiorem
965 5511 974 5558 t
1032 5504 1109 5553 ronta
1120 5495 1232 5553 omnino
1245 5492 1355 5566 malitia,
1374 5493 1505 5568 artemis
1521 5502 1619 5572 mgna.
1638 5490 1701 5564 om
1717 5492 1824 5569 quidem
