3734 5948
73 234 128 296 bbll
693 232 866 295 semotas
885 234 930 295 ob
944 232 1106 297 manuali.
1670 238 1726 304 εκ

74 362 143 419 tides
162 378 216 418 nan
230 360 302 417 beta.
317 362 378 418 Non
394 361 455 417 bota
471 368 560 417 autem
570 360 683 431 ponitur
696 359 731 415 ad
747 360 877 418 dillarea-
892 370 1035 455 flsamper
1049 361 1181 419 Encelsns
1195 362 1313 432 respicit,
1332 372 1359 418 et
1380 363 1434 418 alta
1456 366 1571 437 alonge
1584 369 1725 440 cognoscit

73 452 142 518 dam
156 459 273 508 morture
286 449 360 520 lldci,
375 459 402 507 et
415 449 494 508 ficte.
519 449 625 506 llortua
653 448 720 505 tides
734 457 787 518 est,
816 464 877 522 qnae
937 450 1024 518 (Psoi.
1039 466 1157 516 cassan,
1172 451 1211 521 b).
1231 451 1381 508 llumilibus
1394 452 1439 508 dat
1458 455 1582 528 gratiam,
1602 457 1725 528 superbis

72 541 133 597 sine
147 540 275 612 operibus
298 548 341 595 est
356 540 423 595 lides
441 538 514 607 licta,
531 554 592 611 quas
606 538 640 592 ad
655 546 763 610 tempus
777 539 877 607 credet,
935 539 1036 595 resistit
1054 542 1124 611 (iao.
1146 555 1185 608 tv,
1209 542 1248 611 d).
1274 540 1326 597 Sed
1350 539 1419 598 forte
1439 557 1474 601 tte
1497 542 1524 598 in
1549 543 1592 600 hls
1613 546 1723 616 quidam

72 640 101 687 et
116 630 282 701 intempore
300 628 456 685 tentationis
482 627 602 696 recedit;
618 628 690 685 unde
711 629 790 684 etiam
807 627 879 701 dcta,
934 625 1039 683 duabus
1062 628 1182 684 metretis
1203 628 1282 700 plena
1299 638 1342 686 est
1362 630 1460 701 hydria
1483 640 1529 688 tua
1548 649 1555 690 :
1571 648 1657 704 capax
1681 644 1726 690 est

72 719 100 774 id
116 728 158 776 est
169 717 282 793 fragilis,
299 716 407 773 dieitur.
931 715 1010 772 aiant
1030 716 1126 786 tertia,
1140 726 1170 774 ut
1182 733 1237 773 non
1256 719 1337 774 modo
1351 721 1463 791 angelus
1478 727 1505 776 et
1525 721 1658 793 jumenta,
1673 723 1723 779 aad

109 804 877 879 6.anomniabreviuspossumuscolligere,utlacilius
931 804 990 876 ipse
1016 806 1075 876 lam
1100 806 1175 862 bibat
1196 807 1405 865 architriclinus.
1428 809 1486 865 iloc
1522 811 1606 865 anim'
1630 812 1721 869 vinum

71 896 296 952 commendentur
309 894 456 953 memoriae.
474 896 603 951 Dicamus
621 908 687 968 ergo
703 909 711 947 ι
726 892 775 950 Est
789 892 876 949 Trini·
930 893 1043 962 bonum,
1062 897 1135 967 quod
1167 896 1332 951 smvaaimus
1359 912 1447 968 usque
1471 898 1569 966 adhuc,
1600 899 1724 956 minister

72 991 116 1038 tas
130 984 258 1050 creatrix,
279 984 359 1040 Pater
372 990 398 1039 et
416 980 499 1037 Filius
518 989 544 1037 rt
560 980 677 1052 Spiritus
701 990 822 1054 sanctus,
842 998 876 1038 ex
930 981 1044 1055 angelus
1058 983 1159 1052 haurit,
1173 980 1224 1041 sod
1239 991 1270 1039 nt
1292 984 1358 1043 ierat
1381 985 1563 1042 architriclino
1582 990 1673 1052 (ioan.
1690 1003 1721 1055 u,

71 1087 125 1143 qua
140 1070 238 1126 cecidit
252 1081 341 1126 creata
356 1069 471 1136 trinitas,
486 1069 628 1135 memoria,
648 1069 717 1126 ratio
732 1081 760 1125 ct
774 1071 874 1126 volun·
929 1069 1017 1139 bibl.
1042 1071 1147 1128 Patrem
1172 1073 1278 1145 loquor,
1308 1073 1354 1145 qui
1381 1073 1544 1146 principium
1571 1074 1721 1144 ibinitatis,

72 1168 124 1215 tas.
150 1160 185 1215 Et
199 1167 240 1215 est
258 1159 362 1216 trinitas
384 1175 434 1231 per
452 1174 532 1231 quam
554 1157 661 1227 cecidit,
684 1157 809 1215 videlicet
827 1174 876 1231 per
929 1159 1125 1216 architriclinus
1145 1161 1208 1231 jure
1236 1172 1359 1217 vocatur.
1382 1162 1429 1218 itit
1447 1178 1512 1218 sane
1535 1165 1659 1236 angulus,
1678 1165 1721 1221 ie-

71 1248 287 1321 squestionem,
318 1247 526 1304 delectationem
567 1262 742 1304 consensum.
771 1246 804 1303 Et
835 1256 876 1304 est
928 1248 1094 1305 canditatem
1121 1248 1213 1306 blarioe
1243 1252 1456 1318 commendans,
1485 1267 1548 1325 qnae
1575 1253 1654 1311 tertia
1680 1261 1723 1310 cst

71 1336 178 1393 trinitas
198 1336 224 1392 in
244 1352 324 1408 quam
339 1336 447 1403 cecidit,
463 1335 589 1392 videlicet
607 1335 776 1407 impotentia,
795 1337 875 1392 creci-
930 1343 1040 1393 metreta
1056 1356 1062 1394 :
1081 1339 1157 1408 Qoad
1169 1355 1207 1397 cn
1222 1344 1250 1396 tc
1262 1343 1396 1398 noscetur
1411 1340 1558 1407 mactum,
1573 1342 1723 1400 occulitur

70 1435 121 1498 tas,
147 1423 328 1481 immunditia.
353 1424 457 1480 Rursus
476 1422 583 1481 trinitas
597 1440 658 1496 quae
672 1424 779 1491 cecidit,
793 1424 876 1485 idest
929 1427 1019 1482 Filias
1038 1428 1089 1482 Dei
1106 1427 1183 1498 (Lac.
1197 1444 1218 1497 r,
1241 1428 1288 1498 ab)
1304 1443 1310 1483 :
1326 1444 1358 1485 aa
1371 1428 1397 1485 si
1409 1431 1481 1487 dicu
1499 1444 1512 1485 ε·
1528 1431 1597 1487 Corn
1614 1448 1646 1488 ao
1662 1432 1721 1488 solo

70 1515 213 1583 memoria,
225 1515 306 1584 ratio,
318 1514 454 1571 voluntas.
471 1513 593 1586 Singulae
607 1515 742 1587 cujusque
757 1514 876 1587 triparti.
931 1514 978 1570 tibi
995 1523 1037 1570 est
1053 1518 1193 1588 generatio
1210 1517 1265 1575 ista
1276 1518 1437 1575 murmanis.

70 1615 115 1660 tut
135 1602 242 1660 exstitit
259 1618 347 1659 casus.
364 1603 494 1659 blemoria
512 1602 610 1659 cecidit
633 1602 661 1659 iu
688 1609 743 1658 tres
765 1602 876 1675 species
1160 1604 1277 1664 stando
1294 1606 1392 1665 xlvii
1404 1607 1490 1678 (1⁰³).

68 1691 272 1765 cogitationum,
303 1691 473 1759 affectuosas,
498 1705 640 1757 onerosas,
660 1691 770 1747 otiosas.
796 1656 909 1748 ilatioB
1125 1695 1166 1752 Dc
1185 1697 1367 1769 quadruplici
1385 1697 1527 1768 mperata.

69 1782 97 1838 in
113 1780 247 1853 triplicem
262 1780 442 1852 ignorantiam
458 1798 464 1836 :
480 1779 545 1836 boni
561 1787 588 1836 et
603 1779 679 1848 mali,
689 1778 749 1836 aeri
760 1788 788 1837 et
800 1780 874 1847 ialal,
965 1785 1028 1849 Ana,
1044 1783 1142 1850 daria,
1151 1787 1248 1855 pratia
1259 1786 1357 1857 placa.
1376 1785 1447 1841 aare
1462 1785 1555 1857 plena,
1570 1785 1636 1859 quta
1650 1787 1719 1857 Deo,

69 1869 208 1930 commodi
220 1877 248 1927 ει
256 1869 432 1926 incommodi.
444 1869 573 1927 Voluntas
582 1868 611 1924 in
626 1868 874 1941 concupiscentiam
927 1879 955 1927 et
974 1871 1088 1944 augelis,
1104 1880 1131 1929 et
1152 1872 1308 1931 horninibus
1329 1883 1417 1945 prata.
1433 1872 1595 1931 llominibue
1610 1891 1657 1944 per
1676 1874 1719 1931 ie·

41 1958 169 2030 'carnin
191 1958 435 2030 concupiscentiam
476 1959 626 2023 oculorum,
651 1965 678 2013 et
697 1957 873 2016 ambitionem
926 1958 1106 2029 canditatem,
1133 1961 1237 2031 engolis
1268 1975 1316 2030 per
1350 1960 1551 2032 virginitatem,
1581 1964 1640 2021 Deo
1673 1979 1721 2036 per

67 2047 172 2106 saeculi.
187 2048 233 2105 Est
248 2047 353 2103 trinitas
371 2062 418 2120 per
432 2062 513 2121 quam
533 2047 662 2120 resurgit,
677 2046 779 2105 scilicet
792 2046 871 2126 uass,
927 2046 1114 2103 humilitatem.
1129 2047 1162 2101 ln
1182 2047 1233 2103 boc
1255 2045 1366 2105 tertios
1388 2048 1504 2105 Domino
1518 2065 1548 2106 se
1562 2059 1716 2122 muctam

10 2146 13 2203 j
68 2152 143 2211 spes,
154 2136 280 2194 charitas.
290 2135 357 2206 Quae
373 2136 543 2193 trimembres
551 2136 652 2192 babent
658 2135 873 2193 subdivisiones.
927 2142 1039 2191 tecuam
1052 2137 1131 2207 tica.
1146 2151 1165 2203 ι,
1178 2138 1223 2206 aa,
1233 2134 1293 2203 ta),
1308 2135 1356 2208 qui
1365 2136 1480 2195 humilia
1493 2138 1615 2208 respicit,
1625 2145 1654 2197 at
1667 2138 1722 2196 alta

68 2223 869 2301 listemmlidespraecaptorum,siqnorom,promissorum3
924 2237 940 2276 a
963 2222 1044 2294 longe
1064 2222 1214 2293 cognoscit.
1239 2223 1329 2295 (Psoi.
1347 2240 1478 2294 masur,
1501 2225 1540 2298 b).
1558 2226 1721 2285 sicutenim

66 2322 151 2369 estet
172 2326 235 2383 spes
250 2309 345 2377 veniae,
361 2310 465 2382 gratiae,
482 2309 593 2385 gloriam
609 2320 635 2366 et
649 2322 691 2366 est
704 2311 822 2369 charitas
837 2312 871 2368 dc
925 2309 995 2368 oculi
1010 2312 1115 2369 Satauae
1130 2326 1211 2369 omna
1226 2310 1341 2369 sublima
1356 2312 1457 2382 videat,
1472 2313 1510 2375 ita
1524 2314 1597 2371 oculi
1609 2315 1721 2381 Domini

10 2430 14 2511 q
65 2400 149 2457 corde
172 2413 251 2470 poro,
267 2406 295 2470 ει
314 2398 480 2454 conscientia
503 2399 583 2465 bona,
599 2408 626 2454 et
648 2396 701 2455 fide
725 2415 779 2455 non
800 2399 868 2456 licta.
923 2414 1032 2455 omnem
1060 2399 1189 2456 bum’dem
1217 2400 1366 2461 intuentur.
1396 2402 1721 2467 ducominunam

283 2486 402 2543 stanno
437 2486 522 2542 Xblll
555 2486 654 2557 (ΝΥ).
922 2487 1108 2545 canticorum:
1121 2491 1280 2556 accersere,
1291 2491 1722 2561 mommorenciacensem

119 2581 158 2637 Dc
177 2577 357 2653 l'irqim'totis
372 2582 401 2634 et
423 2576 601 2632 hamilitatis
625 2577 813 2636 connexione.
923 2580 990 2644 tare,
1002 2581 1153 2644 revertare,
1160 2581 1194 2635 αι
1204 2580 1371 2637 intuamur
1382 2584 1409 2636 ια
1419 2581 1516 2650 (dant.
1530 2595 1569 2646 rt,
1581 2580 1638 2653 ta).
1647 2580 1722 2651 Qua-

102 2669 169 2734 doe,
185 2667 286 2731 Maria,
301 2665 399 2738 qratia
411 2666 509 2738 plena
524 2663 585 2718 Non
600 2661 628 2718 in
644 2664 704 2721 sola
715 2664 868 2740 virginitate
922 2673 963 2722 ter
971 2666 1046 2734 dicit,
1058 2672 1208 2736 revertero,
1216 2675 1325 2739 propter
1333 2668 1540 2740 quadruplicem
1551 2668 1720 2741 superbiam,

64 2763 191 2813 constare
219 2761 323 2827 poterat
354 2751 451 2827 qratiae
479 2750 620 2822 plenitudo
651 2755 868 2827 :nequeenim
923 2772 971 2827 per
996 2773 1078 2830 quam
1099 2773 1197 2815 arama
1224 2771 1241 2813 a
1267 2757 1383 2817 Domina
1410 2772 1465 2813 non
1494 2758 1647 2817 ridebatur.
1671 2758 1721 2817 Est

65 2844 192 2902 omnibns
214 2850 257 2900 est
278 2842 313 2897 de
327 2858 359 2898 aa
375 2840 507 2912 accipere.
524 2838 630 2898 Felices
646 2841 763 2914 quinon
778 2842 868 2916 inqui·
921 2845 993 2902 enim
1006 2845 1136 2918 superbia
1149 2844 1250 2914 cordis,
1262 2845 1717 2917 superbiaormuperbittopcris,

64 2940 200 2990 naverunt
226 2929 340 2988 naa
363 2928 524 2988 vestimenta
552 2942 613 2996 sna,
637 2938 663 2987 et
687 2946 749 2987 cum
773 2933 866 3004 regina
921 2934 1047 3006 superbia
1060 2933 1333 3007 mbitns;Superuis
1348 2934 1442 2989 cordis
1455 2935 1623 3009 aequando
1637 2937 1719 2992 bomo

64 3028 159 3079 nostra
180 3019 343 3093 virginitatis
366 3018 514 3092 priveleqio
536 3018 696 3090 gloriantur.
722 3018 775 3076 Sed
799 3036 865 3077 num
885 3022 1046 3105 cinoculis
1069 3021 1126 3085 auis
1150 3035 1269 3092 magnus
1292 3031 1343 3077 est.
1366 3020 1473 3081 Contra.
1490 3036 1571 3091 onam
1600 3020 1718 3091 &mons

65 3126 149 3168 unam
164 3117 268 3169 tantum
283 3107 500 3166 benedictionem
519 3106 617 3172 babes,
637 3106 808 3164 oDornina?
831 3111 865 3166 lit
918 3119 986 3179 omt,
1006 3111 1101 3168 dicans
1115 3128 1124 3165 ι
1140 3109 1349 3167 extollentiam
1368 3109 1516 3175 maloram
1536 3124 1666 3176 mrum
1683 3125 1720 3166 aa

64 3200 132 3257 mihi
147 3198 261 3256 obsecro
285 3204 315 3254 ut
338 3195 492 3264 benedicas.
516 3194 600 3253 Periit
621 3194 708 3253 virtus
727 3195 773 3252 illa
792 3212 809 3252 a
823 3213 867 3254 me
917 3199 1026 3259 dederis
1042 3198 1223 3270 mibills'ocli·
1234 3212 1319 3266 ultr,
1334 3196 1373 3269 b).
1388 3198 1424 3252 Et
1437 3196 1500 3257 alibi
1517 3215 1525 3254 ε
1547 3198 1589 3255 Vas
1603 3198 1655 3271 qrti
1667 3216 1718 3255 aa·

63 3288 176 3362 (tw),
186 3293 291 3344 nonest
302 3287 359 3357 jam
370 3287 410 3344 rel
427 3283 547 3356 aspirare
561 3284 595 3340 ad
606 3283 693 3341 illam.
706 3284 867 3359 computrui
915 3287 1027 3359 pirates
1041 3288 1152 3347 atisin
1165 3286 1256 3345 ocula
1265 3286 1384 3343 vatris!
1395 3286 1460 3356 (bo.
1471 3301 1500 3353 v,
1514 3285 1573 3356 at.)
1582 3284 1720 3356 snperbia

62 3378 93 3435 in
107 3389 228 3435 stercore
251 3390 321 3438 meo,
348 3381 376 3430 et
397 3383 427 3430 ut
449 3374 600 3444 iumentum
617 3373 704 3431 lactus
721 3389 802 3447 snm;
818 3377 866 3431 sed
918 3375 973 3431 oris
987 3375 1030 3430 vel
1045 3375 1154 3449 linque,
1171 3389 1233 3446 quae
1246 3382 1274 3431 ει
1285 3373 1545 3446 jactantiadicitur,
1555 3381 1599 3439 aot
1611 3375 1721 3447 quando

63 3464 188 3539 nunquid
213 3478 269 3521 non
293 3465 346 3519 erit
361 3460 426 3518 mihi
442 3461 520 3517 ειίααι
539 3460 641 3534 aliquid
655 3464 726 3535 apud
747 3461 796 3519 te?
812 3479 866 3520 non
918 3466 1000 3523 borno
1021 3482 1075 3523 non
1099 3466 1190 3522 solum
1207 3481 1311 3539 magna
1334 3465 1371 3527 de
1391 3480 1424 3525 aa
1445 3465 1540 3535 sona,
1564 3465 1614 3531 aad
1637 3464 1719 3522 eliam

60 3556 114 3614 erit
142 3552 190 3611 ubi
216 3552 318 3625 possim
337 3566 396 3607 esso
427 3558 525 3617 tecam
549 3548 692 3623 aniciam
712 3549 792 3623 sequi
811 3566 867 3609 non
917 3554 1048 3627 loquitur.
1069 3553 1146 3610 Unde
1160 3551 1320 3611 Psalmista:
1335 3551 1483 3626 Dispertlot
1499 3553 1636 3609 Dominus
1651 3553 1720 3609 πιαι-

61 3644 140 3704 valeo
168 3655 331 3714 quocunqne
359 3637 450 3695 ieris?
475 3635 578 3704 onera
605 3640 722 3714 angelus
739 3640 866 3713 puellam,
919 3659 998 3700 versa
1012 3643 1087 3700 labio
1100 3642 1245 3707 dolormet
1266 3641 1717 3714 tinqooinmaqmtoqoamqiaat.

62 3748 145 3806 quara
171 3730 334 3805 praeparavit
362 3727 496 3783 Dauniam
513 3725 569 3784 lilio
592 3728 696 3784 damini
725 3728 777 3784 sui.
796 3728 868 3786 Bibit
922 3746 962 3800 xa,
977 3732 1017 3804 l).
1032 3730 1166 3804 Superbia
1179 3728 1270 3802 operis
1285 3736 1335 3794 est,
1352 3729 1464 3801 quando
1486 3730 1568 3785 homo
1589 3728 1716 3786 exteriori

61 3823 124 3895 ipse
145 3819 180 3876 da
202 3817 298 3891 hydria
319 3823 376 3886 tna,
392 3823 507 3888 cognata
520 3814 573 3872 sibi
589 3815 690 3872 virtute
704 3816 866 3890 delectatum
921 3821 1036 3896 quadam
1064 3818 1201 3889 snperbia,
1228 3826 1395 3890 utmagnus
1417 3825 1556 3887 appareat,
1586 3816 1652 3891 agit.
1679 3819 1719 3875 De

61 3909 112 3968 sed
127 3901 257 3980 nunquid¹
271 3920 326 3963 non
341 3912 367 3961 ct
390 3900 521 3977 jumentis
535 3910 628 3974 potum
648 3904 777 3962 amnesi
795 3902 868 3962 bibit
921 3927 974 3984 qua
996 3909 1069 3965 idem
1090 3905 1233 3963 Psetmtsta
1254 3904 1291 3959 ait
1307 3925 1313 3962 :
1331 3905 1391 3964 Non
1416 3904 1598 3963 habitabilia
1620 3905 1718 3964 medio

62 3998 189 4073 angelus,
214 3995 289 4069 quod
307 3994 396 4052 viram
410 4008 464 4051 non
478 3991 624 4067 cognoscis
638 4011 646 4051 r
669 3993 762 4050 bibant
775 4000 803 4049 ct
814 3994 867 4064 lu·
921 4004 1019 4061 domm
1027 4015 1098 4057 m
1112 3998 1161 4072 qui
1173 3993 1416 4069 sapitmpqrbiqm
1429 3995 1519 4067 (ppei,
1529 3996 1605 4064 φτ),
1618 3994 1717 4069 snper.

61 4095 153 4146 mente
180 4086 250 4157 qnod
280 4085 314 4141 de
340 4082 492 4140 humilitate
527 4080 700 4154 singulariter
731 4080 864 4156 moriaris·
921 4093 967 4148 bia
980 4088 1089 4145 babitus
1102 4083 1272 4157 estqunndo
1287 4085 1420 4152 bomo,ut
1433 4083 1568 4158 gloriosus
1581 4082 1713 4152 rideatur,

60 4173 210 4246 Respexit,
221 4172 317 4245 inquil.
328 4174 464 4230 Domitii&
475 4171 671 4230 humilitatem
680 4171 797 4230 ancill&
805 4187 865 4230 Μ
919 4179 1045 4255 pretiosis
1068 4194 1098 4233 se
1120 4181 1198 4231 ornat
1212 4173 1343 4229 vestibus.
1365 4174 1444 4230 Unio
1464 4173 1564 4228 Paulus
1581 4189 1587 4227 :
1603 4173 1663 4228 Non
1681 4174 1714 4227 in

58 4268 143 4340 (buo
172 4275 189 4327 Ι,
219 4262 263 4325 28,
292 4261 348 4332 ill).
371 4261 440 4317 Nam
465 4259 606 4334 uirginitas
629 4260 688 4318 sine
710 4261 862 4322 bumilitate
919 4275 993 4329 certe
1004 4266 1163 4343 pretiosali
1174 4265 1243 4321 lim.
1255 4277 1284 4331 u,
1296 4261 1335 4335 lt).
1349 4262 1385 4318 Et
1398 4262 1530 4316 Dominus
1548 4278 1554 4315 :
1575 4262 1628 4329 ραι
1641 4260 1716 4317 mol·

56 4353 142 4412 babet
155 4348 272 4405 fortasse
282 4348 409 4421 gloriam.
425 4349 473 4406 Μ
487 4364 541 4406 ¹¹⁰ss
550 4350 622 4424 apud
633 4350 730 4408 amm.
745 4350 866 4410 Humilia
925 4360 998 4419 libas
1006 4356 1177 4421 omittatur,
1185 4354 1218 4408 in
1226 4350 1353 4409 domibus
1366 4364 1462 4422 rapum
1473 4353 1540 4406 sant
1549 4348 1659 4420 (idatii.
1671 4365 1714 4417 nr,

113 4466 312 4536 lli'ldliam
325 4481 359 4522 ex
373 4466 476 4524 Partis.
909 4472 1029 4552 gloriari.
1053 4470 1136 4525 Porro
1163 4467 1190 4547 in
1205 4473 1281 4522 tanto
1297 4462 1487 4545 religiosorum
1504 4479 1641 4547 numero,
1665 4466 1709 4521 uia

113 4538 202 4609 102⁰)
216 4538 321 4609 Nempe
335 4536 474 4613 virginatis
487 4535 534 4594 llis
547 4538 639 4598 rerbia
657 4550 779 4600 moretur
791 4542 859 4600 bel·
911 4545 1016 4605 dubitet
1030 4541 1125 4608 luisse,
1146 4553 1192 4606 qur
1207 4542 1270 4609 post
1293 4532 1395 4590 lactum
1418 4542 1578 4608 virginitatis
1601 4483 1706 4605 pragam

62 4610 203 4676 larmirus,
231 4618 261 4664 ut
289 4622 440 4665 sermonem
458 4622 511 4666 non
535 4616 615 4692 patet
633 4626 692 4668 casa
716 4614 858 4685 bernardi,
912 4620 940 4675 in
963 4612 1064 4671 saeculo
1081 4606 1263 4682 naufragium,
1284 4606 1401 4661 tabulam
1419 4605 1584 4678 poenitentia
1605 4606 1631 4661 in
1646 4622 1706 4663 mo·

61 4697 145 4754 quem
169 4681 234 4736 satis
256 4688 372 4763 constat,
395 4678 698 4763 virginitatis-lauream
718 4684 857 4744 adextre·
913 4685 1031 4767 austerio
1046 4677 1280 4752 apprehenderit?
1306 4745 1310 4754 Ι
1445 4745 1451 4758 ·
1682 4749 1687 4761 ι

62 4752 771 4904 latitatett'tlhtltttlltttth
785 4765 859 4885 tt}
913 4754 1102 4888 cmliii
1115 4748 1709 4904 litlttalt‘ltltfl'ltttltld

63 4893 378 4962 nard1,autBernardus
401 4907 454 4948 non
476 4900 511 4947 art
532 4908 618 4976 urqo.
634 4894 687 4951 Sed
705 4895 770 4968 qnid
783 4906 858 4956 vetor
912 4917 989 4958 suam
1009 4899 1037 4955 in
1052 4894 1177 4954 saeonlarr
1191 4902 1244 4949 uta
1258 4898 1392 4948 mortuam
1415 4888 1509 4955 fnisse,
1533 4898 1627 4961 utpote
1650 4908 1709 4948 stne

62 4974 219 5035 utrumque,
242 4973 270 5021 et
288 4979 450 5030 sermonum,
472 4972 499 5019 et
520 4963 704 5037 virginitatem
723 4968 859 5026 bernardo
912 4972 1041 5046 operibus
1053 4987 1060 5026 2
1073 4974 1136 5039 post
1148 4963 1350 5022 conversionem
1364 4976 1431 5017 aero
1445 4976 1533 5026 suam,
1549 4959 1600 5017 etsi
1617 4982 1628 5011 ι
1650 4977 1709 5019 me·

61 5051 199 5104 asserere,
218 5035 308 5092 serbis
330 5035 373 5092 his
396 5035 576 5108 nequidquam
595 5035 789 5097 obstantibus?
802 5039 859 5097 Neo
912 5043 1026 5100 liusoule
1047 5060 1060 5092 e
1084 5036 1218 5102 habuerit,
1241 5041 1331 5089 tornea
1355 5047 1429 5102 saepe
1452 5031 1546 5089 botros
1570 5033 1708 5090 bonorum

60 5108 136 5164 enim
159 5108 314 5163 inusitatum
341 5107 442 5162 sanctis
469 5115 497 5162 et
524 5105 745 5177 predicatoribus
782 5111 858 5169 rarbi
911 5130 1024 5186 «sperum
1047 5108 1208 5183 praefocasse
1233 5107 1313 5169 irem,
1335 5105 1430 5159 tulisse
1454 5102 1623 5172 iactantiam,
1654 5104 1707 5162 ιω·

59 5176 158 5245 divini,
187 5178 303 5234 subinde
325 5178 398 5252 ioqui
421 5193 454 5235 ex
475 5194 589 5249 persona
612 5178 775 5248 auditorum,
790 5189 816 5237 et
829 5182 857 5238 in
911 5186 993 5241 desse
1007 5186 1114 5239 inanem
1129 5177 1258 5251 gloriam
1275 5191 1326 5232 1¹00
1388 5179 1419 5229 ¹ae
1433 5173 1512 5230 etiam
1529 5184 1637 5245 imit
1653 5176 1707 5231 sibi

60 5249 168 5320 seipsos
182 5249 258 5319 quasi
278 5248 396 5305 derivare
410 5265 441 5306 ac
458 5248 603 5306 transferre
618 5256 769 5322 peccatam,
784 5254 856 5327 quod
911 5256 1050 5313 doluisse:
1066 5266 1128 5307 cnm
1143 5259 1231 5304 tamen
1249 5261 1327 5302 nemo
1363 5246 1477 5301 ernardo
1498 5246 1593 5311 lenior,
1619 5246 1708 5302 humi·

60 5318 195 5394 castigare
217 5327 376 5379 statuerunt.
396 5321 501 5392 ltaque,
525 5330 553 5378 nt
576 5322 609 5376 ad
627 5323 792 5380 bernadum
815 5339 857 5379 re·
911 5330 963 5385 lior
976 5334 1021 5381 aut
1045 5318 1234 5391 temperantior
1258 5315 1348 5374 fuerit.
1373 5315 1475 5387 donler
1496 5332 1528 5373 ea
1549 5318 1660 5391 quaedc
1675 5334 1705 5374 se

59 5397 164 5460 vertar,
177 5390 240 5448 dico
259 5407 323 5448 eum
336 5406 368 5446 ex
386 5406 503 5463 persona
516 5392 670 5450 auditorum
684 5392 769 5468 loqui,
783 5393 858 5453 velat
911 5398 1005 5456 itidem
1019 5394 1101 5451 sentit
1114 5405 1238 5448 sermone
1251 5390 1287 5444 ot
1300 5388 1328 5445 in
1342 5388 1433 5459 Cant,
1443 5404 1518 5444 num.
1535 5392 1562 5444 8.

61 5461 254 5535 inquirentem,
268 5461 332 5537 quid
347 5461 399 5518 illis
422 5470 504 5520 restat
518 5464 588 5539 apnd
602 5462 634 5522 V
669 5463 742 5523 'nem
754 5466 858 5541 vaips·
947 5468 1024 5542 (tac)
1037 5464 1127 5525 Alias.
1142 5462 1159 5517 ³
1176 5476 1210 5518 ax
1228 5460 1330 5521 Partis.

62 5549 133 5600 ram,
149 5532 249 5604 qulbus
271 5548 326 5593 non
339 5532 401 5592 licet
412 5546 474 5592 cnm
496 5534 557 5607 ipsa
570 5536 604 5593 de
659 5552 693 5596 ra
707 5534 859 5611 rirrlaltate
