3734 5948
120 227 178 285 saa
629 228 1081 291 mruueonerrssrmnncr.
1102 230 1274 290 sunnon.
1722 220 1776 295 ιιι

123 355 171 427 qui
186 350 359 422 husjusmodi
389 358 434 409 est
455 367 491 410 ue
514 352 549 409 sit
563 351 669 410 steteris
683 352 753 412 odor
765 353 871 425 mortis,
886 370 922 413 ue
937 370 962 451 q
979 356 1076 415 eodem
1090 355 1187 415 ordine
1202 355 1397 430 postulantem:
1422 360 1594 429 honitatem,
1621 360 1719 436 inquit,
1747 354 1777 423 ιι

123 442 278 517 pereffluat,
304 449 331 498 et
357 442 467 515 penitus
493 442 666 501 dissolvatur.
692 444 790 501 limant
806 444 923 518 proinde
978 445 1173 522 disciplinam,
1185 452 1213 505 et
1222 448 1372 506 seleutiam
1381 450 1447 508 doce
1455 437 1500 509 me
1510 449 1598 523 (Psoi.
1607 466 1705 521 meru,
1717 451 1774 526 66).

123 541 246 590 aromata
264 547 314 588 sua
335 538 391 589 tres
415 532 552 602 mulieres,
577 549 664 600 mens,
689 532 790 609 lingua,
815 551 922 593 manus.
1012 538 1040 592 7.
1057 535 1110 592 Sed
1124 535 1198 593 uude
1213 535 1384 593 haerebis?
1397 537 1493 611 Neque
1507 539 1580 596 euim
1595 540 1658 597 talia
1672 537 1776 613 profert

122 624 164 680 lle
179 623 222 679 his
235 621 317 692 enim,
333 630 364 678 ut
376 623 503 692 arbitror,
522 624 619 679 Petrus
640 623 798 680 mandatum
819 624 924 697 accepit
976 624 1105 682 virtutum
1133 625 1257 700 germina
1278 631 1352 681 terra
1374 624 1465 682 cordis
1487 626 1583 694 nostri,
1615 629 1665 686 aed
1688 630 1777 704 magis

123 712 206 770 tertio
219 727 333 784 pascere
342 728 456 787 gregem
465 711 573 770 Domini
585 715 675 783 (locu.
686 729 748 784 uxr,
761 716 816 786 tt).
828 714 921 782 Pasce,
977 714 1070 788 spinas
1085 720 1114 771 et
1128 714 1241 771 tribulos
1256 703 1391 788 germinat
1401 713 1491 774 uobis.
1507 718 1607 775 Emere
1618 733 1684 792 ergo
1698 733 1777 792 opor·

121 791 220 874 iuquit,
232 811 335 870 mente,
351 818 435 875 pasce
450 817 509 872 ore,
525 819 607 874 pasce
624 819 723 876 opere;
738 819 821 876 pasce
840 803 923 860 animi
976 805 1065 861 teth
1086 820 1139 877 qno
1154 812 1244 860 autem
1259 803 1375 861 emenda
1389 806 1472 861 sunt?
1491 805 1535 862 Ab
1558 822 1592 863 eo
1614 806 1708 880 utique
1728 808 1776 881 qui

120 890 257 960 oratione,
278 890 357 949 verbi
381 893 580 961 exhortatione,
605 892 722 966 exempli
745 893 920 950 exhibitione.
976 893 1026 949 ait:
1048 895 1152 959 Venite,
1169 896 1256 950 emito
1277 895 1379 968 absque
1398 900 1558 967 argentost
1581 897 1683 970 chaque
1712 897 1776 954 alla

156 984 186 1038 h.
202 980 313 1052 Querar
327 981 409 1054 igitur
422 998 501 1040 meus
515 989 635 1039 aromata
658 999 723 1039 sua:
744 990 808 1040 ante
832 985 922 1040 omnia
975 985 1200 1042 commutatione
1213 979 1299 1038 901
1319 985 1418 1041 uiuum
1428 989 1456 1042 et
1472 986 1516 1042 iac
1530 986 1595 1056 (lsc.
1606 1001 1652 1056 nv,
1665 986 1702 1059 l).
1713 986 1774 1044 Nou

118 1070 317 1144 compassionis
344 1070 483 1141 allectum,
508 1071 607 1129 debinc
630 1072 799 1129 rectitudinis
822 1073 919 1143 zelum,
974 1072 1106 1146 ignoratis
1119 1072 1185 1145 quid
1198 1071 1276 1129 lactis
1291 1071 1416 1140 dulcedo,
1432 1073 1497 1146 quid
1510 1074 1566 1131 vini
1581 1075 1709 1148 designet
1727 1093 1775 1132 au-

119 1166 150 1216 et'
173 1160 249 1217 inter
269 1159 337 1218 'haec
364 1160 536 1218 discretionis
564 1161 687 1233 spiritum
715 1178 771 1219 uon
804 1163 920 1222 omittat.
976 1162 1095 1218 ateritas.
1111 1162 1183 1231 Quid
1197 1169 1239 1217 est
1254 1168 1345 1218 autem
1360 1177 1452 1217 emere
1471 1162 1530 1219 siue
1543 1170 1659 1237 argento
1673 1171 1701 1220 et
1715 1165 1775 1221 sine

116 1248 231 1320 Quoties
246 1236 319 1327 enim
341 1258 501 1322 peccantem
519 1249 619 1307 videris
645 1250 766 1320 tratrem,
791 1251 921 1308 eouhnuo
975 1250 1206 1308 commutatione?
1221 1251 1282 1308 Non
1299 1250 1358 1306 talis
1370 1258 1413 1307 est
1432 1252 1533 1322 emptio
1548 1252 1619 1323 apud
1639 1259 1775 1309 amatores

115 1338 270 1410 procedere
301 1340 384 1396 debet
412 1339 607 1414 compassionis
630 1339 761 1410 affectus,
791 1347 921 1414 tanquam
974 1341 1056 1412 hujus
1070 1341 1176 1409 saeculi3
1200 1341 1249 1397 sed
1274 1340 1346 1412 apud
1364 1348 1502 1398 auctorem
1525 1340 1615 1398 saculi
1637 1341 1690 1398 alia
1712 1344 1798 1406 esses

115 1436 250 1501 cognatus
269 1429 439 1496 humanitati,
461 1429 562 1502 quippe
577 1446 660 1504 quem
684 1429 805 1503 concipis
819 1446 853 1486 ex
876 1439 920 1486 te·
975 1444 1030 1487 nou
1044 1438 1144 1502 potest.
1160 1431 1295 1502 Propheta
1305 1429 1379 1485 enim
1389 1429 1456 1485 dixit
1465 1430 1682 1487 Domino:lleas
1692 1447 1773 1490 metra

115 1517 186 1592 ipso.
213 1518 272 1584 Vos,
287 1518 375 1592 iuquit
398 1519 553 1592 Apostolus,
579 1523 629 1594 qai
650 1519 817 1592 spirituales
841 1523 919 1587 estis,
975 1519 1368 1594 omnipotentissimum
1381 1536 1510 1577 meorum
1524 1537 1581 1577 uon
1600 1535 1661 1593 eges
1683 1521 1772 1593 (Prot.

115 1609 255 1667 instruite
263 1609 425 1680 hujusmodi
435 1613 466 1666 iu
474 1611 577 1683 spiritu
590 1610 728 1677 leuitatis,
736 1610 919 1670 considerans
974 1624 1023 1679 xv,
1040 1609 1078 1681 2).
1094 1609 1181 1678 Quam
1196 1609 1279 1683 igitur
1293 1609 1532 1665 commutationem
1553 1609 1580 1665 ei
1598 1608 1673 1666 dabit
1691 1610 1772 1668 homo

116 1699 251 1772 teipsum,
261 1702 374 1755 rocetta
385 1698 709 1771 monumentorum).
719 1701 822 1757 Etcum
834 1703 920 1758 exiret
935 1679 957 1760 Β
974 1714 1024 1770 pro
1039 1697 1126 1774 gratia
1141 1714 1199 1766 sua,
1216 1696 1263 1772 qui
1278 1697 1376 1754 nullius
1390 1705 1463 1773 aget,
1479 1705 1506 1753 et
1520 1698 1598 1770 cujus
1622 1706 1686 1755 sunt
1707 1697 1772 1755 nni-

114 1785 249 1843 hominus
263 1786 388 1859 bajulans
403 1788 455 1844 sibi
469 1804 589 1855 crucem,
607 1796 634 1845 et
648 1788 812 1861 plangerent
834 1805 919 1863 super
971 1789 1071 1845 rersa‘.l
1101 1786 1194 1842 Gratia
1223 1786 1308 1857 gratis
1334 1786 1428 1843 datur:
1458 1787 1539 1844 etiam
1567 1803 1629 1843 cum
1662 1787 1771 1857 emitur,

115 1891 189 1944 emm,
207 1877 329 1933 nondum
344 1876 455 1950 quidem
469 1893 566 1935 omnes
581 1878 666 1935 tribus
681 1886 770 1947 terrae,
790 1880 840 1937 sed
858 1897 920 1936 mu·
972 1877 1057 1949 gratis
1076 1877 1190 1948 emitur3
1204 1875 1268 1949 quia
1281 1875 1353 1948 quod
1368 1877 1448 1932 datur
1462 1891 1510 1954 pro
1524 1891 1567 1943 ea,
1583 1875 1662 1932 nobis
1675 1875 1773 1935 melius

113 1964 197 2022 lieres
224 1981 327 2039 pancae,
357 1983 504 2024 conversus
532 1967 566 2022 ad
594 1983 659 2024 eas:
694 1971 789 2040 Filiae,
819 1968 916 2042 inquit,
971 1966 1114 2023 retinetur.

114 2056 463 2127 rememorationem
476 2073 625 2131 superruo,
638 2057 918 2133 aedanperuosipsoa
1008 2059 1034 2110 8.
1051 2055 1113 2111 Tria
1132 2069 1197 2128 ergo
1212 2061 1333 2112 aromata
1345 2053 1445 2111 mentis
1456 2068 1567 2110 nummo
1589 2053 1707 2125 propriae
1721 2068 1771 2112 ro·

112 2146 190 2214 tiele,
201 2148 229 2203 et
244 2146 411 2220 saperfilios
422 2153 525 2205 vestros
536 2147 613 2218 (luc.
625 2163 707 2215 xxrrr,
720 2151 775 2220 ιδ).
786 2148 917 2206 Ordinem
971 2143 1286 2201 luntatisemendasunt.
1297 2143 1385 2212 Quam
1401 2142 1511 2215 quidem
1525 2140 1695 2198 dimittentes
1705 2140 1771 2198 nibil

112 2231 263 2305 diligenter
277 2234 398 2292 attende.
414 2237 504 2310 Super
516 2253 573 2300 vor,
589 2235 685 2309 iuquit,
698 2236 802 2308 primo,
818 2236 917 2294 deinde
972 2233 1127 2301 amittimus,
1149 2233 1231 2289 etiam
1245 2239 1274 2289 et
1287 2232 1423 2289 lucramur
1436 2229 1590 2304 plurimum,
1607 2238 1772 2289 commutau-

112 2338 201 2394 super
220 2323 296 2392 filios
318 2328 434 2382 uestros.
459 2325 645 2397 Temetipsum
674 2326 796 2395 attende,
822 2333 851 2382 ut
873 2326 919 2383 alii
972 2331 1014 2381 tes
1027 2321 1252 2394 illaminmelius,
1261 2329 1291 2378 nt
1301 2320 1454 2379 communis
1463 2319 1510 2376 fiat
1520 2337 1580 2395 quae
1590 2320 1700 2393 propria
1710 2319 1769 2378 furit.

113 2409 224 2467 noueris
237 2412 364 2484 compati,
381 2420 411 2468 ut
420 2429 518 2487 arguas
528 2415 556 2468 iu
574 2414 672 2487 spiritu
693 2413 821 2482 leuitatis.
834 2415 916 2487 Teip-
970 2415 1056 2470 Porro
1071 2410 1221 2469 eommunis
1235 2411 1361 2468 voluntas
1375 2411 1494 2467 charitas
1507 2417 1558 2467 est.
1571 2409 1691 2466 Emimus
1704 2425 1771 2483 ergo

113 2517 173 2556 sum
185 2501 338 2571 considera,
350 2519 385 2559 ue
400 2505 429 2562 et
441 2510 468 2560 tu
479 2503 602 2560 tenteris.
614 2503 678 2574 Sed,
691 2505 753 2577 quin
764 2505 916 2579 exemplum
972 2505 1075 2577 absque
1081 2500 1300 2571 commutatione,
1308 2499 1472 2573 recipientes
1478 2499 1550 2573 quod
1556 2498 1770 2569 nonhabuimus,

113 2589 254 2648 efficacius
267 2592 418 2662 persuadet
433 2599 460 2649 et
475 2592 554 2649 altius
572 2592 701 2666 imprimit
715 2593 814 2662 auimo,
840 2594 916 2652 mitto
971 2599 1000 2650 et
1014 2592 1087 2667 quod
1103 2591 1256 2663 habuimus,
1272 2591 1369 2648 melius
1384 2591 1545 2648 retinentes.
1567 2589 1682 2662 Quando
1704 2606 1772 2648 vcro

112 2693 162 2737 ros
190 2679 226 2736 ad
252 2688 375 2738 sanctum
400 2681 474 2738 illum
500 2698 604 2752 senem,
633 2683 679 2757 qni
707 2699 768 2740 cum
795 2682 918 2743 audisset
972 2682 1154 2756 compatietur
1178 2680 1264 2750 fratri,
1285 2680 1332 2756 qui
1345 2682 1374 2738 iu
1396 2680 1506 2754 propria
1528 2679 1665 2738 voluntate
1684 2679 1772 2737 nescit

111 2785 243 2843 peccasse
272 2787 356 2828 nuum
388 2787 420 2828 ex
445 2772 595 2847 iratribus,
621 2772 789 2829 amarissime
816 2773 914 2843 tiebat,
969 2774 1088 2847 compati
1104 2772 1300 2830 uisisihitaut
1314 2772 1424 2847 quando
1448 2785 1543 2828 amaus
1565 2771 1686 2842 seipsum
1710 2769 1771 2827 dili-

113 2857 257 2932 inquieus:
273 2881 283 2910 ι
297 2859 444 2931 illebodie,
456 2869 485 2918 et
494 2863 666 2937 egocras(lu
676 2863 912 2934 Vitr'aPatram).r
969 2870 1017 2934 get
1029 2863 1173 2936 Justitiam,
1190 2870 1218 2920 et
1232 2861 1295 2918 odio
1308 2861 1419 2917 habehit
1432 2861 1623 2935 iniquitatem?
1637 2859 1769 2918 Simulare

113 2947 166 3017 Qui
181 2947 222 3003 sic
236 2947 320 3005 tiebat
333 2965 417 3022 snper
432 2964 472 3017 se,
493 2957 572 3022 putas
594 2950 657 3022 quia
680 2966 735 3007 non
758 2966 915 3023 compassus
970 2951 1081 3024 quidem
1095 2957 1264 3024 potestante
1279 2949 1371 3006 oculos
1396 2948 1545 3019 hominum,
1570 2949 1651 3006 etiam
1670 2956 1698 3005 et
1723 2965 1769 3006 sa·

112 3039 147 3094 ait
161 3037 261 3094 fratri?
279 3038 331 3094 llio
353 3039 445 3111 itaque
467 3039 663 3113 compassionis
686 3039 801 3096 allectus
823 3042 915 3098 multis
969 3040 1113 3114 metipsum
1128 3039 1269 3107 seducere,
1285 3046 1325 3107 ut,
1342 3054 1403 3094 cum
1414 3039 1518 3109 privato
1541 3053 1634 3094 amore
1648 3038 1691 3097 vel
1706 3039 1769 3095 odio

110 3126 223 3202 quidem
236 3127 359 3200 prodest,
381 3129 445 3202 quia
470 3129 576 3186 animus
599 3129 717 3186 liberalis
740 3129 912 3202 contristare,
969 3129 1085 3197 ducitur,
1114 3127 1310 3203 compassionis
1337 3126 1475 3199 allectum,
1504 3136 1550 3184 aut
1577 3127 1665 3185 zelum
1692 3139 1770 3201 putet

110 3230 193 3293 quem
208 3232 259 3290 pro
273 3217 414 3274 seriderit
428 3218 549 3285 anxium,
566 3218 714 3275 erubescit.
969 3235 1030 3276 esse
1052 3219 1172 3291 justitiae.
1203 3220 1305 3275 Verum
1329 3217 1407 3273 lacile
1431 3225 1473 3273 est
1499 3231 1581 3276 nosse
1608 3234 1690 3292 quam
1715 3219 1769 3276 sint

147 3311 174 3364 5.
190 3306 246 3364 Sed
261 3306 327 3381 quid
342 3307 457 3383 agimus,
473 3308 545 3383 quod
569 3307 692 3364 nonnulli
713 3308 781 3364 dura
805 3308 913 3367 cervice
968 3309 1057 3365 aliena
1072 3324 1088 3364 a
1101 3307 1213 3381 pmpria
1224 3306 1373 3376 uoluntate,
1390 3323 1450 3380 quae
1464 3307 1576 3380 propria
1598 3316 1662 3365 suut
1684 3310 1769 3367 chari·

111 3402 139 3454 et
153 3396 235 3452 atrita
250 3401 316 3452 sunt
327 3396 428 3467 lroute,
442 3403 473 3454 ut
488 3411 543 3472 quo
558 3395 649 3474 magis¹
660 3396 700 3453 eis
723 3396 911 3470 compatimur,
969 3399 1041 3468 tatis,
1057 3398 1100 3455 cui
1118 3396 1163 3454 illa
1178 3403 1252 3454 recta
1276 3397 1365 3454 fronte
1386 3396 1548 3454 contrariam
1570 3413 1602 3456 se
1620 3398 1767 3456 coustituit.

111 3492 187 3544 tanto
215 3485 302 3560 magis
326 3493 418 3542 nostra
446 3492 474 3542 et
501 3485 691 3557 compassione
725 3493 753 3542 et
783 3487 914 3558 patientia
967 3488 1035 3544 Nam
1050 3487 1168 3545 charitas
1181 3487 1303 3561 benigna
1316 3495 1368 3556 est,
1384 3486 1501 3544 charitas
1524 3504 1607 3561 super
1626 3487 1769 3562 iniquitate

109 3574 387 3632 ahuumurtrtouue
417 3573 486 3633 sicut
508 3574 740 3647 compatiebamur
765 3575 851 3645 fratri,
876 3578 913 3633 ita
967 3595 1023 3635 noa
1044 3580 1146 3654 gaudet
1167 3579 1195 3649 (l
1215 3579 1278 3636 Cor.
1308 3593 1370 3647 xrrr,
1399 3581 1425 3646 l,
1456 3579 1494 3650 o),
1523 3577 1582 3633 lom
1610 3577 1644 3634 dh
1671 3578 1768 3650 spiritu

110 3664 165 3737 ipsi
178 3664 290 3736 justitiae
304 3663 525 3739 compatiendum
539 3673 590 3733 est,
605 3679 687 3739 qnam
709 3664 834 3723 videmus
858 3674 912 3723 tam
967 3666 1139 3725 discretionis
1161 3667 1271 3736 scimus,
1297 3667 1360 3739 qnia
1377 3665 1443 3722 nihil
1467 3666 1506 3723 sic
1524 3665 1599 3722 illurn
1620 3666 1769 3739 exstinguit

110 3753 288 3828 impudenter
299 3754 390 3826 abjici,
408 3761 463 3811 tam
477 3754 664 3828 imprudenter
674 3756 835 3827 provocarit
850 3757 912 3815 Scio
967 3756 1102 3831 quomodo
1117 3757 1241 3814 uoluntas
1254 3756 1374 3828 propria,
1391 3756 1553 3813 subvertens
1571 3755 1654 3812 corda
1676 3756 1767 3814 homi-

109 3844 183 3918 quia,
200 3842 224 3900 si
239 3843 333 3915 quain
347 3843 478 3901 nobiscst
493 3844 618 3913 charitas,
635 3851 820 3919 contemptum
839 3846 913 3904 hunc
966 3863 1040 3917 num,
1057 3854 1085 3904 et
1098 3847 1210 3903 rationis
1224 3848 1319 3903 oculos
1341 3844 1483 3901 claudens.
1507 3845 1630 3903 Emenda
1653 3846 1768 3919 proinde

108 3935 157 3990 Dei
171 3931 246 3989 ferre
262 3933 449 4006 equanimiter
463 3950 518 3991 nou
532 3949 686 4007 possumus.
702 3935 750 3991 llic
774 3943 817 3992 est
838 3936 912 3992 zelus
966 3942 1029 3992 sunt
1051 3935 1101 3992 tria
1130 3934 1229 3991 mentis
1257 3942 1388 4004 aromata,
1419 3933 1535 3991 allectus
1561 3935 1766 4007 compassionis,

109 4022 241 4095 justitie,
269 4040 323 4096 quo
347 4023 476 4081 adversus
503 4025 695 4098 delinquentes
722 4025 909 4096 accendimur,
966 4023 1135 4082 rectitudinis
1157 4022 1240 4092 zelus,
1265 4029 1293 4079 et
1313 4022 1425 4095 spiritus
1439 4022 1619 4095 discretionis,
1645 4041 1765 4097 nummo,

112 4122 242 4186 tanquam
265 4112 367 4185 pietate
392 4113 465 4169 ducti
489 4129 556 4184 erga
578 4129 649 4182 eam,
675 4130 755 4188 quam
774 4116 912 4173 contemni
965 4121 995 4170 ut
1010 4113 1111 4171 dictum
1126 4119 1177 4182 est,
1192 4112 1312 4186 propriae
1326 4112 1482 4171 voluntatis.

110 4202 245 4270 ridemus,
274 4202 405 4271 iustitiam
432 4202 492 4260 Dei.
521 4203 717 4260 Verumtamen
745 4212 854 4277 oportet
880 4214 912 4262 ut
1001 4208 1027 4260 9.
1044 4204 1156 4280 Linguae
1169 4219 1280 4278 quoque
1295 4203 1481 4260 aromatatria
1494 4202 1669 4261 nihilominus
1688 4212 1763 4263 sunt:

108 4291 200 4363 priora
215 4290 266 4346 sibi
279 4290 401 4347 vindicet
419 4292 616 4365 compassionis
636 4292 758 4350 affectus.
784 4294 910 4368 Alioquin
965 4294 1097 4351 modestia
1110 4294 1137 4348 in
1152 4292 1330 4366 increpando,
1348 4293 1426 4365 copia
1439 4293 1466 4349 in
1482 4293 1659 4363 exhortando,
1675 4293 1767 4352 effica-

107 4380 136 4436 in
165 4380 260 4451 spiritu
288 4381 444 4439 vehementi
469 4381 636 4440 conterimus
668 4399 752 4441 naves
780 4383 908 4453 Themis,
965 4383 1007 4439 cis
1020 4382 1048 4437 in
1065 4382 1266 4454 persuadendo.
1283 4381 1330 4438 Vis
1345 4383 1447 4439 hahere
1461 4384 1520 4440 haec
1535 4384 1680 4441 aromata?
1698 4386 1767 4442 Eme

108 4470 277 4527 conterimus
295 4479 451 4545 quassatum
460 4472 602 4542 calamum,
614 4472 813 4550 exstinguimus
825 4473 910 4529 linum
964 4471 1010 4528 ille
1037 4487 1053 4525 a
1075 4471 1191 4527 Domino
1215 4473 1273 4528 Deo
1301 4478 1357 4527 tuo.
1384 4473 1461 4542 Eure,
1486 4473 1607 4547 inquam,
1643 4483 1672 4532 et
1698 4475 1766 4533 sicut

109 4558 256 4632 fumigans.
964 4560 1066 4632 priora,
1083 4559 1143 4617 siue
1158 4558 1212 4614 ulla
1226 4559 1450 4616 commutatione:
1466 4568 1497 4617 ut
1520 4563 1621 4636 aliquid
1640 4564 1764 4638 recipias,

144 4651 171 4706 o.
187 4647 252 4716 Sed,
268 4664 330 4705 cum
345 4657 459 4722 uterque
474 4648 571 4719 aderit,
587 4648 714 4708 videlicet
731 4655 760 4706 et
783 4665 908 4723 compes·
963 4650 1064 4722 perdas
1078 4647 1153 4704 nibil.
1169 4647 1237 4704 Eme
1251 4662 1267 4701 a
1288 4645 1404 4705 Domino
1418 4648 1588 4706 moderatam
1611 4655 1766 4728 correptio-

105 4734 192 4791 siouis
205 4736 331 4805 allectus,
346 4746 375 4794 et
389 4739 464 4796 zelus
475 4738 599 4810 justitiae3
616 4754 729 4796 necesse
745 4746 787 4795 est
800 4746 829 4795 ut
838 4738 910 4795 adsit
963 4756 1036 4810 nem,
1053 4740 1116 4815 quia
1130 4738 1239 4796 omnino
1255 4754 1384 4811 magnum
1400 4737 1537 4811 quoddam
1551 4740 1653 4798 bonum
1676 4754 1704 4802 et
1717 4748 1765 4804 da-

106 4825 220 4897 spiritus
243 4826 425 4895 discretionis,
451 4844 485 4884 ue
511 4827 590 4896 forte,
616 4845 677 4885 cum
690 4837 815 4901 oporteat
836 4828 908 4886 bunc
963 4838 1018 4887 tum
1033 4829 1164 4905 optimum
1178 4836 1229 4898 est,
1245 4836 1273 4886 et
1289 4827 1362 4901 quod
1377 4827 1496 4884 habeant
1517 4830 1607 4900 pauci.
1623 4835 1765 4908 liugnam

104 4913 239 4985 exhiberi,
255 4914 300 4973 ille
314 4916 493 4989 procedat,et
517 4917 672 4975 indiscretio
688 4917 746 4989 ipsa
760 4916 908 4975 conlaudat
962 4922 1046 4989 euim,
1063 4921 1143 4977 nteit
1161 4920 1258 4975 beatus
1280 4917 1406 4986 lacobus,
1437 4935 1520 4979 neoto
1540 4921 1653 4983 domare
1670 4931 1764 4999 polest

101 5003 242 5061 universa.
257 5005 363 5064 Habeat
377 5007 467 5080 itaque
481 5023 559 5063 meus
579 5014 672 5064 nostra
692 5005 811 5075 tertium,
833 5007 906 5063 seili-
960 5013 1030 5082 (lac.
1046 5026 1086 5067 111.
1103 5013 1142 5082 8).
1162 5008 1263 5065 Videas
1276 5008 1385 5076 multos,
1407 5005 1515 5064 sincero
1530 5007 1592 5068 licet
1611 5011 1763 5074 intentione
1825 5039 1829 5043 ·

101 5101 148 5151 cet
161 5094 287 5166 spiritum
302 5095 483 5165 discretionis,
494 5104 523 5153 ut
533 5097 652 5154 miscens
661 5104 725 5169 apte
738 5097 907 5170 temporibus
961 5108 988 5157 et
1015 5099 1135 5174 benigno
1159 5095 1290 5154 accedant
1313 5095 1414 5164 auimo,
1444 5096 1541 5156 leviter
1568 5099 1660 5161 dicere
1688 5108 1763 5178 qood

101 5190 237 5256 tempora,
264 5195 416 5259 opportune
440 5187 561 5244 aemulari
583 5193 610 5243 et
634 5185 808 5243 nihilominus
827 5186 907 5260 igno·
961 5189 1080 5266 grauiter
1093 5186 1229 5244 audiatur.
1245 5186 1327 5242 Volat
1341 5185 1520 5246 irrevocabile
1540 5190 1653 5249 verbum
1677 5194 1760 5266 (Hos.

102 5289 182 5332 scere
204 5274 281 5332 sciat.
304 5276 491 5334 Samaritanus
512 5276 556 5344 sit,
581 5275 736 5333 custodiens
758 5283 786 5333 ot
812 5276 906 5334 obser·
961 5280 1049 5353 Epist.
1064 5277 1176 5345 l,xrrrr,
1191 5275 1255 5349 71);
1275 5284 1303 5332 et
1319 5273 1393 5350 quod
1407 5292 1504 5334 sanare
1523 5277 1665 5353 debuerat,
1696 5284 1762 5359 quia

91 5380 172 5440 unns
194 5367 306 5439 qnando
327 5366 417 5426 oleum
444 5366 648 5437 misericordie,
681 5367 791 5441 quaudo
814 5367 907 5427 vinum
960 5364 1315 5435 mordaainslorteuidetur,
1331 5369 1758 5451 exasperatetenulceratmegis3

104 5453 222 5513 ferroris
240 5456 378 5515 exhibeat.
393 5459 429 5515 Et
442 5450 560 5518 ne-lorte
575 5474 666 5515 meum
685 5456 786 5530 putetis
808 5456 906 5515 iuren-
961 5458 1069 5534 quaudo
1077 5454 1760 5542 negligentieeadditurimpudentia,etiametimpa.

106 5550 174 5615 tum,
186 5545 349 5621 prophetam
372 5545 465 5605 audite
482 5541 512 5603 iu
533 5545 653 5616 Psalmo,
675 5546 735 5605 baec
757 5545 854 5605 eadem
877 5559 906 5610 et
950 5549 1056 5609 'tientia
1068 5547 1234 5619 cumulatum
1249 5554 1281 5605 ut
1294 5544 1379 5621 quiin
1394 5546 1522 5606 sordibus
1537 5558 1605 5622 erat,
1624 5554 1753 5616 sordesco
