<?xml version="1.0" encoding="UTF-8"?>
<!DOCTYPE html PUBLIC "-//W3C//DTD XHTML 1.0 Transitional//EN"
    "http://www.w3.org/TR/xhtml1/DTD/xhtml1-transitional.dtd">
<html xmlns="http://www.w3.org/1999/xhtml" xml:lang="en" lang="en">
 <head>
  <title>
</title>
<meta http-equiv="Content-Type" content="text/html;charset=utf-8" />
  <meta name='ocr-system' content='tesseract 3.04.00' />
  <meta name='ocr-capabilities' content='ocr_page ocr_carea ocr_par ocr_line ocrx_word'/>
</head>
<body>
  <div class='ocr_page' id='page_1' title='image "./patrologiaecurs56unkngoog_0473.png"; bbox 0 0 3734 5948; ppageno 0'>
   <div class='ocr_carea' id='block_1_1' title="bbox 1800 30 1855 191">
    <p class='ocr_par' dir='ltr' id='par_1_1' title="bbox 1800 30 1855 191">
     <span class='ocr_line' id='line_1_1' title="bbox 1800 30 1855 191; baseline -0.036 2"><span class='ocrx_word' id='word_1_1' title='bbox 1800 162 1803 167; x_wconf 83' lang='lat'><strong>.</strong></span> <span class='ocrx_word' id='word_1_2' title='bbox 1845 30 1855 191; x_wconf 88' lang='lat' dir='ltr'>l</span> 
     </span>
    </p>
   </div>
   <div class='ocr_carea' id='block_1_2' title="bbox 180 144 1855 264">
    <p class='ocr_par' dir='ltr' id='par_1_2' title="bbox 180 144 1855 264">
     <span class='ocr_line' id='line_1_2' title="bbox 180 144 1855 264; baseline -0.008 -11"><span class='ocrx_word' id='word_1_3' title='bbox 180 204 233 264; x_wconf 71' lang='lat'>935</span> <span class='ocrx_word' id='word_1_4' title='bbox 626 188 688 247; x_wconf 87' lang='lat' dir='ltr'>s.</span> <span class='ocrx_word' id='word_1_5' title='bbox 708 144 1364 249; x_wconf 76' lang='lat' dir='ltr'>osannamlunarrscuutuvauunvsrs</span> <span class='ocrx_word' id='word_1_6' title='bbox 1786 184 1855 253; x_wconf 60' lang='lat' dir='ltr'>aar</span> 
     </span>
    </p>
   </div>
   <div class='ocr_carea' id='block_1_3' title="bbox 159 296 1863 5574">
    <p class='ocr_par' dir='ltr' id='par_1_3' title="bbox 159 296 1863 5574">
     <span class='ocr_line' id='line_1_3' title="bbox 183 296 1855 402; baseline -0.018 -14"><span class='ocrx_word' id='word_1_7' title='bbox 183 331 276 389; x_wconf 90' lang='lat' dir='ltr'>sinon</span> <span class='ocrx_word' id='word_1_8' title='bbox 291 323 402 398; x_wconf 85' lang='lat' dir='ltr'>operuit</span> <span class='ocrx_word' id='word_1_9' title='bbox 417 321 528 376; x_wconf 84' lang='lat' dir='ltr'>montes</span> <span class='ocrx_word' id='word_1_10' title='bbox 542 311 642 369; x_wconf 86' lang='lat' dir='ltr'>umbra</span> <span class='ocrx_word' id='word_1_11' title='bbox 657 312 728 382; x_wconf 75' lang='lat' dir='ltr'>cJ&#39;us,</span> <span class='ocrx_word' id='word_1_12' title='bbox 741 313 768 366; x_wconf 89' lang='lat' dir='ltr'>et</span> <span class='ocrx_word' id='word_1_13' title='bbox 783 307 900 364; x_wconf 83' lang='lat' dir='ltr'>arbusta</span> <span class='ocrx_word' id='word_1_14' title='bbox 912 310 974 381; x_wconf 87' lang='lat' dir='ltr'>ejus</span> <span class='ocrx_word' id='word_1_15' title='bbox 988 322 1013 402; x_wconf 61' lang='grc' dir='ltr'>Ι</span> <span class='ocrx_word' id='word_1_16' title='bbox 1028 307 1178 380; x_wconf 89' lang='lat' dir='ltr'>ceptabitur</span> <span class='ocrx_word' id='word_1_17' title='bbox 1204 316 1269 369; x_wconf 83' lang='lat' dir='ltr'>roto</span> <span class='ocrx_word' id='word_1_18' title='bbox 1284 310 1380 367; x_wconf 88' lang='lat' dir='ltr'>umbra</span> <span class='ocrx_word' id='word_1_19' title='bbox 1402 318 1430 366; x_wconf 92' lang='lat' dir='ltr'>et</span> <span class='ocrx_word' id='word_1_20' title='bbox 1446 310 1491 368; x_wconf 86' lang='lat' dir='ltr'>lus</span> <span class='ocrx_word' id='word_1_21' title='bbox 1507 310 1547 367; x_wconf 90' lang='lat' dir='ltr'>irs</span> <span class='ocrx_word' id='word_1_22' title='bbox 1569 319 1597 369; x_wconf 89' lang='lat' dir='ltr'>et</span> <span class='ocrx_word' id='word_1_23' title='bbox 1611 327 1679 385; x_wconf 77' lang='lat' dir='ltr'>pax,</span> <span class='ocrx_word' id='word_1_24' title='bbox 1694 309 1830 384; x_wconf 69' lang='lat' dir='ltr'>Jsdiei.</span> <span class='ocrx_word' id='word_1_25' title='bbox 1851 296 1855 361; x_wconf 71' lang='lat' dir='ltr'><strong>f</strong></span> 
     </span>
     <span class='ocr_line' id='line_1_4' title="bbox 186 384 1856 480; baseline -0.014 -2"><span class='ocrx_word' id='word_1_26' title='bbox 186 419 283 477; x_wconf 85' lang='lat' dir='ltr'>cedros</span> <span class='ocrx_word' id='word_1_27' title='bbox 296 414 347 471; x_wconf 82' lang='lat' dir='ltr'>Dei</span> <span class='ocrx_word' id='word_1_28' title='bbox 362 433 371 480; x_wconf 92' lang='lat'>,·</span> <span class='ocrx_word' id='word_1_29' title='bbox 385 409 408 464; x_wconf 89' lang='lat' dir='ltr'>ai</span> <span class='ocrx_word' id='word_1_30' title='bbox 422 422 476 464; x_wconf 91' lang='lat' dir='ltr'>uon</span> <span class='ocrx_word' id='word_1_31' title='bbox 490 401 619 462; x_wconf 74' lang='lat' dir='ltr'>extendit</span> <span class='ocrx_word' id='word_1_32' title='bbox 624 398 758 472; x_wconf 84' lang='lat' dir='ltr'>palmites</span> <span class='ocrx_word' id='word_1_33' title='bbox 765 413 923 470; x_wconf 82' lang='lat' dir='ltr'>sumusque</span> <span class='ocrx_word' id='word_1_34' title='bbox 938 399 974 456; x_wconf 88' lang='lat' dir='ltr'>ud</span> <span class='ocrx_word' id='word_1_35' title='bbox 1029 404 1055 453; x_wconf 84' lang='lat' dir='ltr'>tt</span> <span class='ocrx_word' id='word_1_36' title='bbox 1067 396 1260 464; x_wconf 87' lang='lat' dir='ltr'>misericordis,</span> <span class='ocrx_word' id='word_1_37' title='bbox 1273 397 1361 471; x_wconf 89' lang='lat' dir='ltr'>figura</span> <span class='ocrx_word' id='word_1_38' title='bbox 1375 408 1402 456; x_wconf 89' lang='lat' dir='ltr'>et</span> <span class='ocrx_word' id='word_1_39' title='bbox 1415 400 1526 468; x_wconf 83' lang='lat' dir='ltr'>veritas,</span> <span class='ocrx_word' id='word_1_40' title='bbox 1541 391 1657 476; x_wconf 68' lang='lat' dir='ltr'>virgs&#39;et</span> <span class='ocrx_word' id='word_1_41' title='bbox 1673 384 1836 475; x_wconf 59' lang='lat' dir='ltr'>bersellus·-</span> <span class='ocrx_word' id='word_1_42' title='bbox 1853 466 1856 471; x_wconf 94' lang='lat'>.</span> 
     </span>
     <span class='ocr_line' id='line_1_5' title="bbox 183 482 1856 572; baseline -0.047 -7"><span class='ocrx_word' id='word_1_43' title='bbox 183 521 262 564; x_wconf 83' lang='lat' dir='ltr'>mure</span> <span class='ocrx_word' id='word_1_44' title='bbox 287 505 407 572; x_wconf 80' lang='lat' dir='ltr'>artusque</span> <span class='ocrx_word' id='word_1_45' title='bbox 430 495 466 551; x_wconf 88' lang='lat' dir='ltr'>ed</span> <span class='ocrx_word' id='word_1_46' title='bbox 483 493 596 565; x_wconf 73' lang='lat' dir='ltr'>flumen</span> <span class='ocrx_word' id='word_1_47' title='bbox 620 489 785 563; x_wconf 80' lang='lat' dir='ltr'>propopines</span> <span class='ocrx_word' id='word_1_48' title='bbox 799 489 862 559; x_wconf 86' lang='lat' dir='ltr'>ejus</span> <span class='ocrx_word' id='word_1_49' title='bbox 885 487 972 554; x_wconf 77' lang='lat' dir='ltr'>(Paul.</span> <span class='ocrx_word' id='word_1_50' title='bbox 1027 484 1132 541; x_wconf 82' lang='lat' dir='ltr'>frenum</span> <span class='ocrx_word' id='word_1_51' title='bbox 1148 497 1175 543; x_wconf 90' lang='lat' dir='ltr'>et</span> <span class='ocrx_word' id='word_1_52' title='bbox 1197 488 1333 543; x_wconf 90' lang='lat' dir='ltr'>osculum.</span> <span class='ocrx_word' id='word_1_53' title='bbox 1357 488 1460 546; x_wconf 83' lang='lat' dir='ltr'>Graves</span> <span class='ocrx_word' id='word_1_54' title='bbox 1475 488 1592 563; x_wconf 90' lang='lat' dir='ltr'>denique</span> <span class='ocrx_word' id='word_1_55' title='bbox 1613 490 1709 563; x_wconf 82' lang='lat' dir='ltr'>lloysi</span> <span class='ocrx_word' id='word_1_56' title='bbox 1727 482 1856 562; x_wconf 76' lang='lat' dir='ltr'>¹¹¹⁸uos,.·</span> 
     </span>
     <span class='ocr_line' id='line_1_6' title="bbox 180 575 1832 657; baseline -0.02 -3"><span class='ocrx_word' id='word_1_57' title='bbox 180 611 280 657; x_wconf 82' lang='lat' dir='ltr'>uxnrx,</span> <span class='ocrx_word' id='word_1_58' title='bbox 298 595 342 655; x_wconf 88' lang='lat' dir='ltr'>tt,</span> <span class='ocrx_word' id='word_1_59' title='bbox 356 589 408 657; x_wconf 78' lang='grc'><strong>12).</strong></span> <span class='ocrx_word' id='word_1_60' title='bbox 424 585 480 640; x_wconf 90' lang='lat' dir='ltr'>Nec</span> <span class='ocrx_word' id='word_1_61' title='bbox 494 581 602 646; x_wconf 87' lang='lat' dir='ltr'>mirum,</span> <span class='ocrx_word' id='word_1_62' title='bbox 623 577 671 633; x_wconf 85' lang='lat' dir='ltr'>Dei</span> <span class='ocrx_word' id='word_1_63' title='bbox 686 575 757 631; x_wconf 86' lang='lat' dir='ltr'>eninr</span> <span class='ocrx_word' id='word_1_64' title='bbox 776 575 917 633; x_wconf 81' lang='lat' dir='ltr'>aedilrcatio</span> <span class='ocrx_word' id='word_1_65' title='bbox 932 586 975 633; x_wconf 90' lang='lat' dir='ltr'>est</span> <span class='ocrx_word' id='word_1_66' title='bbox 1028 576 1140 631; x_wconf 87' lang='lat' dir='ltr'>testibus</span> <span class='ocrx_word' id='word_1_67' title='bbox 1154 577 1244 632; x_wconf 78' lang='lat' dir='ltr'>Aaron</span> <span class='ocrx_word' id='word_1_68' title='bbox 1256 584 1282 634; x_wconf 91' lang='lat' dir='ltr'>et</span> <span class='ocrx_word' id='word_1_69' title='bbox 1300 576 1358 633; x_wconf 86' lang='lat' dir='ltr'>llur</span> <span class='ocrx_word' id='word_1_70' title='bbox 1372 578 1473 650; x_wconf 75' lang='lat' dir='ltr'>(deod.</span> <span class='ocrx_word' id='word_1_71' title='bbox 1488 593 1555 646; x_wconf 78' lang='lat' dir='ltr'>xvir,</span> <span class='ocrx_word' id='word_1_72' title='bbox 1576 578 1637 652; x_wconf 68' lang='lat' dir='ltr'>li);</span> <span class='ocrx_word' id='word_1_73' title='bbox 1651 595 1744 652; x_wconf 62' lang='lat' dir='ltr'>grase</span> <span class='ocrx_word' id='word_1_74' title='bbox 1758 580 1832 656; x_wconf 56' lang='grc' dir='ltr'>ιφ</span> 
     </span>
     <span class='ocr_line' id='line_1_7' title="bbox 186 663 1836 753; baseline -0.012 -13"><span class='ocrx_word' id='word_1_75' title='bbox 186 685 238 742; x_wconf 86' lang='lat' dir='ltr'>Dei</span> <span class='ocrx_word' id='word_1_76' title='bbox 253 677 419 753; x_wconf 76' lang='lat' dir='ltr'>agricultura</span> <span class='ocrx_word' id='word_1_77' title='bbox 434 680 475 728; x_wconf 85' lang='lat' dir='ltr'>est</span> <span class='ocrx_word' id='word_1_78' title='bbox 491 669 581 741; x_wconf 78' lang='lat' dir='ltr'>[lCor.</span> <span class='ocrx_word' id='word_1_79' title='bbox 594 681 635 734; x_wconf 86' lang='grc' dir='ltr'>ιιι,</span> <span class='ocrx_word' id='word_1_80' title='bbox 651 663 755 735; x_wconf 86' lang='lat' dir='ltr'>9.)lpse</span> <span class='ocrx_word' id='word_1_81' title='bbox 770 664 904 736; x_wconf 80' lang='lat' dir='ltr'>fecundat,</span> <span class='ocrx_word' id='word_1_82' title='bbox 915 664 973 736; x_wconf 90' lang='lat' dir='ltr'>ipse</span> <span class='ocrx_word' id='word_1_83' title='bbox 1027 664 1130 736; x_wconf 85' lang='lat' dir='ltr'>jugum,</span> <span class='ocrx_word' id='word_1_84' title='bbox 1148 665 1260 722; x_wconf 89' lang='lat' dir='ltr'>testibus</span> <span class='ocrx_word' id='word_1_85' title='bbox 1269 665 1336 737; x_wconf 92' lang='lat' dir='ltr'>ipsis</span> <span class='ocrx_word' id='word_1_86' title='bbox 1355 667 1496 740; x_wconf 88' lang='lat' dir='ltr'>apostolis,</span> <span class='ocrx_word' id='word_1_87' title='bbox 1516 667 1563 739; x_wconf 89' lang='lat' dir='ltr'>qui</span> <span class='ocrx_word' id='word_1_88' title='bbox 1587 668 1639 726; x_wconf 88' lang='lat' dir='ltr'>boc</span> <span class='ocrx_word' id='word_1_89' title='bbox 1663 674 1694 724; x_wconf 89' lang='lat' dir='ltr'>et</span> <span class='ocrx_word' id='word_1_90' title='bbox 1718 667 1787 737; x_wconf 83' lang='lat' dir='ltr'>sibi,</span> <span class='ocrx_word' id='word_1_91' title='bbox 1810 678 1836 730; x_wconf 71' lang='lat' dir='ltr'>(c</span> 
     </span>
     <span class='ocr_line' id='line_1_8' title="bbox 178 732 1856 848; baseline -0.032 -18"><span class='ocrx_word' id='word_1_92' title='bbox 178 778 318 848; x_wconf 79' lang='lat' dir='ltr'>propagat,</span> <span class='ocrx_word' id='word_1_93' title='bbox 334 766 393 837; x_wconf 90' lang='lat' dir='ltr'>ipse</span> <span class='ocrx_word' id='word_1_94' title='bbox 408 766 525 835; x_wconf 87' lang='lat' dir='ltr'>putatet</span> <span class='ocrx_word' id='word_1_95' title='bbox 540 763 640 829; x_wconf 87' lang='lat' dir='ltr'>purgat</span> <span class='ocrx_word' id='word_1_96' title='bbox 654 768 723 818; x_wconf 87' lang='lat' dir='ltr'>eam,</span> <span class='ocrx_word' id='word_1_97' title='bbox 739 761 768 807; x_wconf 91' lang='lat' dir='ltr'>ut</span> <span class='ocrx_word' id='word_1_98' title='bbox 782 752 898 813; x_wconf 78' lang='lat' dir='ltr'>fructum</span> <span class='ocrx_word' id='word_1_99' title='bbox 912 752 973 824; x_wconf 88' lang='lat' dir='ltr'>plus</span> <span class='ocrx_word' id='word_1_100' title='bbox 1027 751 1150 823; x_wconf 86' lang='lat' dir='ltr'>patribus</span> <span class='ocrx_word' id='word_1_101' title='bbox 1164 754 1335 826; x_wconf 72' lang='lat' dir='ltr'>importabile</span> <span class='ocrx_word' id='word_1_102' title='bbox 1352 755 1488 813; x_wconf 89' lang='lat' dir='ltr'>clamitant</span> <span class='ocrx_word' id='word_1_103' title='bbox 1501 756 1573 826; x_wconf 76' lang='lat' dir='ltr'>(Act.</span> <span class='ocrx_word' id='word_1_104' title='bbox 1594 773 1645 828; x_wconf 60' lang='lat' dir='ltr'>xv,</span> <span class='ocrx_word' id='word_1_105' title='bbox 1671 758 1739 831; x_wconf 82' lang='lat'><strong>1⁰);</strong></span> <span class='ocrx_word' id='word_1_106' title='bbox 1753 766 1834 832; x_wconf 56' lang='lat' dir='ltr'>‘M</span> <span class='ocrx_word' id='word_1_107' title='bbox 1853 732 1856 777; x_wconf 84' lang='lat' dir='ltr'>t</span> 
     </span>
     <span class='ocr_line' id='line_1_9' title="bbox 180 838 1857 924; baseline -0.011 -1"><span class='ocrx_word' id='word_1_108' title='bbox 180 865 284 923; x_wconf 75' lang='lat' dir='ltr'>alferat.</span> <span class='ocrx_word' id='word_1_109' title='bbox 314 854 427 924; x_wconf 83' lang='lat' dir='ltr'><strong>Quando</strong></span> <span class='ocrx_word' id='word_1_110' title='bbox 460 861 557 916; x_wconf 80' lang='lat' dir='ltr'>nempe</span> <span class='ocrx_word' id='word_1_111' title='bbox 584 859 632 897; x_wconf 88' lang='lat' dir='ltr'>sua</span> <span class='ocrx_word' id='word_1_112' title='bbox 656 843 809 897; x_wconf 84' lang='lat' dir='ltr'>destitueret</span> <span class='ocrx_word' id='word_1_113' title='bbox 837 857 902 898; x_wconf 91' lang='lat' dir='ltr'>cura</span> <span class='ocrx_word' id='word_1_114' title='bbox 929 841 973 898; x_wconf 86' lang='lat' dir='ltr'>vel</span> <span class='ocrx_word' id='word_1_115' title='bbox 1024 843 1131 912; x_wconf 84' lang='lat' dir='ltr'>jugum,</span> <span class='ocrx_word' id='word_1_116' title='bbox 1147 851 1173 899; x_wconf 92' lang='lat' dir='ltr'>et</span> <span class='ocrx_word' id='word_1_117' title='bbox 1189 843 1239 901; x_wconf 87' lang='lat' dir='ltr'>vile</span> <span class='ocrx_word' id='word_1_118' title='bbox 1253 845 1391 914; x_wconf 87' lang='lat' dir='ltr'>praemium</span> <span class='ocrx_word' id='word_1_119' title='bbox 1409 863 1415 902; x_wconf 93' lang='lat'>:</span> <span class='ocrx_word' id='word_1_120' title='bbox 1432 862 1492 900; x_wconf 91' lang='lat' dir='ltr'>nam</span> <span class='ocrx_word' id='word_1_121' title='bbox 1508 854 1577 901; x_wconf 90' lang='lat' dir='ltr'>terra</span> <span class='ocrx_word' id='word_1_122' title='bbox 1590 853 1633 901; x_wconf 85' lang='lat' dir='ltr'>est</span> <span class='ocrx_word' id='word_1_123' title='bbox 1659 846 1691 902; x_wconf 89' lang='lat' dir='ltr'>iu</span> <span class='ocrx_word' id='word_1_124' title='bbox 1713 838 1857 917; x_wconf 73' lang='lat' dir='ltr'>prono-&#39;¹</span> 
     </span>
     <span class='ocr_line' id='line_1_10' title="bbox 178 929 1832 1028; baseline -0.016 -15"><span class='ocrx_word' id='word_1_125' title='bbox 178 970 271 1028; x_wconf 91' lang='lat' dir='ltr'>opera,</span> <span class='ocrx_word' id='word_1_126' title='bbox 298 960 377 1020; x_wconf 87' lang='lat' dir='ltr'>quam</span> <span class='ocrx_word' id='word_1_127' title='bbox 402 935 534 1013; x_wconf 86' lang='lat' dir='ltr'>plantavit</span> <span class='ocrx_word' id='word_1_128' title='bbox 561 934 674 989; x_wconf 85' lang='lat' dir='ltr'>dextera</span> <span class='ocrx_word' id='word_1_129' title='bbox 696 931 783 1001; x_wconf 80' lang='lat' dir='ltr'>ejus?</span> <span class='ocrx_word' id='word_1_130' title='bbox 812 930 871 987; x_wconf 92' lang='lat' dir='ltr'>Nou</span> <span class='ocrx_word' id='word_1_131' title='bbox 896 931 973 1003; x_wconf 89' lang='lat' dir='ltr'>plane</span> <span class='ocrx_word' id='word_1_132' title='bbox 1027 929 1113 985; x_wconf 88' lang='lat' dir='ltr'>sione.</span> <span class='ocrx_word' id='word_1_133' title='bbox 1138 931 1188 987; x_wconf 88' lang='lat' dir='ltr'>Pro</span> <span class='ocrx_word' id='word_1_134' title='bbox 1215 932 1370 1002; x_wconf 80' lang='lat' dir='ltr'>buJusmodi</span> <span class='ocrx_word' id='word_1_135' title='bbox 1396 949 1451 990; x_wconf 90' lang='lat' dir='ltr'>non</span> <span class='ocrx_word' id='word_1_136' title='bbox 1472 942 1513 990; x_wconf 86' lang='lat' dir='ltr'>est</span> <span class='ocrx_word' id='word_1_137' title='bbox 1539 935 1646 1006; x_wconf 78' lang='lat' dir='ltr'><strong>Moyses</strong></span> <span class='ocrx_word' id='word_1_138' title='bbox 1676 934 1832 995; x_wconf 76' lang='lat' dir='ltr'>missus&#39;n</span> 
     </span>
     <span class='ocr_line' id='line_1_11' title="bbox 183 1019 1832 1104; baseline -0.027 -5"><span class='ocrx_word' id='word_1_139' title='bbox 183 1041 306 1101; x_wconf 89' lang='lat' dir='ltr'>habenda</span> <span class='ocrx_word' id='word_1_140' title='bbox 324 1029 470 1104; x_wconf 84' lang='lat' dir='ltr'>neglectui,</span> <span class='ocrx_word' id='word_1_141' title='bbox 486 1030 576 1097; x_wconf 87' lang='lat' dir='ltr'>inqua</span> <span class='ocrx_word' id='word_1_142' title='bbox 595 1020 710 1093; x_wconf 90' lang='lat' dir='ltr'>apostoli</span> <span class='ocrx_word' id='word_1_143' title='bbox 725 1019 859 1090; x_wconf 88' lang='lat' dir='ltr'>palmites,</span> <span class='ocrx_word' id='word_1_144' title='bbox 874 1019 971 1077; x_wconf 89' lang='lat' dir='ltr'>Domi·</span> <span class='ocrx_word' id='word_1_145' title='bbox 1027 1028 1135 1092; x_wconf 85' lang='lat' dir='ltr'>gentem</span> <span class='ocrx_word' id='word_1_146' title='bbox 1160 1037 1295 1094; x_wconf 84' lang='lat' dir='ltr'>magnam.</span> <span class='ocrx_word' id='word_1_147' title='bbox 1314 1023 1412 1078; x_wconf 87' lang='lat' dir='ltr'>Verum</span> <span class='ocrx_word' id='word_1_148' title='bbox 1441 1023 1743 1093; x_wconf 53' lang='lat' dir='ltr'>tu‚marer[r,00135,‚</span> <span class='ocrx_word' id='word_1_149' title='bbox 1769 1040 1832 1098; x_wconf 55' lang='lat' dir='ltr'>pm,</span> 
     </span>
     <span class='ocr_line' id='line_1_12' title="bbox 180 1107 1829 1196; baseline -0.013 -6"><span class='ocrx_word' id='word_1_150' title='bbox 180 1150 231 1189; x_wconf 89' lang='lat' dir='ltr'>nus</span> <span class='ocrx_word' id='word_1_151' title='bbox 245 1129 318 1196; x_wconf 89' lang='lat' dir='ltr'>vitis,</span> <span class='ocrx_word' id='word_1_152' title='bbox 334 1131 361 1178; x_wconf 90' lang='lat' dir='ltr'>et</span> <span class='ocrx_word' id='word_1_153' title='bbox 375 1124 453 1176; x_wconf 89' lang='lat' dir='ltr'>Pater</span> <span class='ocrx_word' id='word_1_154' title='bbox 466 1117 526 1186; x_wconf 83' lang='lat' dir='ltr'>ejus</span> <span class='ocrx_word' id='word_1_155' title='bbox 543 1108 652 1168; x_wconf 72' lang='grc'>1376</span> <span class='ocrx_word' id='word_1_156' title='bbox 679 1108 799 1181; x_wconf 90' lang='lat' dir='ltr'>agricola</span> <span class='ocrx_word' id='word_1_157' title='bbox 822 1117 863 1164; x_wconf 85' lang='lat' dir='ltr'>est</span> <span class='ocrx_word' id='word_1_158' title='bbox 878 1111 971 1176; x_wconf 76' lang='lat' dir='ltr'>(lectt.</span> <span class='ocrx_word' id='word_1_159' title='bbox 1028 1107 1185 1166; x_wconf 83' lang='lat' dir='ltr'><strong>missionem</strong></span> <span class='ocrx_word' id='word_1_160' title='bbox 1204 1110 1308 1166; x_wconf 89' lang='lat' dir='ltr'>habeus</span> <span class='ocrx_word' id='word_1_161' title='bbox 1329 1112 1391 1166; x_wconf 83' lang='lat' dir='ltr'>vitae</span> <span class='ocrx_word' id='word_1_162' title='bbox 1419 1127 1480 1183; x_wconf 81' lang='lat' dir='ltr'>quae</span> <span class='ocrx_word' id='word_1_163' title='bbox 1501 1127 1575 1168; x_wconf 90' lang='lat' dir='ltr'>nuuc</span> <span class='ocrx_word' id='word_1_164' title='bbox 1596 1120 1637 1168; x_wconf 86' lang='lat' dir='ltr'>est</span> <span class='ocrx_word' id='word_1_165' title='bbox 1667 1120 1697 1169; x_wconf 86' lang='lat' dir='ltr'>et</span> <span class='ocrx_word' id='word_1_166' title='bbox 1723 1113 1829 1187; x_wconf 71' lang='lat' dir='ltr'>future,</span> 
     </span>
     <span class='ocr_line' id='line_1_13' title="bbox 179 1195 1829 1288; baseline -0.013 -14"><span class='ocrx_word' id='word_1_167' title='bbox 179 1219 315 1288; x_wconf 54' lang='grc' dir='ltr'>χιιι,</span> <span class='ocrx_word' id='word_1_168' title='bbox 334 1213 371 1284; x_wconf 88' lang='lat' dir='ltr'>l).</span> <span class='ocrx_word' id='word_1_169' title='bbox 394 1210 425 1264; x_wconf 94' lang='lat' dir='ltr'>ln</span> <span class='ocrx_word' id='word_1_170' title='bbox 454 1205 505 1260; x_wconf 83' lang='lat' dir='ltr'>fade</span> <span class='ocrx_word' id='word_1_171' title='bbox 532 1201 660 1274; x_wconf 89' lang='lat' dir='ltr'>plantata,</span> <span class='ocrx_word' id='word_1_172' title='bbox 685 1198 712 1252; x_wconf 93' lang='lat' dir='ltr'>in</span> <span class='ocrx_word' id='word_1_173' title='bbox 732 1196 863 1254; x_wconf 75' lang='lat' dir='ltr'><strong>charitate</strong></span> <span class='ocrx_word' id='word_1_174' title='bbox 893 1197 974 1255; x_wconf 88' lang='lat' dir='ltr'>mittit</span> <span class='ocrx_word' id='word_1_175' title='bbox 1028 1195 1105 1253; x_wconf 81' lang='lat' dir='ltr'>facile</span> <span class='ocrx_word' id='word_1_176' title='bbox 1119 1196 1147 1253; x_wconf 92' lang='lat' dir='ltr'>iu</span> <span class='ocrx_word' id='word_1_177' title='bbox 1162 1199 1360 1272; x_wconf 84' lang='lat' dir='ltr'>duplicigralia</span> <span class='ocrx_word' id='word_1_178' title='bbox 1372 1200 1478 1256; x_wconf 90' lang='lat' dir='ltr'>obtines</span> <span class='ocrx_word' id='word_1_179' title='bbox 1496 1200 1530 1256; x_wconf 89' lang='lat' dir='ltr'>ab</span> <span class='ocrx_word' id='word_1_180' title='bbox 1545 1200 1722 1258; x_wconf 84' lang='lat' dir='ltr'>universisto</span> <span class='ocrx_word' id='word_1_181' title='bbox 1737 1203 1829 1276; x_wconf 81' lang='lat' dir='ltr'>recipi,</span> 
     </span>
     <span class='ocr_line' id='line_1_14' title="bbox 177 1287 1829 1376; baseline -0.018 -9"><span class='ocrx_word' id='word_1_182' title='bbox 177 1310 293 1376; x_wconf 80' lang='lat' dir='ltr'>radices,</span> <span class='ocrx_word' id='word_1_183' title='bbox 308 1301 418 1358; x_wconf 79' lang='lat' dir='ltr'>defossa</span> <span class='ocrx_word' id='word_1_184' title='bbox 433 1291 541 1351; x_wconf 90' lang='lat' dir='ltr'>sarculo</span> <span class='ocrx_word' id='word_1_185' title='bbox 555 1287 716 1360; x_wconf 86' lang='lat' dir='ltr'>disciplinae,</span> <span class='ocrx_word' id='word_1_186' title='bbox 742 1293 889 1342; x_wconf 88' lang='lat' dir='ltr'>stercorata</span> <span class='ocrx_word' id='word_1_187' title='bbox 912 1301 972 1359; x_wconf 88' lang='lat' dir='ltr'>poe·</span> <span class='ocrx_word' id='word_1_188' title='bbox 1027 1296 1053 1341; x_wconf 87' lang='lat' dir='ltr'>et</span> <span class='ocrx_word' id='word_1_189' title='bbox 1067 1296 1176 1358; x_wconf 88' lang='lat' dir='ltr'>propter</span> <span class='ocrx_word' id='word_1_190' title='bbox 1184 1287 1280 1362; x_wconf 90' lang='lat' dir='ltr'>jugum</span> <span class='ocrx_word' id='word_1_191' title='bbox 1295 1304 1387 1358; x_wconf 86' lang='lat' dir='ltr'>suave,</span> <span class='ocrx_word' id='word_1_192' title='bbox 1399 1300 1426 1346; x_wconf 90' lang='lat' dir='ltr'>et</span> <span class='ocrx_word' id='word_1_193' title='bbox 1440 1298 1550 1361; x_wconf 85' lang='lat' dir='ltr'>propter</span> <span class='ocrx_word' id='word_1_194' title='bbox 1565 1292 1687 1363; x_wconf 87' lang='lat' dir='ltr'>reguum</span> <span class='ocrx_word' id='word_1_195' title='bbox 1700 1291 1829 1350; x_wconf 65' lang='lat' dir='ltr'>sublimn,</span> 
     </span>
     <span class='ocr_line' id='line_1_15' title="bbox 177 1374 1829 1461; baseline -0.019 -4"><span class='ocrx_word' id='word_1_196' title='bbox 177 1396 317 1456; x_wconf 80' lang='lat' dir='ltr'>nitentium</span> <span class='ocrx_word' id='word_1_197' title='bbox 333 1384 468 1461; x_wconf 79' lang='lat' dir='ltr'>lacrymis,</span> <span class='ocrx_word' id='word_1_198' title='bbox 484 1381 571 1456; x_wconf 87' lang='lat' dir='ltr'>rigata</span> <span class='ocrx_word' id='word_1_199' title='bbox 598 1374 924 1448; x_wconf 83' lang='lat' dir='ltr'>praedicantiumvernis:</span> <span class='ocrx_word' id='word_1_200' title='bbox 946 1387 974 1433; x_wconf 90' lang='lat' dir='ltr'>et</span> <span class='ocrx_word' id='word_1_201' title='bbox 1028 1374 1109 1430; x_wconf 88' lang='lat' dir='ltr'>Pulsa</span> <span class='ocrx_word' id='word_1_202' title='bbox 1130 1377 1164 1431; x_wconf 93' lang='lat' dir='ltr'>de</span> <span class='ocrx_word' id='word_1_203' title='bbox 1195 1377 1315 1446; x_wconf 85' lang='lat' dir='ltr'>civitate,</span> <span class='ocrx_word' id='word_1_204' title='bbox 1343 1377 1567 1434; x_wconf 88' lang='lat' dir='ltr'>abuniversitate</span> <span class='ocrx_word' id='word_1_205' title='bbox 1590 1377 1743 1450; x_wconf 78' lang='lat' dir='ltr'>exciperis,</span> <span class='ocrx_word' id='word_1_206' title='bbox 1769 1380 1829 1439; x_wconf 69' lang='lat' dir='ltr'>du</span> 
     </span>
     <span class='ocr_line' id='line_1_16' title="bbox 177 1461 1830 1546; baseline -0.025 0"><span class='ocrx_word' id='word_1_207' title='bbox 177 1489 216 1546; x_wconf 90' lang='lat' dir='ltr'>sic</span> <span class='ocrx_word' id='word_1_208' title='bbox 228 1499 293 1543; x_wconf 87' lang='lat' dir='ltr'>sane</span> <span class='ocrx_word' id='word_1_209' title='bbox 306 1481 456 1539; x_wconf 77' lang='lat' dir='ltr'>exuberans</span> <span class='ocrx_word' id='word_1_210' title='bbox 469 1472 532 1530; x_wconf 90' lang='lat' dir='ltr'>vino</span> <span class='ocrx_word' id='word_1_211' title='bbox 550 1468 578 1523; x_wconf 90' lang='lat' dir='ltr'>iu</span> <span class='ocrx_word' id='word_1_212' title='bbox 604 1479 658 1538; x_wconf 90' lang='lat' dir='ltr'>quo</span> <span class='ocrx_word' id='word_1_213' title='bbox 679 1473 720 1520; x_wconf 92' lang='lat' dir='ltr'>est</span> <span class='ocrx_word' id='word_1_214' title='bbox 734 1462 833 1530; x_wconf 85' lang='lat' dir='ltr'>laetitia,</span> <span class='ocrx_word' id='word_1_215' title='bbox 845 1463 893 1519; x_wconf 92' lang='lat' dir='ltr'>sed</span> <span class='ocrx_word' id='word_1_216' title='bbox 916 1480 971 1520; x_wconf 90' lang='lat' dir='ltr'>nou</span> <span class='ocrx_word' id='word_1_217' title='bbox 1026 1461 1066 1518; x_wconf 89' lang='lat' dir='ltr'>sic</span> <span class='ocrx_word' id='word_1_218' title='bbox 1086 1476 1213 1535; x_wconf 85' lang='lat' dir='ltr'>provocat</span> <span class='ocrx_word' id='word_1_219' title='bbox 1227 1465 1300 1537; x_wconf 89' lang='lat' dir='ltr'>quod</span> <span class='ocrx_word' id='word_1_220' title='bbox 1327 1466 1472 1539; x_wconf 86' lang='lat' dir='ltr'>promittis,</span> <span class='ocrx_word' id='word_1_221' title='bbox 1489 1476 1519 1523; x_wconf 89' lang='lat' dir='ltr'>ut</span> <span class='ocrx_word' id='word_1_222' title='bbox 1535 1465 1609 1539; x_wconf 84' lang='lat' dir='ltr'>quod</span> <span class='ocrx_word' id='word_1_223' title='bbox 1632 1466 1761 1542; x_wconf 64' lang='lat' dir='ltr'>imponi,</span> <span class='ocrx_word' id='word_1_224' title='bbox 1779 1484 1830 1529; x_wconf 56' lang='lat' dir='ltr'><strong><em>m</em></strong></span> 
     </span>
     <span class='ocr_line' id='line_1_17' title="bbox 177 1543 1826 1639; baseline -0.013 -5"><span class='ocrx_word' id='word_1_225' title='bbox 177 1573 302 1639; x_wconf 86' lang='lat' dir='ltr'>luxuria;</span> <span class='ocrx_word' id='word_1_226' title='bbox 318 1568 381 1625; x_wconf 93' lang='lat' dir='ltr'>vino</span> <span class='ocrx_word' id='word_1_227' title='bbox 392 1563 474 1620; x_wconf 92' lang='lat' dir='ltr'>totius</span> <span class='ocrx_word' id='word_1_228' title='bbox 494 1554 642 1620; x_wconf 88' lang='lat' dir='ltr'>suavitatis,</span> <span class='ocrx_word' id='word_1_229' title='bbox 657 1552 758 1608; x_wconf 91' lang='lat' dir='ltr'>nullius</span> <span class='ocrx_word' id='word_1_230' title='bbox 772 1550 899 1608; x_wconf 89' lang='lat' dir='ltr'>libidinis.</span> <span class='ocrx_word' id='word_1_231' title='bbox 914 1553 972 1609; x_wconf 87' lang='lat' dir='ltr'>lloc</span> <span class='ocrx_word' id='word_1_232' title='bbox 1026 1559 1134 1608; x_wconf 88' lang='lat' dir='ltr'>terreat.</span> <span class='ocrx_word' id='word_1_233' title='bbox 1159 1552 1229 1622; x_wconf 89' lang='lat' dir='ltr'>Quid</span> <span class='ocrx_word' id='word_1_234' title='bbox 1252 1555 1341 1611; x_wconf 90' lang='lat' dir='ltr'>adhuc</span> <span class='ocrx_word' id='word_1_235' title='bbox 1355 1554 1435 1611; x_wconf 90' lang='lat' dir='ltr'>unius</span> <span class='ocrx_word' id='word_1_236' title='bbox 1457 1556 1544 1613; x_wconf 84' lang='lat' dir='ltr'>vineae</span> <span class='ocrx_word' id='word_1_237' title='bbox 1559 1555 1668 1631; x_wconf 88' lang='lat' dir='ltr'>plangis</span> <span class='ocrx_word' id='word_1_238' title='bbox 1684 1543 1826 1630; x_wconf 66' lang='lat' dir='ltr'>damnum,</span> 
     </span>
     <span class='ocr_line' id='line_1_18' title="bbox 176 1640 1825 1722; baseline -0.012 -1"><span class='ocrx_word' id='word_1_239' title='bbox 176 1674 249 1722; x_wconf 89' lang='lat' dir='ltr'>cene</span> <span class='ocrx_word' id='word_1_240' title='bbox 271 1647 495 1718; x_wconf 82' lang='lat' dir='ltr'>vinmnlaerillcat</span> <span class='ocrx_word' id='word_1_241' title='bbox 517 1641 717 1712; x_wconf 80' lang='lat' dir='ltr'>corbominis3</span> <span class='ocrx_word' id='word_1_242' title='bbox 746 1640 798 1696; x_wconf 91' lang='lat' dir='ltr'>boc</span> <span class='ocrx_word' id='word_1_243' title='bbox 825 1651 972 1699; x_wconf 89' lang='lat' dir='ltr'>constatet</span> <span class='ocrx_word' id='word_1_244' title='bbox 1026 1641 1099 1712; x_wconf 89' lang='lat' dir='ltr'>quod</span> <span class='ocrx_word' id='word_1_245' title='bbox 1127 1649 1204 1698; x_wconf 90' lang='lat' dir='ltr'>tanto</span> <span class='ocrx_word' id='word_1_246' title='bbox 1231 1643 1279 1699; x_wconf 88' lang='lat' dir='ltr'>tibi</span> <span class='ocrx_word' id='word_1_247' title='bbox 1304 1643 1611 1717; x_wconf 82' lang='lat' dir='ltr'>fenorecompeusatum</span> <span class='ocrx_word' id='word_1_248' title='bbox 1638 1647 1704 1703; x_wconf 75' lang='lat' dir='ltr'>est?</span> <span class='ocrx_word' id='word_1_249' title='bbox 1719 1647 1777 1706; x_wconf 86' lang='lat' dir='ltr'>Pro</span> <span class='ocrx_word' id='word_1_250' title='bbox 1794 1662 1825 1707; x_wconf 86' lang='lat' dir='ltr'>ss</span> 
     </span>
     <span class='ocr_line' id='line_1_19' title="bbox 177 1729 1830 1825; baseline -0.002 -16"><span class='ocrx_word' id='word_1_251' title='bbox 177 1750 290 1825; x_wconf 89' lang='lat' dir='ltr'>angelos</span> <span class='ocrx_word' id='word_1_252' title='bbox 303 1744 398 1802; x_wconf 87' lang='lat' dir='ltr'>bibere</span> <span class='ocrx_word' id='word_1_253' title='bbox 425 1754 488 1796; x_wconf 87' lang='lat' dir='ltr'>curn</span> <span class='ocrx_word' id='word_1_254' title='bbox 516 1733 617 1790; x_wconf 84' lang='lat' dir='ltr'>laetitia.</span> <span class='ocrx_word' id='word_1_255' title='bbox 645 1729 767 1802; x_wconf 89' lang='lat' dir='ltr'>Denique</span> <span class='ocrx_word' id='word_1_256' title='bbox 796 1730 915 1802; x_wconf 89' lang='lat' dir='ltr'>gaudent</span> <span class='ocrx_word' id='word_1_257' title='bbox 942 1731 970 1786; x_wconf 89' lang='lat' dir='ltr'>in</span> <span class='ocrx_word' id='word_1_258' title='bbox 1024 1729 1096 1801; x_wconf 85' lang='lat' dir='ltr'>quod</span> <span class='ocrx_word' id='word_1_259' title='bbox 1117 1729 1191 1787; x_wconf 78' lang='lat' dir='ltr'>luisci</span> <span class='ocrx_word' id='word_1_260' title='bbox 1210 1731 1349 1803; x_wconf 89' lang='lat' dir='ltr'>derelicta,</span> <span class='ocrx_word' id='word_1_261' title='bbox 1363 1742 1391 1789; x_wconf 92' lang='lat' dir='ltr'>et</span> <span class='ocrx_word' id='word_1_262' title='bbox 1404 1734 1466 1790; x_wconf 91' lang='lat' dir='ltr'>odio</span> <span class='ocrx_word' id='word_1_263' title='bbox 1481 1733 1580 1804; x_wconf 86' lang='lat' dir='ltr'>habita,</span> <span class='ocrx_word' id='word_1_264' title='bbox 1596 1742 1623 1790; x_wconf 89' lang='lat' dir='ltr'>et</span> <span class='ocrx_word' id='word_1_265' title='bbox 1635 1750 1695 1791; x_wconf 87' lang='lat' dir='ltr'>nou</span> <span class='ocrx_word' id='word_1_266' title='bbox 1715 1735 1830 1812; x_wconf 65' lang='lat' dir='ltr'>furcosi</span> 
     </span>
     <span class='ocr_line' id='line_1_20' title="bbox 177 1819 1860 1903; baseline -0.018 -3"><span class='ocrx_word' id='word_1_267' title='bbox 177 1835 356 1900; x_wconf 78' lang='lat' dir='ltr'>conversione</span> <span class='ocrx_word' id='word_1_268' title='bbox 371 1840 398 1887; x_wconf 93' lang='lat' dir='ltr'>et</span> <span class='ocrx_word' id='word_1_269' title='bbox 412 1823 763 1901; x_wconf 87' lang='lat' dir='ltr'>poenitentiapeccatorum,</span> <span class='ocrx_word' id='word_1_270' title='bbox 780 1819 895 1876; x_wconf 90' lang='lat' dir='ltr'>salutem</span> <span class='ocrx_word' id='word_1_271' title='bbox 916 1822 969 1877; x_wconf 91' lang='lat' dir='ltr'>bo·</span> <span class='ocrx_word' id='word_1_272' title='bbox 1024 1833 1074 1888; x_wconf 90' lang='lat' dir='ltr'>per</span> <span class='ocrx_word' id='word_1_273' title='bbox 1084 1826 1109 1875; x_wconf 87' lang='lat' dir='ltr'>te</span> <span class='ocrx_word' id='word_1_274' title='bbox 1124 1819 1258 1878; x_wconf 86' lang='lat' dir='ltr'>transiret:</span> <span class='ocrx_word' id='word_1_275' title='bbox 1270 1823 1378 1878; x_wconf 84' lang='lat' dir='ltr'>Ponam</span> <span class='ocrx_word' id='word_1_276' title='bbox 1389 1824 1426 1891; x_wconf 84' lang='lat' dir='ltr'>tc,</span> <span class='ocrx_word' id='word_1_277' title='bbox 1438 1822 1537 1896; x_wconf 86' lang='lat' dir='ltr'>inquit:</span> <span class='ocrx_word' id='word_1_278' title='bbox 1554 1823 1826 1903; x_wconf 50' lang='lat' dir='ltr'>inrepercussum</span> <span class='ocrx_word' id='word_1_279' title='bbox 1857 1834 1860 1879; x_wconf 54' lang='grc' dir='ltr'>ι</span> 
     </span>
     <span class='ocr_line' id='line_1_21' title="bbox 175 1907 1823 1988; baseline -0.045 1"><span class='ocrx_word' id='word_1_280' title='bbox 175 1931 281 1988; x_wconf 90' lang='lat' dir='ltr'>minum</span> <span class='ocrx_word' id='word_1_281' title='bbox 300 1923 432 1980; x_wconf 88' lang='lat' dir='ltr'>sitientes.</span> <span class='ocrx_word' id='word_1_282' title='bbox 447 1916 585 1985; x_wconf 80' lang='lat' dir='ltr'>Lacrymae</span> <span class='ocrx_word' id='word_1_283' title='bbox 600 1907 789 1981; x_wconf 71' lang='lat' dir='ltr'>poenitentium</span> <span class='ocrx_word' id='word_1_284' title='bbox 807 1908 899 1965; x_wconf 84' lang='lat' dir='ltr'>vinum</span> <span class='ocrx_word' id='word_1_285' title='bbox 919 1924 969 1966; x_wconf 76' lang='lat' dir='ltr'>eo.</span> <span class='ocrx_word' id='word_1_286' title='bbox 1025 1908 1308 1980; x_wconf 55' lang='lat' dir='ltr'>cpp,·„m‚9aud,·um</span> <span class='ocrx_word' id='word_1_287' title='bbox 1322 1912 1354 1968; x_wconf 58' lang='lat' dir='ltr'>g„</span> <span class='ocrx_word' id='word_1_288' title='bbox 1366 1913 1586 1982; x_wconf 42' lang='lat' dir='ltr'><em>moratione&amp;</em></span> <span class='ocrx_word' id='word_1_289' title='bbox 1598 1915 1823 1985; x_wconf 43' lang='lat' dir='ltr'>yewmm&#39;</span> 
     </span>
     <span class='ocr_line' id='line_1_22' title="bbox 178 1996 1860 2089; baseline -0.019 -12"><span class='ocrx_word' id='word_1_290' title='bbox 178 2036 250 2087; x_wconf 91' lang='lat' dir='ltr'>rum,</span> <span class='ocrx_word' id='word_1_291' title='bbox 261 2012 333 2089; x_wconf 88' lang='lat' dir='ltr'>quod</span> <span class='ocrx_word' id='word_1_292' title='bbox 348 2011 375 2067; x_wconf 90' lang='lat' dir='ltr'>in</span> <span class='ocrx_word' id='word_1_293' title='bbox 391 2008 444 2064; x_wconf 92' lang='lat' dir='ltr'>illis</span> <span class='ocrx_word' id='word_1_294' title='bbox 456 2003 518 2062; x_wconf 82' lang='lat' dir='ltr'>vitae</span> <span class='ocrx_word' id='word_1_295' title='bbox 533 2000 613 2065; x_wconf 90' lang='lat' dir='ltr'>odor,</span> <span class='ocrx_word' id='word_1_296' title='bbox 624 2013 705 2069; x_wconf 90' lang='lat' dir='ltr'>sapor</span> <span class='ocrx_word' id='word_1_297' title='bbox 718 1996 811 2070; x_wconf 84' lang='lat' dir='ltr'>gratiae</span> <span class='ocrx_word' id='word_1_298' title='bbox 824 1997 870 2064; x_wconf 87' lang='lat' dir='ltr'>sit,</span> <span class='ocrx_word' id='word_1_299' title='bbox 882 1997 969 2053; x_wconf 90' lang='lat' dir='ltr'>indul·</span> <span class='ocrx_word' id='word_1_300' title='bbox 1023 1998 1650 2073; x_wconf 79' lang='lat' dir='ltr'>etsupestorpentium,ctmommillurcpum</span> <span class='ocrx_word' id='word_1_301' title='bbox 1663 2002 1822 2072; x_wconf 56' lang='lat' dir='ltr'>taccam·</span> <span class='ocrx_word' id='word_1_302' title='bbox 1858 2036 1860 2071; x_wconf 49' lang='grc' dir='ltr'><strong>ἱ</strong></span> 
     </span>
     <span class='ocr_line' id='line_1_23' title="bbox 176 2074 1860 2182; baseline -0.034 -17"><span class='ocrx_word' id='word_1_303' title='bbox 176 2107 273 2182; x_wconf 85' lang='lat' dir='ltr'>geutiae</span> <span class='ocrx_word' id='word_1_304' title='bbox 289 2112 396 2177; x_wconf 90' lang='lat' dir='ltr'>gustus,</span> <span class='ocrx_word' id='word_1_305' title='bbox 425 2088 651 2152; x_wconf 86' lang='lat' dir='ltr'>reconciliationis</span> <span class='ocrx_word' id='word_1_306' title='bbox 674 2086 842 2157; x_wconf 86' lang='lat' dir='ltr'>jucunditas,</span> <span class='ocrx_word' id='word_1_307' title='bbox 869 2087 969 2144; x_wconf 88' lang='lat' dir='ltr'>sanitas</span> <span class='ocrx_word' id='word_1_308' title='bbox 1023 2089 1051 2144; x_wconf 85' lang='lat' dir='ltr'>et</span> <span class='ocrx_word' id='word_1_309' title='bbox 1064 2101 1135 2142; x_wconf 83' lang='lat' dir='ltr'>scses</span> <span class='ocrx_word' id='word_1_310' title='bbox 1154 2088 1219 2159; x_wconf 85' lang='lat' dir='ltr'>quie</span> <span class='ocrx_word' id='word_1_311' title='bbox 1233 2102 1279 2159; x_wconf 78' lang='lat' dir='ltr'>epo</span> <span class='ocrx_word' id='word_1_312' title='bbox 1294 2090 1551 2148; x_wconf 83' lang='lat' dir='ltr'>Dominuasotueas</span> <span class='ocrx_word' id='word_1_313' title='bbox 1567 2094 1604 2156; x_wconf 76' lang='grc' dir='ltr'>ιι,</span> <span class='ocrx_word' id='word_1_314' title='bbox 1625 2092 1821 2167; x_wconf 53' lang='lat' dir='ltr'>gramm</span> <span class='ocrx_word' id='word_1_315' title='bbox 1858 2074 1860 2107; x_wconf 88' lang='lat' dir='ltr'>t</span> 
     </span>
     <span class='ocr_line' id='line_1_24' title="bbox 175 2175 1819 2256; baseline -0.016 -2"><span class='ocrx_word' id='word_1_316' title='bbox 175 2195 313 2256; x_wconf 88' lang='lat' dir='ltr'>redeuntis</span> <span class='ocrx_word' id='word_1_317' title='bbox 327 2184 499 2253; x_wconf 76' lang='lat' dir='ltr'>innocentie,</span> <span class='ocrx_word' id='word_1_318' title='bbox 523 2185 653 2238; x_wconf 87' lang='lat' dir='ltr'>serenatae</span> <span class='ocrx_word' id='word_1_319' title='bbox 679 2175 797 2233; x_wconf 87' lang='lat' dir='ltr'>suavitas</span> <span class='ocrx_word' id='word_1_320' title='bbox 824 2178 969 2234; x_wconf 86' lang='lat' dir='ltr'>couscien·</span> <span class='ocrx_word' id='word_1_321' title='bbox 1025 2179 1090 2232; x_wconf 85' lang='lat' dir='ltr'>tuus</span> <span class='ocrx_word' id='word_1_322' title='bbox 1104 2177 1189 2246; x_wconf 75' lang='lat' dir='ltr'>sortis</span> <span class='ocrx_word' id='word_1_323' title='bbox 1205 2177 1353 2247; x_wconf 61' lang='lat' dir='ltr'>Iacobum.</span> <span class='ocrx_word' id='word_1_324' title='bbox 1369 2192 1413 2243; x_wconf 80' lang='lat' dir='ltr'>aa,</span> <span class='ocrx_word' id='word_1_325' title='bbox 1432 2181 1475 2245; x_wconf 78' lang='lat' dir='ltr'>lb,</span> <span class='ocrx_word' id='word_1_326' title='bbox 1493 2177 1547 2250; x_wconf 82' lang='lat' dir='ltr'>to).</span> <span class='ocrx_word' id='word_1_327' title='bbox 1562 2177 1621 2234; x_wconf 85' lang='lat' dir='ltr'>Tali</span> <span class='ocrx_word' id='word_1_328' title='bbox 1634 2179 1727 2253; x_wconf 84' lang='lat' dir='ltr'>itaque</span> <span class='ocrx_word' id='word_1_329' title='bbox 1744 2181 1819 2240; x_wconf 65' lang='grc' dir='ltr'><em>Μ</em></span> 
     </span>
     <span class='ocr_line' id='line_1_25' title="bbox 175 2254 1818 2345; baseline -0.019 9"><span class='ocrx_word' id='word_1_330' title='bbox 175 2288 229 2343; x_wconf 71' lang='lat' dir='ltr'>liae·</span> <span class='ocrx_word' id='word_1_331' title='bbox 1023 2262 1090 2318; x_wconf 86' lang='lat' dir='ltr'>dicit</span> <span class='ocrx_word' id='word_1_332' title='bbox 1104 2278 1134 2320; x_wconf 89' lang='lat' dir='ltr'>se</span> <span class='ocrx_word' id='word_1_333' title='bbox 1149 2280 1249 2335; x_wconf 89' lang='lat' dir='ltr'>sponsa</span> <span class='ocrx_word' id='word_1_334' title='bbox 1263 2265 1379 2336; x_wconf 87' lang='lat' dir='ltr'>positam</span> <span class='ocrx_word' id='word_1_335' title='bbox 1394 2269 1537 2323; x_wconf 87' lang='lat' dir='ltr'>custodem</span> <span class='ocrx_word' id='word_1_336' title='bbox 1551 2266 1580 2323; x_wconf 88' lang='lat' dir='ltr'>in</span> <span class='ocrx_word' id='word_1_337' title='bbox 1602 2266 1702 2337; x_wconf 88' lang='lat' dir='ltr'>vineis,</span> <span class='ocrx_word' id='word_1_338' title='bbox 1717 2254 1818 2345; x_wconf 80' lang='lat' dir='ltr'>etquis</span> 
     </span>
     <span class='ocr_line' id='line_1_26' title="bbox 212 2352 1464 2444; baseline -0.044 -12"><span class='ocrx_word' id='word_1_339' title='bbox 212 2378 238 2432; x_wconf 78' lang='grc'>4.</span> <span class='ocrx_word' id='word_1_340' title='bbox 251 2373 326 2444; x_wconf 88' lang='lat' dir='ltr'>Ergo</span> <span class='ocrx_word' id='word_1_341' title='bbox 340 2385 372 2425; x_wconf 89' lang='lat' dir='ltr'>es</span> <span class='ocrx_word' id='word_1_342' title='bbox 388 2365 432 2420; x_wconf 92' lang='lat' dir='ltr'>illa</span> <span class='ocrx_word' id='word_1_343' title='bbox 456 2377 509 2418; x_wconf 88' lang='lat' dir='ltr'>uua</span> <span class='ocrx_word' id='word_1_344' title='bbox 523 2358 610 2424; x_wconf 86' lang='lat' dir='ltr'>vinea,</span> <span class='ocrx_word' id='word_1_345' title='bbox 627 2372 708 2429; x_wconf 88' lang='lat' dir='ltr'>quam</span> <span class='ocrx_word' id='word_1_346' title='bbox 728 2371 807 2412; x_wconf 82' lang='lat' dir='ltr'>saevae</span> <span class='ocrx_word' id='word_1_347' title='bbox 835 2370 970 2428; x_wconf 85' lang='lat' dir='ltr'>persecu.</span> <span class='ocrx_word' id='word_1_348' title='bbox 1024 2352 1131 2408; x_wconf 68' lang='lat' dir='ltr'>vineam</span> <span class='ocrx_word' id='word_1_349' title='bbox 1146 2369 1223 2409; x_wconf 62' lang='lat' dir='ltr'>suam</span> <span class='ocrx_word' id='word_1_350' title='bbox 1239 2370 1291 2410; x_wconf 66' lang='lat' dir='ltr'>no„</span> <span class='ocrx_word' id='word_1_351' title='bbox 1308 2355 1464 2412; x_wconf 43' lang='lat' dir='ltr'>ouswdipih</span> 
     </span>
     <span class='ocr_line' id='line_1_27' title="bbox 174 2442 1816 2524; baseline -0.015 -1"><span class='ocrx_word' id='word_1_352' title='bbox 174 2461 392 2524; x_wconf 85' lang='lat' dir='ltr'>tionisvisaest,</span> <span class='ocrx_word' id='word_1_353' title='bbox 409 2450 540 2510; x_wconf 71' lang='lat' dir='ltr'>delevisse</span> <span class='ocrx_word' id='word_1_354' title='bbox 568 2452 725 2518; x_wconf 86' lang='lat' dir='ltr'>tempestas,</span> <span class='ocrx_word' id='word_1_355' title='bbox 744 2444 894 2517; x_wconf 85' lang='lat' dir='ltr'>quautaeiu</span> <span class='ocrx_word' id='word_1_356' title='bbox 910 2445 970 2500; x_wconf 89' lang='lat' dir='ltr'>uni·</span> <span class='ocrx_word' id='word_1_357' title='bbox 1059 2445 1085 2497; x_wconf 88' lang='grc'>6.</span> <span class='ocrx_word' id='word_1_358' title='bbox 1101 2442 1159 2516; x_wconf 79' lang='lat' dir='ltr'>Ego</span> <span class='ocrx_word' id='word_1_359' title='bbox 1175 2443 1227 2498; x_wconf 91' lang='lat' dir='ltr'>loci</span> <span class='ocrx_word' id='word_1_360' title='bbox 1242 2443 1323 2514; x_wconf 84' lang='lat' dir='ltr'>bujus</span> <span class='ocrx_word' id='word_1_361' title='bbox 1337 2444 1480 2502; x_wconf 88' lang='lat' dir='ltr'>occasione</span> <span class='ocrx_word' id='word_1_362' title='bbox 1499 2460 1541 2500; x_wconf 91' lang='lat' dir='ltr'>me</span> <span class='ocrx_word' id='word_1_363' title='bbox 1557 2444 1647 2517; x_wconf 90' lang='lat' dir='ltr'>ipsum</span> <span class='ocrx_word' id='word_1_364' title='bbox 1672 2447 1816 2522; x_wconf 68' lang='lat' dir='ltr'>reprobas·</span> 
     </span>
     <span class='ocr_line' id='line_1_28' title="bbox 174 2530 1815 2615; baseline -0.013 -4"><span class='ocrx_word' id='word_1_365' title='bbox 174 2569 254 2612; x_wconf 88' lang='lat' dir='ltr'>versa</span> <span class='ocrx_word' id='word_1_366' title='bbox 296 2559 369 2605; x_wconf 89' lang='lat' dir='ltr'>terra</span> <span class='ocrx_word' id='word_1_367' title='bbox 398 2545 553 2615; x_wconf 85' lang='lat' dir='ltr'>propagatae</span> <span class='ocrx_word' id='word_1_368' title='bbox 577 2533 784 2591; x_wconf 77' lang='lat' dir='ltr'>refloruerunt?</span> <span class='ocrx_word' id='word_1_369' title='bbox 811 2534 843 2588; x_wconf 85' lang='lat' dir='ltr'>Et</span> <span class='ocrx_word' id='word_1_370' title='bbox 870 2534 898 2588; x_wconf 92' lang='lat' dir='ltr'>in</span> <span class='ocrx_word' id='word_1_371' title='bbox 927 2533 969 2589; x_wconf 91' lang='lat' dir='ltr'>bis</span> <span class='ocrx_word' id='word_1_372' title='bbox 1024 2530 1089 2586; x_wconf 90' lang='lat' dir='ltr'>dere</span> <span class='ocrx_word' id='word_1_373' title='bbox 1103 2531 1186 2598; x_wconf 91' lang='lat' dir='ltr'>soleo,</span> <span class='ocrx_word' id='word_1_374' title='bbox 1201 2532 1275 2602; x_wconf 90' lang='lat' dir='ltr'>quod</span> <span class='ocrx_word' id='word_1_375' title='bbox 1295 2533 1447 2590; x_wconf 87' lang='lat' dir='ltr'>animarum</span> <span class='ocrx_word' id='word_1_376' title='bbox 1466 2535 1634 2607; x_wconf 90' lang='lat' dir='ltr'>susceperim</span> <span class='ocrx_word' id='word_1_377' title='bbox 1648 2552 1756 2605; x_wconf 86' lang='lat' dir='ltr'>curam,</span> <span class='ocrx_word' id='word_1_378' title='bbox 1773 2537 1815 2610; x_wconf 86' lang='lat' dir='ltr'>qul</span> 
     </span>
     <span class='ocr_line' id='line_1_29' title="bbox 175 2611 1818 2701; baseline -0.012 -2"><span class='ocrx_word' id='word_1_379' title='bbox 175 2640 304 2700; x_wconf 89' lang='lat' dir='ltr'>omuibus</span> <span class='ocrx_word' id='word_1_380' title='bbox 320 2641 413 2691; x_wconf 90' lang='lat' dir='ltr'>custos</span> <span class='ocrx_word' id='word_1_381' title='bbox 427 2627 517 2701; x_wconf 91' lang='lat' dir='ltr'>posita</span> <span class='ocrx_word' id='word_1_382' title='bbox 532 2639 633 2696; x_wconf 89' lang='lat' dir='ltr'>sponsa</span> <span class='ocrx_word' id='word_1_383' title='bbox 659 2631 712 2688; x_wconf 86' lang='lat' dir='ltr'>est,</span> <span class='ocrx_word' id='word_1_384' title='bbox 736 2630 765 2676; x_wconf 94' lang='lat' dir='ltr'>ut</span> <span class='ocrx_word' id='word_1_385' title='bbox 797 2636 852 2677; x_wconf 91' lang='lat' dir='ltr'>nou</span> <span class='ocrx_word' id='word_1_386' title='bbox 864 2622 968 2677; x_wconf 88' lang='lat' dir='ltr'>contri·</span> <span class='ocrx_word' id='word_1_387' title='bbox 1023 2635 1113 2675; x_wconf 92' lang='lat' dir='ltr'>meam</span> <span class='ocrx_word' id='word_1_388' title='bbox 1127 2635 1182 2676; x_wconf 90' lang='lat' dir='ltr'>non</span> <span class='ocrx_word' id='word_1_389' title='bbox 1201 2620 1356 2678; x_wconf 80' lang='lat' dir='ltr'>sufficerem</span> <span class='ocrx_word' id='word_1_390' title='bbox 1370 2622 1525 2691; x_wconf 86' lang='lat' dir='ltr'>custodire‚·</span> <span class='ocrx_word' id='word_1_391' title='bbox 1546 2625 1638 2682; x_wconf 88' lang='lat' dir='ltr'>vineas</span> <span class='ocrx_word' id='word_1_392' title='bbox 1652 2611 1766 2684; x_wconf 69' lang='lat' dir='ltr'>animm</span> <span class='ocrx_word' id='word_1_393' title='bbox 1776 2625 1818 2681; x_wconf 88' lang='lat' dir='ltr'>iu-</span> 
     </span>
     <span class='ocr_line' id='line_1_30' title="bbox 173 2709 1816 2800; baseline -0.011 -11"><span class='ocrx_word' id='word_1_394' title='bbox 173 2741 270 2800; x_wconf 82' lang='lat' dir='ltr'>stetur,</span> <span class='ocrx_word' id='word_1_395' title='bbox 285 2722 357 2799; x_wconf 88' lang='lat' dir='ltr'>quod</span> <span class='ocrx_word' id='word_1_396' title='bbox 373 2721 488 2792; x_wconf 90' lang='lat' dir='ltr'>primam</span> <span class='ocrx_word' id='word_1_397' title='bbox 505 2715 613 2770; x_wconf 87' lang='lat' dir='ltr'>vineam</span> <span class='ocrx_word' id='word_1_398' title='bbox 640 2727 695 2768; x_wconf 94' lang='lat' dir='ltr'>non</span> <span class='ocrx_word' id='word_1_399' title='bbox 716 2709 868 2768; x_wconf 90' lang='lat' dir='ltr'>custodivit.</span> <span class='ocrx_word' id='word_1_400' title='bbox 893 2711 967 2767; x_wconf 90' lang='lat' dir='ltr'>Con·</span> <span class='ocrx_word' id='word_1_401' title='bbox 1023 2717 1188 2780; x_wconf 89' lang='lat' dir='ltr'>terpretans.</span> <span class='ocrx_word' id='word_1_402' title='bbox 1209 2709 1325 2782; x_wconf 90' lang='lat' dir='ltr'>Quodsi</span> <span class='ocrx_word' id='word_1_403' title='bbox 1350 2713 1449 2784; x_wconf 88' lang='lat' dir='ltr'>probas</span> <span class='ocrx_word' id='word_1_404' title='bbox 1464 2719 1491 2768; x_wconf 90' lang='lat' dir='ltr'>et</span> <span class='ocrx_word' id='word_1_405' title='bbox 1506 2720 1533 2770; x_wconf 93' lang='lat' dir='ltr'>tu</span> <span class='ocrx_word' id='word_1_406' title='bbox 1551 2713 1622 2771; x_wconf 89' lang='lat' dir='ltr'>banc</span> <span class='ocrx_word' id='word_1_407' title='bbox 1636 2724 1764 2772; x_wconf 86' lang='lat' dir='ltr'>nostram</span> <span class='ocrx_word' id='word_1_408' title='bbox 1777 2715 1816 2771; x_wconf 85' lang='lat' dir='ltr'>in·</span> 
     </span>
     <span class='ocr_line' id='line_1_31' title="bbox 174 2799 1816 2888; baseline -0.015 -10"><span class='ocrx_word' id='word_1_409' title='bbox 174 2820 273 2888; x_wconf 88' lang='lat' dir='ltr'>solare,</span> <span class='ocrx_word' id='word_1_410' title='bbox 290 2814 344 2870; x_wconf 88' lang='lat' dir='ltr'>lilla</span> <span class='ocrx_word' id='word_1_411' title='bbox 358 2810 446 2868; x_wconf 85' lang='lat' dir='ltr'>Sion:</span> <span class='ocrx_word' id='word_1_412' title='bbox 468 2805 492 2861; x_wconf 89' lang='lat' dir='ltr'>si</span> <span class='ocrx_word' id='word_1_413' title='bbox 518 2801 625 2861; x_wconf 77' lang='lat' dir='ltr'>cecitas</span> <span class='ocrx_word' id='word_1_414' title='bbox 651 2816 683 2855; x_wconf 86' lang='lat' dir='ltr'>es</span> <span class='ocrx_word' id='word_1_415' title='bbox 698 2807 773 2872; x_wconf 88' lang='lat' dir='ltr'>parte</span> <span class='ocrx_word' id='word_1_416' title='bbox 799 2800 912 2876; x_wconf 86' lang='lat' dir='ltr'>contigit</span> <span class='ocrx_word' id='word_1_417' title='bbox 939 2801 967 2856; x_wconf 92' lang='lat' dir='ltr'>in</span> <span class='ocrx_word' id='word_1_418' title='bbox 1023 2799 1250 2870; x_wconf 66' lang='lat' dir='ltr'>leprecationem,</span> <span class='ocrx_word' id='word_1_419' title='bbox 1266 2799 1327 2858; x_wconf 88' lang='lat' dir='ltr'>vide</span> <span class='ocrx_word' id='word_1_420' title='bbox 1355 2800 1436 2857; x_wconf 87' lang='lat' dir='ltr'>etlam</span> <span class='ocrx_word' id='word_1_421' title='bbox 1458 2812 1664 2876; x_wconf 85' lang='lat' dir='ltr'>consequenter,</span> <span class='ocrx_word' id='word_1_422' title='bbox 1686 2818 1723 2859; x_wconf 87' lang='lat' dir='ltr'>an</span> <span class='ocrx_word' id='word_1_423' title='bbox 1749 2813 1816 2860; x_wconf 75' lang='lat' dir='ltr'>rasas</span> 
     </span>
     <span class='ocr_line' id='line_1_32' title="bbox 173 2877 1816 2978; baseline -0.024 -11"><span class='ocrx_word' id='word_1_424' title='bbox 173 2906 272 2978; x_wconf 91' lang='lat' dir='ltr'>lsrael,</span> <span class='ocrx_word' id='word_1_425' title='bbox 288 2902 355 2977; x_wconf 90' lang='lat' dir='ltr'>quid</span> <span class='ocrx_word' id='word_1_426' title='bbox 377 2908 405 2955; x_wconf 94' lang='lat' dir='ltr'>tu</span> <span class='ocrx_word' id='word_1_427' title='bbox 418 2891 539 2969; x_wconf 69' lang='lat' dir='ltr'>perdis?</span> <span class='ocrx_word' id='word_1_428' title='bbox 567 2890 664 2946; x_wconf 89' lang='lat' dir='ltr'>blirare</span> <span class='ocrx_word' id='word_1_429' title='bbox 678 2887 848 2961; x_wconf 76' lang='lat' dir='ltr'>mysterium,</span> <span class='ocrx_word' id='word_1_430' title='bbox 871 2898 899 2946; x_wconf 90' lang='lat' dir='ltr'>et</span> <span class='ocrx_word' id='word_1_431' title='bbox 912 2889 968 2946; x_wconf 91' lang='lat' dir='ltr'>noli</span> <span class='ocrx_word' id='word_1_432' title='bbox 983 2877 1006 2957; x_wconf 71' lang='grc' dir='ltr'><strong><em>Β</em></strong></span> <span class='ocrx_word' id='word_1_433' title='bbox 1021 2903 1130 2961; x_wconf 83' lang='lat' dir='ltr'>quoqrae</span> <span class='ocrx_word' id='word_1_434' title='bbox 1153 2889 1274 2946; x_wconf 89' lang='lat' dir='ltr'>dicamus</span> <span class='ocrx_word' id='word_1_435' title='bbox 1301 2889 1393 2959; x_wconf 85' lang='lat' dir='ltr'>iidem,</span> <span class='ocrx_word' id='word_1_436' title='bbox 1419 2889 1513 2963; x_wconf 80' lang='lat' dir='ltr'>ritem3</span> <span class='ocrx_word' id='word_1_437' title='bbox 1530 2892 1652 2962; x_wconf 49' lang='lat' dir='ltr'>virtutes,</span> <span class='ocrx_word' id='word_1_438' title='bbox 1677 2891 1816 2964; x_wconf 44' lang='lat' dir='ltr'>pamm</span> 
     </span>
     <span class='ocr_line' id='line_1_33' title="bbox 173 2975 1863 3074; baseline -0.036 -19"><span class='ocrx_word' id='word_1_439' title='bbox 173 2999 301 3074; x_wconf 87' lang='lat' dir='ltr'>plangere</span> <span class='ocrx_word' id='word_1_440' title='bbox 314 2988 501 3047; x_wconf 89' lang='lat' dir='ltr'>detrimentum</span> <span class='ocrx_word' id='word_1_441' title='bbox 520 2998 528 3033; x_wconf 74' lang='lat' dir='ltr'>a</span> <span class='ocrx_word' id='word_1_442' title='bbox 545 2979 627 3036; x_wconf 86' lang='lat' dir='ltr'>dilata</span> <span class='ocrx_word' id='word_1_443' title='bbox 644 2977 744 3048; x_wconf 88' lang='lat' dir='ltr'>sinum,</span> <span class='ocrx_word' id='word_1_444' title='bbox 757 2986 784 3033; x_wconf 90' lang='lat' dir='ltr'>et</span> <span class='ocrx_word' id='word_1_445' title='bbox 798 2976 894 3052; x_wconf 78' lang='lat' dir='ltr'>collige</span> <span class='ocrx_word' id='word_1_446' title='bbox 909 2979 968 3046; x_wconf 77' lang='lat' dir='ltr'>ple.</span> <span class='ocrx_word' id='word_1_447' title='bbox 1025 2975 1819 3053; x_wconf 62' lang='lat' dir='ltr'>¹³⁷⁷b0²r11m2opvsadevotionernminnm.sequidem</span> <span class='ocrx_word' id='word_1_448' title='bbox 1861 2990 1863 2995; x_wconf 91' lang='lat'><em>.</em></span> 
     </span>
     <span class='ocr_line' id='line_1_34' title="bbox 174 3066 1819 3153; baseline -0.015 -7"><span class='ocrx_word' id='word_1_449' title='bbox 174 3086 326 3146; x_wconf 82' lang='lat' dir='ltr'>citudinem</span> <span class='ocrx_word' id='word_1_450' title='bbox 352 3075 485 3153; x_wconf 89' lang='lat' dir='ltr'>gentium.</span> <span class='ocrx_word' id='word_1_451' title='bbox 515 3069 565 3127; x_wconf 86' lang='lat' dir='ltr'>Dic</span> <span class='ocrx_word' id='word_1_452' title='bbox 587 3067 739 3126; x_wconf 87' lang='lat' dir='ltr'>civitatibus</span> <span class='ocrx_word' id='word_1_453' title='bbox 764 3067 864 3122; x_wconf 79' lang='lat' dir='ltr'>tude:</span> <span class='ocrx_word' id='word_1_454' title='bbox 895 3069 968 3125; x_wconf 82' lang='lat' dir='ltr'>Vobis</span> <span class='ocrx_word' id='word_1_455' title='bbox 1023 3067 1189 3138; x_wconf 88' lang='lat' dir='ltr'>uecpelmes</span> <span class='ocrx_word' id='word_1_456' title='bbox 1204 3066 1308 3140; x_wconf 88' lang='lat' dir='ltr'>absque</span> <span class='ocrx_word' id='word_1_457' title='bbox 1326 3066 1391 3135; x_wconf 86' lang='lat' dir='ltr'>vite,</span> <span class='ocrx_word' id='word_1_458' title='bbox 1407 3068 1629 3125; x_wconf 85' lang='lat' dir='ltr'>uecsirtussine</span> <span class='ocrx_word' id='word_1_459' title='bbox 1647 3068 1703 3126; x_wconf 87' lang='lat' dir='ltr'>fide</span> <span class='ocrx_word' id='word_1_460' title='bbox 1718 3068 1819 3143; x_wconf 84' lang='lat' dir='ltr'>aliquid</span> 
     </span>
     <span class='ocr_line' id='line_1_35' title="bbox 173 3154 1819 3252; baseline -0.022 -15"><span class='ocrx_word' id='word_1_461' title='bbox 173 3173 316 3252; x_wconf 84' lang='lat' dir='ltr'>oportebat</span> <span class='ocrx_word' id='word_1_462' title='bbox 331 3170 458 3242; x_wconf 84' lang='lat' dir='ltr'>primum</span> <span class='ocrx_word' id='word_1_463' title='bbox 475 3160 550 3235; x_wconf 80' lang='lat' dir='ltr'>loqui</span> <span class='ocrx_word' id='word_1_464' title='bbox 567 3157 682 3218; x_wconf 84' lang='lat' dir='ltr'>verbum</span> <span class='ocrx_word' id='word_1_465' title='bbox 697 3155 821 3225; x_wconf 84' lang='lat' dir='ltr'>Dci;sed</span> <span class='ocrx_word' id='word_1_466' title='bbox 835 3158 969 3229; x_wconf 82' lang='lat' dir='ltr'>quonium</span> <span class='ocrx_word' id='word_1_467' title='bbox 1023 3164 1073 3212; x_wconf 89' lang='lat' dir='ltr'>est.</span> <span class='ocrx_word' id='word_1_468' title='bbox 1108 3155 1172 3212; x_wconf 89' lang='lat' dir='ltr'>Sine</span> <span class='ocrx_word' id='word_1_469' title='bbox 1199 3154 1252 3212; x_wconf 81' lang='lat' dir='ltr'>lide</span> <span class='ocrx_word' id='word_1_470' title='bbox 1280 3155 1353 3212; x_wconf 88' lang='lat' dir='ltr'>enim</span> <span class='ocrx_word' id='word_1_471' title='bbox 1375 3154 1542 3225; x_wconf 89' lang='lat' dir='ltr'>impossibile</span> <span class='ocrx_word' id='word_1_472' title='bbox 1561 3163 1603 3211; x_wconf 88' lang='lat' dir='ltr'>est</span> <span class='ocrx_word' id='word_1_473' title='bbox 1623 3155 1739 3226; x_wconf 71' lang='lat' dir='ltr'>placer-0</span> <span class='ocrx_word' id='word_1_474' title='bbox 1765 3159 1819 3216; x_wconf 60' lang='lat' dir='ltr'>pap</span> 
     </span>
     <span class='ocr_line' id='line_1_36' title="bbox 172 3241 1818 3339; baseline -0.019 -13"><span class='ocrx_word' id='word_1_475' title='bbox 172 3262 322 3339; x_wconf 81' lang='lat' dir='ltr'>repulistis</span> <span class='ocrx_word' id='word_1_476' title='bbox 341 3255 424 3322; x_wconf 82' lang='lat' dir='ltr'>illud,</span> <span class='ocrx_word' id='word_1_477' title='bbox 441 3255 469 3309; x_wconf 85' lang='lat' dir='ltr'>et</span> <span class='ocrx_word' id='word_1_478' title='bbox 489 3249 672 3321; x_wconf 73' lang='lat' dir='ltr'>indignorum</span> <span class='ocrx_word' id='word_1_479' title='bbox 683 3245 837 3318; x_wconf 82' lang='lat' dir='ltr'>judicastis</span> <span class='ocrx_word' id='word_1_480' title='bbox 853 3250 970 3305; x_wconf 80' lang='lat' dir='ltr'>eterne</span> <span class='ocrx_word' id='word_1_481' title='bbox 1024 3245 1116 3315; x_wconf 76' lang='lat' dir='ltr'>(Hebe.</span> <span class='ocrx_word' id='word_1_482' title='bbox 1127 3259 1168 3311; x_wconf 84' lang='grc' dir='ltr'>ιιι,</span> <span class='ocrx_word' id='word_1_483' title='bbox 1180 3247 1228 3314; x_wconf 78' lang='grc'>6),·</span> <span class='ocrx_word' id='word_1_484' title='bbox 1242 3242 1356 3300; x_wconf 81' lang='lat' dir='ltr'>sortasse</span> <span class='ocrx_word' id='word_1_485' title='bbox 1370 3248 1397 3298; x_wconf 92' lang='lat' dir='ltr'>et</span> <span class='ocrx_word' id='word_1_486' title='bbox 1407 3241 1552 3314; x_wconf 88' lang='lat' dir='ltr'>displicere</span> <span class='ocrx_word' id='word_1_487' title='bbox 1565 3257 1675 3299; x_wconf 89' lang='lat' dir='ltr'>necesse</span> <span class='ocrx_word' id='word_1_488' title='bbox 1685 3244 1755 3300; x_wconf 88' lang='lat' dir='ltr'>erit.</span> <span class='ocrx_word' id='word_1_489' title='bbox 1773 3249 1818 3304; x_wconf 70' lang='lat' dir='ltr'>ne·</span> 
     </span>
     <span class='ocr_line' id='line_1_37' title="bbox 174 3321 1818 3421; baseline -0.033 -8"><span class='ocrx_word' id='word_1_490' title='bbox 174 3334 969 3421; x_wconf 74' lang='lat' dir='ltr'>vttoe‚ecceconvertimuradgentes(Actxrrr,lc).bloysi</span> <span class='ocrx_word' id='word_1_491' title='bbox 1023 3333 1106 3405; x_wconf 90' lang='lat' dir='ltr'>nique</span> <span class='ocrx_word' id='word_1_492' title='bbox 1120 3346 1201 3388; x_wconf 91' lang='lat' dir='ltr'>omne</span> <span class='ocrx_word' id='word_1_493' title='bbox 1219 3330 1291 3403; x_wconf 90' lang='lat' dir='ltr'>quod</span> <span class='ocrx_word' id='word_1_494' title='bbox 1319 3346 1372 3389; x_wconf 82' lang='lat' dir='ltr'>non</span> <span class='ocrx_word' id='word_1_495' title='bbox 1387 3337 1428 3386; x_wconf 69' lang='lat' dir='ltr'>esa</span> <span class='ocrx_word' id='word_1_496' title='bbox 1454 3347 1487 3388; x_wconf 58' lang='grc' dir='ltr'>ιχ</span> <span class='ocrx_word' id='word_1_497' title='bbox 1512 3331 1577 3403; x_wconf 55' lang='lat' dir='ltr'>fide,</span> <span class='ocrx_word' id='word_1_498' title='bbox 1606 3339 1753 3402; x_wconf 57' lang='lat' dir='ltr'>peccatum</span> <span class='ocrx_word' id='word_1_499' title='bbox 1783 3321 1818 3393; x_wconf 48' lang='lat' dir='ltr'>‘w</span> 
     </span>
     <span class='ocr_line' id='line_1_38' title="bbox 171 3417 1817 3501; baseline -0.02 -1"><span class='ocrx_word' id='word_1_500' title='bbox 171 3459 236 3501; x_wconf 91' lang='lat' dir='ltr'>sane</span> <span class='ocrx_word' id='word_1_501' title='bbox 250 3440 369 3496; x_wconf 90' lang='lat' dir='ltr'>oblatum</span> <span class='ocrx_word' id='word_1_502' title='bbox 384 3441 426 3489; x_wconf 84' lang='lat' dir='ltr'>est</span> <span class='ocrx_word' id='word_1_503' title='bbox 439 3447 456 3486; x_wconf 93' lang='lat' dir='ltr'>a</span> <span class='ocrx_word' id='word_1_504' title='bbox 470 3430 538 3497; x_wconf 89' lang='lat' dir='ltr'>Deo,</span> <span class='ocrx_word' id='word_1_505' title='bbox 554 3426 578 3483; x_wconf 90' lang='lat' dir='ltr'>si</span> <span class='ocrx_word' id='word_1_506' title='bbox 592 3424 826 3498; x_wconf 69' lang='lat' dir='ltr'>praevaricatorem</span> <span class='ocrx_word' id='word_1_507' title='bbox 840 3424 969 3496; x_wconf 91' lang='lat' dir='ltr'>populum</span> <span class='ocrx_word' id='word_1_508' title='bbox 1022 3420 1112 3492; x_wconf 86' lang='lat' dir='ltr'>(Rom.</span> <span class='ocrx_word' id='word_1_509' title='bbox 1140 3434 1200 3488; x_wconf 86' lang='lat' dir='ltr'>xvv,</span> <span class='ocrx_word' id='word_1_510' title='bbox 1214 3417 1270 3490; x_wconf 77' lang='grc'><strong>23).</strong></span> <span class='ocrx_word' id='word_1_511' title='bbox 1285 3418 1343 3476; x_wconf 86' lang='lat' dir='ltr'>lloc</span> <span class='ocrx_word' id='word_1_512' title='bbox 1355 3433 1420 3493; x_wconf 90' lang='lat' dir='ltr'>ergo</span> <span class='ocrx_word' id='word_1_513' title='bbox 1434 3419 1604 3478; x_wconf 89' lang='lat' dir='ltr'>considerare</span> <span class='ocrx_word' id='word_1_514' title='bbox 1621 3421 1745 3492; x_wconf 74' lang='lat' dir='ltr'>oportuit</span> <span class='ocrx_word' id='word_1_515' title='bbox 1759 3422 1817 3480; x_wconf 61' lang='lat' dir='ltr'>illm</span> 
     </span>
     <span class='ocr_line' id='line_1_39' title="bbox 172 3507 1816 3593; baseline -0.024 -4"><span class='ocrx_word' id='word_1_516' title='bbox 172 3532 251 3593; x_wconf 85' lang='lat' dir='ltr'>vellet</span> <span class='ocrx_word' id='word_1_517' title='bbox 260 3526 403 3591; x_wconf 87' lang='lat' dir='ltr'>dimittere,</span> <span class='ocrx_word' id='word_1_518' title='bbox 413 3518 544 3579; x_wconf 76' lang='lat' dir='ltr'>ecdiciae</span> <span class='ocrx_word' id='word_1_519' title='bbox 553 3529 689 3587; x_wconf 85' lang='lat' dir='ltr'>exponere</span> <span class='ocrx_word' id='word_1_520' title='bbox 697 3513 802 3582; x_wconf 89' lang='lat' dir='ltr'>ultioni,</span> <span class='ocrx_word' id='word_1_521' title='bbox 810 3513 899 3584; x_wconf 91' lang='lat' dir='ltr'>ipsum</span> <span class='ocrx_word' id='word_1_522' title='bbox 908 3512 968 3586; x_wconf 89' lang='lat' dir='ltr'>qui-</span> <span class='ocrx_word' id='word_1_523' title='bbox 1020 3509 1066 3582; x_wconf 91' lang='lat' dir='ltr'>qui</span> <span class='ocrx_word' id='word_1_524' title='bbox 1085 3524 1128 3565; x_wconf 91' lang='lat' dir='ltr'>me</span> <span class='ocrx_word' id='word_1_525' title='bbox 1152 3515 1301 3579; x_wconf 86' lang='lat' dir='ltr'>posueruut</span> <span class='ocrx_word' id='word_1_526' title='bbox 1322 3508 1463 3566; x_wconf 88' lang='lat' dir='ltr'>custodem</span> <span class='ocrx_word' id='word_1_527' title='bbox 1477 3507 1505 3565; x_wconf 91' lang='lat' dir='ltr'>in</span> <span class='ocrx_word' id='word_1_528' title='bbox 1533 3509 1628 3577; x_wconf 76' lang='lat' dir='ltr'>vineis,</span> <span class='ocrx_word' id='word_1_529' title='bbox 1644 3508 1666 3565; x_wconf 70' lang='lat' dir='ltr'>ai</span> <span class='ocrx_word' id='word_1_530' title='bbox 1691 3511 1816 3569; x_wconf 60' lang='lat' dir='ltr'>videpoeg</span> 
     </span>
     <span class='ocr_line' id='line_1_40' title="bbox 170 3596 1814 3687; baseline -0.016 -8"><span class='ocrx_word' id='word_1_531' title='bbox 170 3616 305 3678; x_wconf 80' lang='lat' dir='ltr'>demirari</span> <span class='ocrx_word' id='word_1_532' title='bbox 321 3627 399 3687; x_wconf 88' lang='lat' dir='ltr'>posse</span> <span class='ocrx_word' id='word_1_533' title='bbox 415 3610 568 3681; x_wconf 87' lang='lat' dir='ltr'>ingentem</span> <span class='ocrx_word' id='word_1_534' title='bbox 587 3619 734 3678; x_wconf 90' lang='lat' dir='ltr'>magnam:</span> <span class='ocrx_word' id='word_1_535' title='bbox 751 3602 800 3659; x_wconf 90' lang='lat' dir='ltr'>sed</span> <span class='ocrx_word' id='word_1_536' title='bbox 815 3602 861 3660; x_wconf 90' lang='lat' dir='ltr'>ille</span> <span class='ocrx_word' id='word_1_537' title='bbox 881 3601 968 3658; x_wconf 91' lang='lat' dir='ltr'>renuit</span> <span class='ocrx_word' id='word_1_538' title='bbox 1020 3597 1157 3670; x_wconf 88' lang='lat' dir='ltr'>propriam</span> <span class='ocrx_word' id='word_1_539' title='bbox 1184 3596 1376 3654; x_wconf 90' lang='lat' dir='ltr'>custodissem.</span> <span class='ocrx_word' id='word_1_540' title='bbox 1406 3599 1443 3654; x_wconf 87' lang='lat' dir='ltr'>llt</span> <span class='ocrx_word' id='word_1_541' title='bbox 1464 3608 1564 3671; x_wconf 91' lang='lat' dir='ltr'>quanto</span> <span class='ocrx_word' id='word_1_542' title='bbox 1581 3608 1702 3671; x_wconf 88' lang='lat' dir='ltr'>tempore</span> <span class='ocrx_word' id='word_1_543' title='bbox 1717 3599 1814 3659; x_wconf 83' lang='lat' dir='ltr'>inculta</span> 
     </span>
     <span class='ocr_line' id='line_1_41' title="bbox 170 3687 1813 3783; baseline -0.042 -14"><span class='ocrx_word' id='word_1_544' title='bbox 170 3710 372 3783; x_wconf 77' lang='lat' dir='ltr'>(Exodssxn,</span> <span class='ocrx_word' id='word_1_545' title='bbox 385 3700 476 3772; x_wconf 59' lang='lat'><strong>943).</strong></span> <span class='ocrx_word' id='word_1_546' title='bbox 491 3692 766 3766; x_wconf 73' lang='lat' dir='ltr'>Quarel0bnimiam</span> <span class='ocrx_word' id='word_1_547' title='bbox 780 3691 903 3763; x_wconf 84' lang='lat' dir='ltr'>profecto</span> <span class='ocrx_word' id='word_1_548' title='bbox 924 3690 967 3746; x_wconf 79' lang='lat' dir='ltr'>di.</span> <span class='ocrx_word' id='word_1_549' title='bbox 1018 3689 1105 3759; x_wconf 64' lang='lat' dir='ltr'>jacan</span> <span class='ocrx_word' id='word_1_550' title='bbox 1118 3696 1145 3743; x_wconf 64' lang='lat' dir='ltr'>eg</span> <span class='ocrx_word' id='word_1_551' title='bbox 1172 3689 1290 3760; x_wconf 53' lang='lat' dir='ltr'>desem,</span> <span class='ocrx_word' id='word_1_552' title='bbox 1307 3687 1416 3745; x_wconf 53' lang='lat' dir='ltr'>,mm</span> <span class='ocrx_word' id='word_1_553' title='bbox 1430 3687 1458 3743; x_wconf 67' lang='lat' dir='ltr'>id</span> <span class='ocrx_word' id='word_1_554' title='bbox 1484 3687 1674 3744; x_wconf 80' lang='lat' dir='ltr'>solitudinemt</span> <span class='ocrx_word' id='word_1_555' title='bbox 1703 3689 1813 3746; x_wconf 57' lang='lat' dir='ltr'>prom</span> 
     </span>
     <span class='ocr_line' id='line_1_42' title="bbox 170 3774 1812 3867; baseline -0.018 -10"><span class='ocrx_word' id='word_1_556' title='bbox 170 3799 369 3867; x_wconf 86' lang='lat' dir='ltr'>lectionemque</span> <span class='ocrx_word' id='word_1_557' title='bbox 377 3790 416 3847; x_wconf 88' lang='lat' dir='ltr'>illi</span> <span class='ocrx_word' id='word_1_558' title='bbox 426 3788 530 3846; x_wconf 86' lang='lat' dir='ltr'>lortiter</span> <span class='ocrx_word' id='word_1_559' title='bbox 538 3783 680 3841; x_wconf 86' lang='lat' dir='ltr'>devinctus</span> <span class='ocrx_word' id='word_1_560' title='bbox 694 3781 795 3854; x_wconf 91' lang='lat' dir='ltr'>populo</span> <span class='ocrx_word' id='word_1_561' title='bbox 805 3783 964 3850; x_wconf 88' lang='lat' dir='ltr'>tenebatur;</span> <span class='ocrx_word' id='word_1_562' title='bbox 1020 3777 1159 3835; x_wconf 82' lang='lat' dir='ltr'>deleuerat</span> <span class='ocrx_word' id='word_1_563' title='bbox 1172 3775 1265 3835; x_wconf 89' lang='lat' dir='ltr'>viuum</span> <span class='ocrx_word' id='word_1_564' title='bbox 1278 3792 1312 3832; x_wconf 80' lang='lat' dir='ltr'>cx</span> <span class='ocrx_word' id='word_1_565' title='bbox 1333 3791 1374 3843; x_wconf 90' lang='lat' dir='ltr'>ea,</span> <span class='ocrx_word' id='word_1_566' title='bbox 1399 3774 1533 3847; x_wconf 79' lang='lat' dir='ltr'>arefactis,</span> <span class='ocrx_word' id='word_1_567' title='bbox 1558 3793 1613 3850; x_wconf 85' lang='lat' dir='ltr'>prae</span> <span class='ocrx_word' id='word_1_568' title='bbox 1628 3777 1769 3836; x_wconf 73' lang='lat' dir='ltr'>sterilitate</span> <span class='ocrx_word' id='word_1_569' title='bbox 1780 3778 1812 3833; x_wconf 81' lang='lat' dir='ltr'>fi-</span> 
     </span>
     <span class='ocr_line' id='line_1_43' title="bbox 170 3866 1813 3961; baseline -0.02 -15"><span class='ocrx_word' id='word_1_570' title='bbox 170 3899 198 3946; x_wconf 91' lang='lat' dir='ltr'>et</span> <span class='ocrx_word' id='word_1_571' title='bbox 210 3886 335 3961; x_wconf 89' lang='lat' dir='ltr'>quoniam</span> <span class='ocrx_word' id='word_1_572' title='bbox 352 3896 407 3938; x_wconf 91' lang='lat' dir='ltr'>non</span> <span class='ocrx_word' id='word_1_573' title='bbox 421 3875 573 3951; x_wconf 88' lang='lat' dir='ltr'>requirebat</span> <span class='ocrx_word' id='word_1_574' title='bbox 585 3888 647 3946; x_wconf 83' lang='lat' dir='ltr'>quac</span> <span class='ocrx_word' id='word_1_575' title='bbox 667 3887 717 3928; x_wconf 88' lang='lat' dir='ltr'>sua</span> <span class='ocrx_word' id='word_1_576' title='bbox 741 3878 812 3941; x_wconf 89' lang='lat' dir='ltr'>sunt,</span> <span class='ocrx_word' id='word_1_577' title='bbox 838 3870 887 3928; x_wconf 91' lang='lat' dir='ltr'>sed</span> <span class='ocrx_word' id='word_1_578' title='bbox 915 3869 965 3926; x_wconf 88' lang='lat' dir='ltr'>Dei</span> <span class='ocrx_word' id='word_1_579' title='bbox 1020 3867 1074 3937; x_wconf 88' lang='lat' dir='ltr'>dei,</span> <span class='ocrx_word' id='word_1_580' title='bbox 1101 3867 1232 3925; x_wconf 86' lang='lat' dir='ltr'>virtutum</span> <span class='ocrx_word' id='word_1_581' title='bbox 1253 3866 1421 3939; x_wconf 88' lang='lat' dir='ltr'>palmitibus.</span> <span class='ocrx_word' id='word_1_582' title='bbox 1449 3866 1516 3922; x_wconf 86' lang='lat' dir='ltr'>Erat</span> <span class='ocrx_word' id='word_1_583' title='bbox 1530 3867 1609 3936; x_wconf 82' lang='lat' dir='ltr'>fides,</span> <span class='ocrx_word' id='word_1_584' title='bbox 1636 3867 1684 3923; x_wconf 88' lang='lat' dir='ltr'>sed</span> <span class='ocrx_word' id='word_1_585' title='bbox 1700 3877 1813 3925; x_wconf 66' lang='lat' dir='ltr'>monna,</span> 
     </span>
     <span class='ocr_line' id='line_1_44' title="bbox 171 3955 1815 4042; baseline -0.017 -6"><span class='ocrx_word' id='word_1_586' title='bbox 171 3981 318 4040; x_wconf 89' lang='lat' dir='ltr'>bonorem,</span> <span class='ocrx_word' id='word_1_587' title='bbox 329 3979 356 4029; x_wconf 91' lang='lat' dir='ltr'>et</span> <span class='ocrx_word' id='word_1_588' title='bbox 368 3985 425 4025; x_wconf 92' lang='lat' dir='ltr'>nou</span> <span class='ocrx_word' id='word_1_589' title='bbox 436 3967 510 4042; x_wconf 89' lang='lat' dir='ltr'>quod</span> <span class='ocrx_word' id='word_1_590' title='bbox 523 3963 575 4021; x_wconf 91' lang='lat' dir='ltr'>sibi</span> <span class='ocrx_word' id='word_1_591' title='bbox 585 3963 650 4019; x_wconf 90' lang='lat' dir='ltr'>utile</span> <span class='ocrx_word' id='word_1_592' title='bbox 661 3961 739 4028; x_wconf 83' lang='lat' dir='ltr'>toret,</span> <span class='ocrx_word' id='word_1_593' title='bbox 752 3960 801 4017; x_wconf 91' lang='lat' dir='ltr'>sed</span> <span class='ocrx_word' id='word_1_594' title='bbox 812 3959 884 4033; x_wconf 88' lang='lat' dir='ltr'>quod</span> <span class='ocrx_word' id='word_1_595' title='bbox 897 3960 967 4015; x_wconf 88' lang='lat' dir='ltr'>mul.</span> <span class='ocrx_word' id='word_1_596' title='bbox 1019 3956 1163 4028; x_wconf 83' lang='lat' dir='ltr'>Quomodo</span> <span class='ocrx_word' id='word_1_597' title='bbox 1175 3957 1249 4013; x_wconf 78' lang='lat' dir='ltr'>enirn</span> <span class='ocrx_word' id='word_1_598' title='bbox 1263 3971 1317 4012; x_wconf 85' lang='lat' dir='ltr'>nou</span> <span class='ocrx_word' id='word_1_599' title='bbox 1328 3964 1436 4013; x_wconf 87' lang='lat' dir='ltr'>mortua</span> <span class='ocrx_word' id='word_1_600' title='bbox 1447 3955 1506 4013; x_wconf 88' lang='lat' dir='ltr'>sine</span> <span class='ocrx_word' id='word_1_601' title='bbox 1521 3955 1669 4027; x_wconf 82' lang='lat' dir='ltr'>operibus?</span> <span class='ocrx_word' id='word_1_602' title='bbox 1680 3958 1714 4015; x_wconf 79' lang='lat' dir='ltr'>Bt</span> <span class='ocrx_word' id='word_1_603' title='bbox 1727 3956 1815 4031; x_wconf 86' lang='lat' dir='ltr'>idqui-</span> 
     </span>
     <span class='ocr_line' id='line_1_45' title="bbox 170 4044 1815 4132; baseline -0.029 5"><span class='ocrx_word' id='word_1_604' title='bbox 170 4068 213 4125; x_wconf 77' lang='lat' dir='ltr'>tis·</span> <span class='ocrx_word' id='word_1_605' title='bbox 229 4066 261 4122; x_wconf 63' lang='lat'>3²</span> <span class='ocrx_word' id='word_1_606' title='bbox 276 4063 319 4121; x_wconf 67' lang='lat' dir='ltr'>ille</span> <span class='ocrx_word' id='word_1_607' title='bbox 333 4060 443 4132; x_wconf 80' lang='lat' dir='ltr'>quidem</span> <span class='ocrx_word' id='word_1_608' title='bbox 458 4055 509 4113; x_wconf 90' lang='lat' dir='ltr'>sic.</span> <span class='ocrx_word' id='word_1_609' title='bbox 1019 4045 1118 4104; x_wconf 89' lang='lat' dir='ltr'>demin</span> <span class='ocrx_word' id='word_1_610' title='bbox 1132 4044 1255 4103; x_wconf 65' lang='lat' dir='ltr'>moulan</span> <span class='ocrx_word' id='word_1_611' title='bbox 1279 4044 1343 4102; x_wconf 86' lang='lat' dir='ltr'>vita.</span> <span class='ocrx_word' id='word_1_612' title='bbox 1358 4044 1491 4101; x_wconf 73' lang='lat' dir='ltr'>Caeterum</span> <span class='ocrx_word' id='word_1_613' title='bbox 1509 4060 1657 4102; x_wconf 84' lang='lat' dir='ltr'>conversus</span> <span class='ocrx_word' id='word_1_614' title='bbox 1673 4045 1706 4101; x_wconf 92' lang='lat' dir='ltr'>ad</span> <span class='ocrx_word' id='word_1_615' title='bbox 1720 4044 1815 4104; x_wconf 78' lang='lat' dir='ltr'>Domi.</span> 
     </span>
     <span class='ocr_line' id='line_1_46' title="bbox 206 4132 1817 4227; baseline -0.014 -13"><span class='ocrx_word' id='word_1_616' title='bbox 206 4163 232 4214; x_wconf 80' lang='lat'>5.</span> <span class='ocrx_word' id='word_1_617' title='bbox 248 4155 305 4227; x_wconf 82' lang='lat' dir='ltr'>Ego</span> <span class='ocrx_word' id='word_1_618' title='bbox 319 4160 408 4206; x_wconf 88' lang='lat' dir='ltr'>autem</span> <span class='ocrx_word' id='word_1_619' title='bbox 428 4143 541 4205; x_wconf 89' lang='lat' dir='ltr'>consilio</span> <span class='ocrx_word' id='word_1_620' title='bbox 565 4139 704 4199; x_wconf 88' lang='lat' dir='ltr'>secretiori</span> <span class='ocrx_word' id='word_1_621' title='bbox 719 4147 785 4212; x_wconf 93' lang='lat' dir='ltr'>puto</span> <span class='ocrx_word' id='word_1_622' title='bbox 798 4138 851 4197; x_wconf 93' lang='lat' dir='ltr'>hoc</span> <span class='ocrx_word' id='word_1_623' title='bbox 864 4153 965 4195; x_wconf 91' lang='lat' dir='ltr'>munus</span> <span class='ocrx_word' id='word_1_624' title='bbox 1021 4152 1095 4201; x_wconf 90' lang='lat' dir='ltr'>uum,</span> <span class='ocrx_word' id='word_1_625' title='bbox 1119 4134 1279 4192; x_wconf 87' lang='lat' dir='ltr'>meliuscule</span> <span class='ocrx_word' id='word_1_626' title='bbox 1306 4134 1389 4206; x_wconf 88' lang='lat' dir='ltr'>coepi,</span> <span class='ocrx_word' id='word_1_627' title='bbox 1406 4132 1501 4205; x_wconf 70' lang='lat' dir='ltr'>tamor,</span> <span class='ocrx_word' id='word_1_628' title='bbox 1528 4136 1684 4202; x_wconf 88' lang='lat' dir='ltr'>custodire;</span> <span class='ocrx_word' id='word_1_629' title='bbox 1700 4150 1758 4193; x_wconf 85' lang='lat' dir='ltr'>uon</span> <span class='ocrx_word' id='word_1_630' title='bbox 1777 4144 1817 4192; x_wconf 85' lang='lat' dir='ltr'>ta-</span> 
     </span>
     <span class='ocr_line' id='line_1_47' title="bbox 167 4221 1817 4313; baseline -0.02 -9"><span class='ocrx_word' id='word_1_631' title='bbox 167 4245 294 4305; x_wconf 90' lang='lat' dir='ltr'>diviuitus</span> <span class='ocrx_word' id='word_1_632' title='bbox 308 4255 357 4313; x_wconf 91' lang='lat' dir='ltr'>pro</span> <span class='ocrx_word' id='word_1_633' title='bbox 372 4237 413 4294; x_wconf 91' lang='lat' dir='ltr'>sui</span> <span class='ocrx_word' id='word_1_634' title='bbox 431 4231 615 4308; x_wconf 76' lang='lat' dir='ltr'>magnitudine</span> <span class='ocrx_word' id='word_1_635' title='bbox 636 4237 774 4287; x_wconf 89' lang='lat' dir='ltr'>servatum</span> <span class='ocrx_word' id='word_1_636' title='bbox 787 4243 904 4298; x_wconf 75' lang='lat' dir='ltr'>sponsu,</span> <span class='ocrx_word' id='word_1_637' title='bbox 934 4234 964 4282; x_wconf 92' lang='lat' dir='ltr'>ut</span> <span class='ocrx_word' id='word_1_638' title='bbox 1016 4242 1079 4284; x_wconf 89' lang='lat' dir='ltr'>men</span> <span class='ocrx_word' id='word_1_639' title='bbox 1089 4232 1169 4296; x_wconf 93' lang='lat' dir='ltr'>prout</span> <span class='ocrx_word' id='word_1_640' title='bbox 1185 4223 1315 4294; x_wconf 90' lang='lat' dir='ltr'>oportuit.</span> <span class='ocrx_word' id='word_1_641' title='bbox 1336 4222 1370 4278; x_wconf 84' lang='lat' dir='ltr'>Et</span> <span class='ocrx_word' id='word_1_642' title='bbox 1383 4221 1445 4294; x_wconf 89' lang='lat' dir='ltr'>quis</span> <span class='ocrx_word' id='word_1_643' title='bbox 1458 4237 1556 4296; x_wconf 87' lang='lat' dir='ltr'>nempe</span> <span class='ocrx_word' id='word_1_644' title='bbox 1570 4223 1604 4279; x_wconf 90' lang='lat' dir='ltr'>ad</span> <span class='ocrx_word' id='word_1_645' title='bbox 1618 4225 1671 4281; x_wconf 93' lang='lat' dir='ltr'>boc</span> <span class='ocrx_word' id='word_1_646' title='bbox 1685 4222 1817 4282; x_wconf 71' lang='lat' dir='ltr'>idoneust</span> 
     </span>
     <span class='ocr_line' id='line_1_48' title="bbox 166 4310 1816 4409; baseline -0.013 -16"><span class='ocrx_word' id='word_1_647' title='bbox 166 4333 337 4409; x_wconf 89' lang='lat' dir='ltr'>ipsapotius,</span> <span class='ocrx_word' id='word_1_648' title='bbox 358 4336 453 4386; x_wconf 91' lang='lat' dir='ltr'>etuou</span> <span class='ocrx_word' id='word_1_649' title='bbox 467 4325 583 4396; x_wconf 79' lang='lat' dir='ltr'>bloyscs,</span> <span class='ocrx_word' id='word_1_650' title='bbox 612 4319 778 4375; x_wconf 89' lang='lat' dir='ltr'>mitterretur</span> <span class='ocrx_word' id='word_1_651' title='bbox 800 4316 828 4372; x_wconf 90' lang='lat' dir='ltr'>io</span> <span class='ocrx_word' id='word_1_652' title='bbox 856 4323 964 4389; x_wconf 90' lang='lat' dir='ltr'>gentem</span> <span class='ocrx_word' id='word_1_653' title='bbox 1017 4316 1074 4371; x_wconf 89' lang='lat' dir='ltr'>Nec</span> <span class='ocrx_word' id='word_1_654' title='bbox 1100 4319 1210 4369; x_wconf 89' lang='lat' dir='ltr'>sanctus</span> <span class='ocrx_word' id='word_1_655' title='bbox 1223 4311 1367 4382; x_wconf 84' lang='lat' dir='ltr'>Propheta,</span> <span class='ocrx_word' id='word_1_656' title='bbox 1383 4310 1428 4382; x_wconf 90' lang='lat' dir='ltr'>qui</span> <span class='ocrx_word' id='word_1_657' title='bbox 1443 4310 1504 4368; x_wconf 90' lang='lat' dir='ltr'>ait:</span> <span class='ocrx_word' id='word_1_658' title='bbox 1526 4313 1588 4372; x_wconf 80' lang='lat' dir='ltr'>nist</span> <span class='ocrx_word' id='word_1_659' title='bbox 1608 4314 1752 4372; x_wconf 81' lang='lat' dir='ltr'>Dominus</span> <span class='ocrx_word' id='word_1_660' title='bbox 1765 4331 1816 4372; x_wconf 85' lang='lat' dir='ltr'>cu·</span> 
     </span>
     <span class='ocr_line' id='line_1_49' title="bbox 165 4399 1818 4499; baseline -0.015 -16"><span class='ocrx_word' id='word_1_661' title='bbox 165 4438 299 4499; x_wconf 89' lang='lat' dir='ltr'>maguam.</span> <span class='ocrx_word' id='word_1_662' title='bbox 313 4419 376 4475; x_wconf 86' lang='lat' dir='ltr'>Nou</span> <span class='ocrx_word' id='word_1_663' title='bbox 388 4415 459 4473; x_wconf 88' lang='lat' dir='ltr'>euim</span> <span class='ocrx_word' id='word_1_664' title='bbox 482 4410 624 4484; x_wconf 91' lang='lat' dir='ltr'>oportebat</span> <span class='ocrx_word' id='word_1_665' title='bbox 636 4407 751 4465; x_wconf 90' lang='lat' dir='ltr'>amicum</span> <span class='ocrx_word' id='word_1_666' title='bbox 776 4405 869 4478; x_wconf 89' lang='lat' dir='ltr'>spousi</span> <span class='ocrx_word' id='word_1_667' title='bbox 891 4420 965 4476; x_wconf 81' lang='lat' dir='ltr'>proe-</span> <span class='ocrx_word' id='word_1_668' title='bbox 1019 4403 1151 4462; x_wconf 84' lang='lat' dir='ltr'>stedierit</span> <span class='ocrx_word' id='word_1_669' title='bbox 1161 4399 1320 4467; x_wconf 68' lang='lat' dir='ltr'>deitatem,</span> <span class='ocrx_word' id='word_1_670' title='bbox 1331 4402 1428 4472; x_wconf 75' lang='lat' dir='ltr'>frusto</span> <span class='ocrx_word' id='word_1_671' title='bbox 1439 4402 1539 4473; x_wconf 75' lang='lat' dir='ltr'>vigilet</span> <span class='ocrx_word' id='word_1_672' title='bbox 1554 4405 1603 4476; x_wconf 78' lang='lat' dir='ltr'>gui</span> <span class='ocrx_word' id='word_1_673' title='bbox 1616 4404 1746 4461; x_wconf 80' lang='lat' dir='ltr'>custodit</span> <span class='ocrx_word' id='word_1_674' title='bbox 1757 4421 1818 4463; x_wconf 70' lang='lat' dir='ltr'>eccs</span> 
     </span>
     <span class='ocr_line' id='line_1_50' title="bbox 165 4489 1817 4587; baseline -0.018 -14"><span class='ocrx_word' id='word_1_675' title='bbox 165 4515 253 4587; x_wconf 84' lang='lat' dir='ltr'>ripere</span> <span class='ocrx_word' id='word_1_676' title='bbox 279 4523 390 4582; x_wconf 84' lang='lat' dir='ltr'>sponsae</span> <span class='ocrx_word' id='word_1_677' title='bbox 417 4501 653 4569; x_wconf 67' lang='lat' dir='ltr'>benedictionem</span> <span class='ocrx_word' id='word_1_678' title='bbox 689 4505 716 4553; x_wconf 88' lang='lat' dir='ltr'>et</span> <span class='ocrx_word' id='word_1_679' title='bbox 740 4502 882 4568; x_wconf 90' lang='lat' dir='ltr'>propterea</span> <span class='ocrx_word' id='word_1_680' title='bbox 908 4509 963 4550; x_wconf 86' lang='lat' dir='ltr'>uon</span> <span class='ocrx_word' id='word_1_681' title='bbox 1019 4492 1107 4565; x_wconf 75' lang='lat' dir='ltr'>(Psoi.</span> <span class='ocrx_word' id='word_1_682' title='bbox 1133 4504 1232 4559; x_wconf 79' lang='lat' dir='ltr'>cxxvi,</span> <span class='ocrx_word' id='word_1_683' title='bbox 1256 4491 1296 4560; x_wconf 88' lang='lat' dir='ltr'>l).</span> <span class='ocrx_word' id='word_1_684' title='bbox 1321 4489 1436 4562; x_wconf 77' lang='lat' dir='ltr'>Quantis</span> <span class='ocrx_word' id='word_1_685' title='bbox 1460 4490 1541 4547; x_wconf 89' lang='lat' dir='ltr'>etiarn</span> <span class='ocrx_word' id='word_1_686' title='bbox 1556 4499 1620 4549; x_wconf 91' lang='lat' dir='ltr'>tuuc</span> <span class='ocrx_word' id='word_1_687' title='bbox 1634 4492 1747 4550; x_wconf 90' lang='lat' dir='ltr'>memini</span> <span class='ocrx_word' id='word_1_688' title='bbox 1776 4509 1817 4550; x_wconf 81' lang='lat' dir='ltr'>me</span> 
     </span>
     <span class='ocr_line' id='line_1_51' title="bbox 165 4578 1817 4677; baseline -0.014 -16"><span class='ocrx_word' id='word_1_689' title='bbox 165 4604 274 4677; x_wconf 86' lang='lat' dir='ltr'>quidem</span> <span class='ocrx_word' id='word_1_690' title='bbox 289 4599 406 4669; x_wconf 80' lang='lat' dir='ltr'>lloyses,</span> <span class='ocrx_word' id='word_1_691' title='bbox 423 4592 548 4649; x_wconf 89' lang='lat' dir='ltr'>sednova</span> <span class='ocrx_word' id='word_1_692' title='bbox 559 4603 672 4663; x_wconf 86' lang='lat' dir='ltr'>sponsa,</span> <span class='ocrx_word' id='word_1_693' title='bbox 687 4586 730 4643; x_wconf 91' lang='lat' dir='ltr'>cui</span> <span class='ocrx_word' id='word_1_694' title='bbox 744 4584 841 4642; x_wconf 90' lang='lat' dir='ltr'>dicitur</span> <span class='ocrx_word' id='word_1_695' title='bbox 856 4601 863 4640; x_wconf 75' lang='grc' dir='ltr'><strong><em>ε</em></strong></span> <span class='ocrx_word' id='word_1_696' title='bbox 882 4586 923 4641; x_wconf 88' lang='lat' dir='ltr'>lte</span> <span class='ocrx_word' id='word_1_697' title='bbox 931 4585 963 4639; x_wconf 86' lang='lat' dir='ltr'>in</span> <span class='ocrx_word' id='word_1_698' title='bbox 1017 4591 1111 4656; x_wconf 90' lang='lat' dir='ltr'>patere</span> <span class='ocrx_word' id='word_1_699' title='bbox 1121 4579 1228 4637; x_wconf 90' lang='lat' dir='ltr'>insidiis</span> <span class='ocrx_word' id='word_1_700' title='bbox 1242 4578 1326 4647; x_wconf 88' lang='lat' dir='ltr'>illius,</span> <span class='ocrx_word' id='word_1_701' title='bbox 1341 4582 1388 4654; x_wconf 90' lang='lat' dir='ltr'>qui</span> <span class='ocrx_word' id='word_1_702' title='bbox 1413 4582 1524 4656; x_wconf 85' lang='lat' dir='ltr'>sagittat</span> <span class='ocrx_word' id='word_1_703' title='bbox 1536 4581 1564 4637; x_wconf 89' lang='lat' dir='ltr'>iu</span> <span class='ocrx_word' id='word_1_704' title='bbox 1588 4581 1706 4640; x_wconf 88' lang='lat' dir='ltr'>occultis</span> <span class='ocrx_word' id='word_1_705' title='bbox 1718 4582 1817 4639; x_wconf 88' lang='lat' dir='ltr'>imma·</span> 
     </span>
     <span class='ocr_line' id='line_1_52' title="bbox 164 4669 1818 4756; baseline -0.018 -5"><span class='ocrx_word' id='word_1_706' title='bbox 164 4688 479 4751; x_wconf 81' lang='lat' dir='ltr'>mundemuniversunt</span> <span class='ocrx_word' id='word_1_707' title='bbox 503 4679 659 4756; x_wconf 80' lang='lat' dir='ltr'>predicate</span> <span class='ocrx_word' id='word_1_708' title='bbox 681 4677 866 4748; x_wconf 73' lang='lat' dir='ltr'>Evangetium</span> <span class='ocrx_word' id='word_1_709' title='bbox 884 4674 963 4732; x_wconf 81' lang='lat' dir='ltr'>omui</span> <span class='ocrx_word' id='word_1_710' title='bbox 1017 4671 1161 4728; x_wconf 79' lang='lat' dir='ltr'>sulatum?</span> <span class='ocrx_word' id='word_1_711' title='bbox 1188 4669 1325 4738; x_wconf 77' lang='lat' dir='ltr'>Quantum</span> <span class='ocrx_word' id='word_1_712' title='bbox 1353 4671 1444 4742; x_wconf 89' lang='lat' dir='ltr'>nobis,</span> <span class='ocrx_word' id='word_1_713' title='bbox 1471 4688 1487 4729; x_wconf 93' lang='lat' dir='ltr'>o</span> <span class='ocrx_word' id='word_1_714' title='bbox 1511 4672 1590 4730; x_wconf 90' lang='lat' dir='ltr'>vlaea</span> <span class='ocrx_word' id='word_1_715' title='bbox 1617 4687 1689 4739; x_wconf 88' lang='lat' dir='ltr'>mea,</span> <span class='ocrx_word' id='word_1_716' title='bbox 1705 4672 1818 4730; x_wconf 72' lang='lat' dir='ltr'>lascivis</span> 
     </span>
     <span class='ocr_line' id='line_1_53' title="bbox 165 4760 1817 4847; baseline -0.03 14"><span class='ocrx_word' id='word_1_717' title='bbox 165 4786 307 4840; x_wconf 57' lang='lat' dir='ltr'>‘reatum</span> <span class='ocrx_word' id='word_1_718' title='bbox 319 4770 544 4847; x_wconf 62' lang='lat' dir='ltr'>(⁸⁰r⁶·¹v¹=¹⁵)i</span> <span class='ocrx_word' id='word_1_719' title='bbox 554 4768 621 4840; x_wconf 88' lang='lat' dir='ltr'>ipsa,</span> <span class='ocrx_word' id='word_1_720' title='bbox 633 4763 963 4839; x_wconf 71' lang='lat' dir='ltr'>iuquamprorsusmissa</span> <span class='ocrx_word' id='word_1_721' title='bbox 1016 4760 1176 4832; x_wconf 88' lang='lat' dir='ltr'>subreptum</span> <span class='ocrx_word' id='word_1_722' title='bbox 1195 4768 1237 4817; x_wconf 90' lang='lat' dir='ltr'>est</span> <span class='ocrx_word' id='word_1_723' title='bbox 1250 4760 1471 4818; x_wconf 83' lang='lat' dir='ltr'>machinamentis</span> <span class='ocrx_word' id='word_1_724' title='bbox 1485 4777 1518 4819; x_wconf 94' lang='lat' dir='ltr'>eo</span> <span class='ocrx_word' id='word_1_725' title='bbox 1539 4763 1599 4833; x_wconf 91' lang='lat' dir='ltr'>ipso</span> <span class='ocrx_word' id='word_1_726' title='bbox 1615 4772 1748 4836; x_wconf 78' lang='lat' dir='ltr'>tempore,</span> <span class='ocrx_word' id='word_1_727' title='bbox 1763 4779 1817 4833; x_wconf 72' lang='lat' dir='ltr'>qus</span> 
     </span>
     <span class='ocr_line' id='line_1_54' title="bbox 165 4849 1818 4942; baseline -0.013 -13"><span class='ocrx_word' id='word_1_728' title='bbox 165 4880 207 4930; x_wconf 90' lang='lat' dir='ltr'>est</span> <span class='ocrx_word' id='word_1_729' title='bbox 223 4872 249 4926; x_wconf 92' lang='lat' dir='ltr'>in</span> <span class='ocrx_word' id='word_1_730' title='bbox 265 4877 371 4942; x_wconf 88' lang='lat' dir='ltr'>gentem</span> <span class='ocrx_word' id='word_1_731' title='bbox 399 4875 538 4934; x_wconf 88' lang='lat' dir='ltr'>magnam.</span> <span class='ocrx_word' id='word_1_732' title='bbox 560 4857 632 4914; x_wconf 89' lang='lat' dir='ltr'>Num</span> <span class='ocrx_word' id='word_1_733' title='bbox 660 4855 687 4911; x_wconf 90' lang='lat' dir='ltr'>in</span> <span class='ocrx_word' id='word_1_734' title='bbox 718 4856 846 4922; x_wconf 88' lang='lat' dir='ltr'>majorem</span> <span class='ocrx_word' id='word_1_735' title='bbox 873 4852 962 4926; x_wconf 91' lang='lat' dir='ltr'>potuit</span> <span class='ocrx_word' id='word_1_736' title='bbox 1016 4849 1174 4924; x_wconf 88' lang='lat' dir='ltr'>vigilantius</span> <span class='ocrx_word' id='word_1_737' title='bbox 1188 4850 1327 4907; x_wconf 88' lang='lat' dir='ltr'>intendere</span> <span class='ocrx_word' id='word_1_738' title='bbox 1344 4852 1560 4924; x_wconf 84' lang='lat' dir='ltr'>coepimuscurae</span> <span class='ocrx_word' id='word_1_739' title='bbox 1575 4862 1603 4909; x_wconf 91' lang='lat' dir='ltr'>et</span> <span class='ocrx_word' id='word_1_740' title='bbox 1620 4851 1757 4910; x_wconf 80' lang='lat' dir='ltr'>custodite</span> <span class='ocrx_word' id='word_1_741' title='bbox 1771 4870 1818 4913; x_wconf 82' lang='lat' dir='ltr'>re·</span> 
     </span>
     <span class='ocr_line' id='line_1_55' title="bbox 167 4939 1821 5035; baseline -0.013 -17"><span class='ocrx_word' id='word_1_742' title='bbox 167 4978 246 5035; x_wconf 84' lang='lat' dir='ltr'>quarn</span> <span class='ocrx_word' id='word_1_743' title='bbox 262 4959 289 5014; x_wconf 90' lang='lat' dir='ltr'>iu</span> <span class='ocrx_word' id='word_1_744' title='bbox 311 4951 512 5014; x_wconf 85' lang='lat' dir='ltr'>universitatem</span> <span class='ocrx_word' id='word_1_745' title='bbox 524 4947 538 5004; x_wconf 76' lang='lat' dir='ltr'>i</span> <span class='ocrx_word' id='word_1_746' title='bbox 552 4947 587 5002; x_wconf 86' lang='lat' dir='ltr'>Et</span> <span class='ocrx_word' id='word_1_747' title='bbox 602 4943 679 5000; x_wconf 87' lang='lat' dir='ltr'>lacile</span> <span class='ocrx_word' id='word_1_748' title='bbox 695 4941 857 5000; x_wconf 82' lang='lat' dir='ltr'>universitas</span> <span class='ocrx_word' id='word_1_749' title='bbox 880 4941 961 4998; x_wconf 88' lang='lat' dir='ltr'>cessit</span> <span class='ocrx_word' id='word_1_750' title='bbox 1015 4939 1085 4996; x_wconf 74' lang='lat' dir='ltr'>stri?</span> <span class='ocrx_word' id='word_1_751' title='bbox 1101 4939 1181 5009; x_wconf 90' lang='lat' dir='ltr'>Quod</span> <span class='ocrx_word' id='word_1_752' title='bbox 1195 4945 1221 4995; x_wconf 94' lang='lat' dir='ltr'>et</span> <span class='ocrx_word' id='word_1_753' title='bbox 1230 4941 1327 5011; x_wconf 88' lang='lat' dir='ltr'>quales</span> <span class='ocrx_word' id='word_1_754' title='bbox 1341 4941 1448 5012; x_wconf 90' lang='lat' dir='ltr'>piorum</span> <span class='ocrx_word' id='word_1_755' title='bbox 1459 4941 1552 4998; x_wconf 88' lang='lat' dir='ltr'>botros</span> <span class='ocrx_word' id='word_1_756' title='bbox 1566 4958 1682 5014; x_wconf 87' lang='lat' dir='ltr'>operum</span> <span class='ocrx_word' id='word_1_757' title='bbox 1697 4951 1821 5018; x_wconf 75' lang='lat' dir='ltr'>autprae·</span> 
     </span>
     <span class='ocr_line' id='line_1_56' title="bbox 164 5027 1820 5125; baseline -0.015 -16"><span class='ocrx_word' id='word_1_758' title='bbox 164 5049 280 5125; x_wconf 90' lang='lat' dir='ltr'>portanti</span> <span class='ocrx_word' id='word_1_759' title='bbox 294 5061 399 5118; x_wconf 87' lang='lat' dir='ltr'>pacem,</span> <span class='ocrx_word' id='word_1_760' title='bbox 422 5040 537 5116; x_wconf 90' lang='lat' dir='ltr'>gratiam</span> <span class='ocrx_word' id='word_1_761' title='bbox 564 5032 704 5092; x_wconf 82' lang='lat' dir='ltr'>ollerent‘t.</span> <span class='ocrx_word' id='word_1_762' title='bbox 724 5031 779 5088; x_wconf 90' lang='lat' dir='ltr'>Sed</span> <span class='ocrx_word' id='word_1_763' title='bbox 807 5045 861 5087; x_wconf 90' lang='lat' dir='ltr'>non</span> <span class='ocrx_word' id='word_1_764' title='bbox 891 5030 960 5087; x_wconf 90' lang='lat' dir='ltr'>sieut</span> <span class='ocrx_word' id='word_1_765' title='bbox 1015 5027 1113 5088; x_wconf 82' lang='lat' dir='ltr'>locavit</span> <span class='ocrx_word' id='word_1_766' title='bbox 1127 5029 1166 5084; x_wconf 90' lang='lat' dir='ltr'>ira</span> <span class='ocrx_word' id='word_1_767' title='bbox 1178 5035 1227 5085; x_wconf 87' lang='lat' dir='ltr'>aut</span> <span class='ocrx_word' id='word_1_768' title='bbox 1241 5028 1311 5096; x_wconf 88' lang='lat' dir='ltr'>tulit,</span> <span class='ocrx_word' id='word_1_769' title='bbox 1325 5028 1465 5099; x_wconf 75' lang='lat' dir='ltr'>iactantia,</span> <span class='ocrx_word' id='word_1_770' title='bbox 1481 5038 1530 5088; x_wconf 90' lang='lat' dir='ltr'>eut</span> <span class='ocrx_word' id='word_1_771' title='bbox 1542 5029 1654 5092; x_wconf 87' lang='lat' dir='ltr'>loedsvit</span> <span class='ocrx_word' id='word_1_772' title='bbox 1668 5032 1762 5089; x_wconf 86' lang='lat' dir='ltr'>inanis</span> <span class='ocrx_word' id='word_1_773' title='bbox 1776 5041 1820 5091; x_wconf 82' lang='lat' dir='ltr'>aar</span> 
     </span>
     <span class='ocr_line' id='line_1_57' title="bbox 161 5118 1818 5216; baseline -0.014 -19"><span class='ocrx_word' id='word_1_774' title='bbox 161 5140 258 5216; x_wconf 87' lang='lat' dir='ltr'>gratia,</span> <span class='ocrx_word' id='word_1_775' title='bbox 272 5138 349 5194; x_wconf 89' lang='lat' dir='ltr'>itaet</span> <span class='ocrx_word' id='word_1_776' title='bbox 363 5135 417 5193; x_wconf 84' lang='lat' dir='ltr'>les.</span> <span class='ocrx_word' id='word_1_777' title='bbox 435 5131 524 5204; x_wconf 90' lang='lat' dir='ltr'>Quam</span> <span class='ocrx_word' id='word_1_778' title='bbox 544 5121 670 5183; x_wconf 88' lang='lat' dir='ltr'>dissimili</span> <span class='ocrx_word' id='word_1_779' title='bbox 695 5120 773 5180; x_wconf 90' lang='lat' dir='ltr'>vultu</span> <span class='ocrx_word' id='word_1_780' title='bbox 788 5121 823 5176; x_wconf 91' lang='lat' dir='ltr'>ad</span> <span class='ocrx_word' id='word_1_781' title='bbox 851 5135 960 5179; x_wconf 90' lang='lat' dir='ltr'>omnem</span> <span class='ocrx_word' id='word_1_782' title='bbox 1014 5118 1123 5193; x_wconf 83' lang='lat' dir='ltr'>gloria?</span> <span class='ocrx_word' id='word_1_783' title='bbox 1138 5118 1247 5190; x_wconf 87' lang='lat' dir='ltr'>Quanta</span> <span class='ocrx_word' id='word_1_784' title='bbox 1260 5119 1296 5175; x_wconf 91' lang='lat' dir='ltr'>ab</span> <span class='ocrx_word' id='word_1_785' title='bbox 1311 5118 1438 5177; x_wconf 85' lang='lat' dir='ltr'>illecebra</span> <span class='ocrx_word' id='word_1_786' title='bbox 1456 5119 1537 5194; x_wconf 80' lang='lat' dir='ltr'>gulae,</span> <span class='ocrx_word' id='word_1_787' title='bbox 1553 5128 1656 5194; x_wconf 87' lang='lat' dir='ltr'>quauta</span> <span class='ocrx_word' id='word_1_788' title='bbox 1667 5122 1702 5178; x_wconf 91' lang='lat' dir='ltr'>ab</span> <span class='ocrx_word' id='word_1_789' title='bbox 1713 5122 1818 5181; x_wconf 65' lang='lat' dir='ltr'>accde</span> 
     </span>
     <span class='ocr_line' id='line_1_58' title="bbox 160 5207 1819 5287; baseline -0.015 0"><span class='ocrx_word' id='word_1_790' title='bbox 160 5226 352 5287; x_wconf 83' lang='lat' dir='ltr'>conscientiam</span> <span class='ocrx_word' id='word_1_791' title='bbox 367 5240 397 5280; x_wconf 90' lang='lat' dir='ltr'>se</span> <span class='ocrx_word' id='word_1_792' title='bbox 414 5221 533 5280; x_wconf 76' lang='lat' dir='ltr'>offerunt</span> <span class='ocrx_word' id='word_1_793' title='bbox 558 5213 679 5273; x_wconf 90' lang='lat' dir='ltr'>suavitas</span> <span class='ocrx_word' id='word_1_794' title='bbox 707 5211 801 5281; x_wconf 88' lang='lat' dir='ltr'>hujus,</span> <span class='ocrx_word' id='word_1_795' title='bbox 832 5219 860 5268; x_wconf 87' lang='lat' dir='ltr'>et</span> <span class='ocrx_word' id='word_1_796' title='bbox 886 5210 960 5268; x_wconf 87' lang='lat' dir='ltr'>illius</span> <span class='ocrx_word' id='word_1_797' title='bbox 1014 5208 1124 5280; x_wconf 86' lang='lat' dir='ltr'>spiritu,</span> <span class='ocrx_word' id='word_1_798' title='bbox 1137 5218 1265 5281; x_wconf 86' lang='lat' dir='ltr'>quantae</span> <span class='ocrx_word' id='word_1_799' title='bbox 1279 5207 1500 5281; x_wconf 90' lang='lat' dir='ltr'>pusillanimitate</span> <span class='ocrx_word' id='word_1_800' title='bbox 1515 5209 1631 5283; x_wconf 90' lang='lat' dir='ltr'>spiritus</span> <span class='ocrx_word' id='word_1_801' title='bbox 1655 5220 1683 5268; x_wconf 90' lang='lat' dir='ltr'>et</span> <span class='ocrx_word' id='word_1_802' title='bbox 1712 5221 1819 5287; x_wconf 73' lang='lat' dir='ltr'>tempe-</span> 
     </span>
     <span class='ocr_line' id='line_1_59' title="bbox 159 5297 1818 5386; baseline -0.013 -10"><span class='ocrx_word' id='word_1_803' title='bbox 159 5317 311 5378; x_wconf 74' lang='lat' dir='ltr'>securitas.</span> <span class='ocrx_word' id='word_1_804' title='bbox 328 5313 395 5386; x_wconf 88' lang='lat' dir='ltr'>Quis</span> <span class='ocrx_word' id='word_1_805' title='bbox 410 5321 512 5367; x_wconf 87' lang='lat' dir='ltr'>saneex</span> <span class='ocrx_word' id='word_1_806' title='bbox 523 5321 604 5382; x_wconf 78' lang='lat' dir='ltr'>equo</span> <span class='ocrx_word' id='word_1_807' title='bbox 624 5301 751 5376; x_wconf 78' lang='lat' dir='ltr'>respicat</span> <span class='ocrx_word' id='word_1_808' title='bbox 763 5302 959 5359; x_wconf 89' lang='lat' dir='ltr'>coudemmau·</span> <span class='ocrx_word' id='word_1_809' title='bbox 1014 5306 1082 5356; x_wconf 90' lang='lat' dir='ltr'>state</span> <span class='ocrx_word' id='word_1_810' title='bbox 1105 5298 1311 5355; x_wconf 73' lang='lat' dir='ltr'>sustinuimus?</span> <span class='ocrx_word' id='word_1_811' title='bbox 1327 5297 1370 5355; x_wconf 87' lang='lat' dir='ltr'>Sic</span> <span class='ocrx_word' id='word_1_812' title='bbox 1393 5314 1484 5355; x_wconf 90' lang='lat' dir='ltr'>erem:</span> <span class='ocrx_word' id='word_1_813' title='bbox 1501 5308 1528 5357; x_wconf 89' lang='lat' dir='ltr'>et</span> <span class='ocrx_word' id='word_1_814' title='bbox 1541 5299 1718 5359; x_wconf 86' lang='lat' dir='ltr'>nihilomiuus</span> <span class='ocrx_word' id='word_1_815' title='bbox 1728 5313 1818 5360; x_wconf 82' lang='lat' dir='ltr'>tamen</span> 
     </span>
     <span class='ocr_line' id='line_1_60' title="bbox 159 5386 1818 5471; baseline -0.011 -4"><span class='ocrx_word' id='word_1_816' title='bbox 159 5415 213 5466; x_wconf 86' lang='lat' dir='ltr'>tem</span> <span class='ocrx_word' id='word_1_817' title='bbox 228 5417 256 5466; x_wconf 92' lang='lat' dir='ltr'>et</span> <span class='ocrx_word' id='word_1_818' title='bbox 270 5405 466 5470; x_wconf 88' lang='lat' dir='ltr'>consolantem,</span> <span class='ocrx_word' id='word_1_819' title='bbox 495 5404 682 5471; x_wconf 88' lang='lat' dir='ltr'>reposcentem</span> <span class='ocrx_word' id='word_1_820' title='bbox 704 5400 731 5450; x_wconf 89' lang='lat' dir='ltr'>ct</span> <span class='ocrx_word' id='word_1_821' title='bbox 758 5392 958 5467; x_wconf 88' lang='lat' dir='ltr'>ignoscentem,</span> <span class='ocrx_word' id='word_1_822' title='bbox 1012 5395 1165 5461; x_wconf 88' lang='lat' dir='ltr'>posueruut</span> <span class='ocrx_word' id='word_1_823' title='bbox 1179 5404 1222 5446; x_wconf 91' lang='lat' dir='ltr'>me</span> <span class='ocrx_word' id='word_1_824' title='bbox 1236 5386 1377 5445; x_wconf 89' lang='lat' dir='ltr'>custodem</span> <span class='ocrx_word' id='word_1_825' title='bbox 1404 5388 1430 5444; x_wconf 89' lang='lat' dir='ltr'>iu</span> <span class='ocrx_word' id='word_1_826' title='bbox 1445 5388 1542 5461; x_wconf 85' lang='lat' dir='ltr'>vincis,</span> <span class='ocrx_word' id='word_1_827' title='bbox 1557 5405 1611 5447; x_wconf 92' lang='lat' dir='ltr'>nou</span> <span class='ocrx_word' id='word_1_828' title='bbox 1636 5392 1818 5450; x_wconf 82' lang='lat' dir='ltr'>considerau-</span> 
     </span>
     <span class='ocr_line' id='line_1_61' title="bbox 159 5464 1817 5574; baseline -0.018 -21"><span class='ocrx_word' id='word_1_829' title='bbox 159 5497 321 5574; x_wconf 85' lang='lat' dir='ltr'>pleetcatem</span> <span class='ocrx_word' id='word_1_830' title='bbox 333 5502 361 5553; x_wconf 90' lang='lat' dir='ltr'>et</span> <span class='ocrx_word' id='word_1_831' title='bbox 391 5488 599 5564; x_wconf 85' lang='lat' dir='ltr'>amplectentem</span> <span class='ocrx_word' id='word_1_832' title='bbox 617 5484 679 5542; x_wconf 89' lang='lat' dir='ltr'>Nou</span> <span class='ocrx_word' id='word_1_833' title='bbox 691 5483 751 5556; x_wconf 87' lang='lat' dir='ltr'>pari</span> <span class='ocrx_word' id='word_1_834' title='bbox 771 5481 890 5556; x_wconf 86' lang='lat' dir='ltr'>prolecto</span> <span class='ocrx_word' id='word_1_835' title='bbox 913 5496 960 5540; x_wconf 91' lang='lat' dir='ltr'>ae·</span> <span class='ocrx_word' id='word_1_836' title='bbox 1013 5483 1055 5534; x_wconf 92' lang='lat' dir='ltr'>tes</span> <span class='ocrx_word' id='word_1_837' title='bbox 1073 5478 1192 5551; x_wconf 88' lang='lat' dir='ltr'>quidde</span> <span class='ocrx_word' id='word_1_838' title='bbox 1209 5493 1270 5536; x_wconf 89' lang='lat' dir='ltr'>mea</span> <span class='ocrx_word' id='word_1_839' title='bbox 1285 5477 1668 5556; x_wconf 81' lang='lat' dir='ltr'>egelseeremvellecnscm,</span> <span class='ocrx_word' id='word_1_840' title='bbox 1684 5498 1736 5541; x_wconf 56' lang='lat' dir='ltr'>nec</span> <span class='ocrx_word' id='word_1_841' title='bbox 1766 5464 1817 5540; x_wconf 62' lang='lat' dir='ltr'>sm.</span> 
     </span>
    </p>
   </div>
   <div class='ocr_carea' id='block_1_4' title="bbox 0 0 1872 5948">
    <p class='ocr_par' dir='ltr' id='par_1_4' title="bbox 0 0 1872 5948">
     <span class='ocr_line' id='line_1_62' title="bbox 0 0 1872 5948; baseline 0 6"><span class='ocrx_word' id='word_1_842' title='bbox 0 0 1872 5948; x_wconf 95' lang='lat' dir='ltr'> </span> 
     </span>
    </p>
   </div>
  </div>
 </body>
</html>
