3734 5948
132 210 197 271 1071
601 209 628 265 S.
649 206 817 269 Blilillhlllll
843 208 979 270 isauris
997 210 1307 273 ahtau-vilbffllsts
1711 213 1778 275 ton

126 342 235 411 (Cant,
252 353 281 402 ir,
292 337 348 406 13).
359 333 533 391 Commendat
542 348 658 404 sponsus
671 335 781 391 multam
796 334 922 392 dilectio·
939 354 963 433 Α
977 337 1277 410 missiamanum
1288 336 1430 402 columbae,
1441 338 1473 392 la
1481 340 1563 410 patra
1573 334 1778 396 matteum

125 443 188 485 ncni
208 441 283 482 suain
297 422 418 478 iterando
432 420 534 478 amoris
547 437 639 480 uoces.
652 424 718 478 Nsni
733 423 840 480 iteratio
851 423 921 481 alie·
977 427 1065 495 (Paul.
1085 440 1164 490 xxvi,
1180 424 1223 495 6);
1234 432 1260 480 ει
1275 424 1358 481 item:
1376 425 1495 490 Statuit,
1511 423 1607 497 iuquit,
1622 442 1715 499 supra
1726 442 1777 498 pe·

124 516 221 573 ationis
246 510 381 584 expressio
401 517 497 566 cstiet
515 511 588 581 quod
612 528 720 568 rursum
740 514 773 567 ad
802 513 921 569 laborem
978 519 1053 570 tram
1067 514 1149 587 pedes
1162 531 1237 573 meos
1251 513 1451 583 (Psal.iiiiiiiii,
1463 513 1779 588 3).Virsepietisoedili·

124 605 264 663 vinearum
288 599 414 658 sollicitat
437 593 572 665 dilectam,
593 601 710 657 ostendit
736 617 816 673 quam
836 600 872 655 sit
887 603 920 655 de

30 711 35 719 ·
123 691 271 748 auimatum
294 689 379 746 salute
401 688 541 745 sollicitus.
557 688 625 743 Nam
638 689 847 745 uincasanimes
859 705 921 747 esse

120 786 178 855 jam
206 782 332 838 audistis.
347 783 408 836 Nori
439 782 614 839 immoremur
641 799 807 855 supervacue
835 784 862 837 in
878 781 921 837 bis

121 889 182 946 quae
209 874 280 928 diota
302 879 375 927 sunt.
390 871 488 929 Videte
503 875 651 941 sequentia.
666 873 800 943 Sponsam
830 880 920 926 temeri

121 978 264 1033 nusquam,
290 971 319 1017 ut
352 961 473 1027 memini,
504 959 614 1017 1415
634 960 738 1016 intuto
763 961 814 1015 lioc
834 975 919 1030 opere

121 1062 213 1120 aperta
227 1050 316 1107 adbuc
330 1049 492 1116 nominarat,
505 1049 555 1103 nisi
581 1052 664 1105 modo
688 1065 752 1104 cuin
775 1046 810 1102 ad
824 1047 919 1106 vineas

121 1140 183 1204 itur,
203 1154 265 1194 cum
286 1138 349 1196 uino
367 1136 504 1193 charitatis
517 1136 756 1209 appropinquatur.
773 1135 839 1205 Quae
856 1151 917 1192 cuni

120 1227 224 1285 venerit
251 1237 277 1283 et
300 1227 419 1299 perlecta
438 1226 527 1293 luerit,
548 1224 629 1281 iaciet
656 1224 795 1296 spirituale
817 1227 917 1297 conju-

119 1316 195 1389 gium
211 1323 257 1373 :et
275 1326 355 1371 crunt
379 1317 445 1381 duo,
462 1329 516 1370 non
529 1314 556 1369 iri
571 1329 651 1370 carue
676 1329 738 1379 una,
758 1313 807 1368 sed
821 1313 849 1368 iii
863 1328 918 1371 urio

119 1405 214 1476 spiritu
243 1403 349 1461 dicente
371 1402 524 1475 Apostolo:
538 1403 592 1471 Qui
607 1402 732 1460 adlioeret
758 1403 823 1469 Deo,
843 1419 918 1459 aues

118 1495 238 1564 spiritus
254 1496 297 1550 est
312 1494 339 1562 (l
354 1493 413 1549 Cor.
427 1492 483 1561 ll).

152 1586 179 1637 2.
196 1580 324 1653 Sequitur
337 1597 344 1632 :
357 1579 490 1637 Columba
502 1595 565 1637 mea
574 1582 606 1635 in
616 1578 806 1650 foraminibus
816 1581 913 1650 petrae,

975 613 1017 657 cat
1036 605 1146 658 domum
1170 619 1245 658 suam
1264 619 1347 675 supra
1361 611 1476 674 petram,
1491 603 1564 675 quod
1587 603 1626 659 ibi
1642 618 1695 660 ries
1710 619 1779 659 ven-

976 701 1063 747 torum
1080 691 1208 747 tormidet
1229 692 1352 761 iujurias,
1368 707 1418 748 nec
1436 692 1646 748 inundationum
1661 692 1777 762 (uetes.

973 795 1023 851 uri,
1038 783 1082 847 ab,
1098 782 1154 850 25).
1170 779 1241 849 Quid
1256 794 1310 836 nori
1326 780 1390 836 boui
1405 779 1433 835 iii
1447 782 1547 853 petra‘l
1564 781 1592 835 ln
1607 788 1689 852 petra
1704 781 1778 837 eiral-

973 871 1056 934 tatus,
1071 868 1100 924 iii
1113 879 1190 941 petra
1204 885 1327 940 semme,
1342 869 1368 924 iii
1393 877 1469 940 petre
1483 867 1595 925 firmiter
1618 876 1673 926 sto.
1689 869 1777 926 Secu·

974 974 1019 1013 rus
1032 958 1065 1012 ab
1080 959 1169 1029 hoste,
1182 958 1257 1014 tortis
1268 974 1283 1011 a
1295 974 1374 1025 casu;
1386 965 1413 1013 et
1427 959 1479 1015 hoc
1489 959 1621 1029 quoniam
1636 958 1775 1016 exaltatus

971 1062 987 1101 a
1015 1053 1097 1101 terra.
1120 1046 1229 1116 anceps
1253 1055 1295 1101 est
1316 1046 1387 1101 enim
1410 1055 1436 1101 et
1462 1045 1601 1117 caducum,
1632 1055 1774 1105 terrenum

972 1148 1062 1191 omne.
1077 1132 1251 1191 Conversatio
1262 1142 1354 1190 nostra
1367 1133 1396 1188 in
1409 1134 1485 1190 eoelis
1500 1133 1583 1206 eit,et
1596 1150 1650 1193 nec
1662 1137 1772 1207 cedere,

972 1239 1021 1279 nec
1035 1221 1115 1292 dejici
1129 1221 1312 1276 formidemus.
1322 1222 1350 1275 ln
1365 1222 1443 1278 coelis
1457 1222 1581 1293 petra,in
1594 1221 1641 1279 ille
1656 1220 1774 1280 firmitas

971 1319 1052 1382 atque
1066 1309 1194 1366 securitas
1209 1316 1261 1364 est.
1277 1310 1354 1365 Petra
1370 1309 1503 1382 refugium
1517 1310 1664 1367 herinaciis
1682 1313 1772 1380 (reat.

972 1415 1030 1466 ciii,
1047 1401 1100 1467 ia).
1115 1398 1150 1453 Et
1164 1412 1257 1453 resera
1271 1397 1318 1452 uhi
1341 1405 1399 1454 tuta
1412 1397 1542 1471 firmeque
1555 1397 1675 1454 infirmis
1689 1415 1771 1456 secu-

970 1489 1035 1544 ritas
1049 1495 1077 1544 et
1092 1487 1208 1560 requies,
1224 1486 1275 1541 nisi
1289 1487 1315 1541 iu
1329 1487 1485 1544 vulneribus
1500 1486 1672 1544 salvatoris?
1686 1489 1773 1547 Tanto

970 1576 1026 1634 illic
1050 1576 1169 1633 securior
1196 1575 1297 1643 habito,
1321 1584 1422 1649 quanto
1448 1573 1497 1631 ille
1516 1575 1653 1648 potentior
1673 1586 1719 1634 est
1739 1584 1771 1634 art

117 1671 148 1725 in
163 1669 291 1725 cauernis
302 1669 434 1725 maceriae
446 1668 641 1725 ostendamini
650 1670 754 1738 sociem
766 1672 857 1734 tram,
872 1684 915 1724 so·
933 1632 1136 1724 Bsalvandum.
1154 1663 1255 1720 Fremit
1275 1665 1401 1731 mundus,
1422 1664 1520 1736 premit
1542 1678 1654 1736 eorpus,
1675 1665 1770 1723 diebo-

116 1762 165 1814 rtet
178 1764 293 1816 veatae
308 1757 465 1814 treberibus
478 1760 558 1813 meis.
574 1758 655 1811 Amat
668 1755 789 1828 etpcrgit
802 1765 910 1811 ameto-

115 1844 153 1901 ria
172 1845 255 1916 toqui.
278 1845 433 1901 Columbnm
447 1844 536 1900 denuo
551 1843 710 1901 blandiendo
721 1853 816 1917 vocat3
832 1859 909 1900 suain

113 1932 190 1998 dicit,
204 1940 232 1989 et
245 1933 297 1990 sibi
318 1935 412 1988 asserit
424 1931 559 2004 propriam
576 1952 583 1987 :
601 1933 728 2005 quodque
746 1933 803 2004 ipse
818 1933 908 2005 rogari

113 2019 241 2078 obnixius
254 2023 288 2077 ab
311 2021 360 2078 illa
377 2021 492 2088 solebat,
508 2020 594 2092 ipsius
614 2036 684 2077 nuuc
712 2036 790 2076 uersa
808 2022 866 2079 vicc
881 2030 907 2077 ot

112 2118 287 2181 conspectum
304 2110 430 2182 postulat,
446 2118 473 2166 et
500 2110 674 2182 colloquium.
699 2109 764 2183 Agit
778 2119 805 2165 ut
820 2124 906 2181 spoii·

113 2214 174 2269 sns3
191 2197 240 2254 scd
255 2205 286 2253 ut
301 2199 475 2264 verecundus,
493 2198 629 2269 publicum
643 2198 789 2264 erubescit,
809 2197 905 2255 decer·

111 2286 204 2358 nitque
219 2285 272 2342 lrui
286 2285 391 2342 deliciis
406 2285 462 2341 suis
478 2287 504 2341 in
534 2286 597 2341 loco
611 2285 753 2355 sequestri,
772 2284 863 2358 utiquo
877 2286 905 2341 iii

110 2372 289 2431 foraminibus
304 2381 399 2445 petre,
426 2383 453 2430 ει
476 2373 502 2429 in
535 2373 662 2430 cavernis
688 2373 822 2432 maceria.
838 2374 905 2430 Puta

110 2477 177 2534 ergo
189 2462 228 2518 sic
249 2460 339 2518 dicere
362 2478 493 2532 sponsum
509 2479 516 2518 :
531 2461 573 2517 Ne
591 2463 695 2529 timeas,
711 2462 808 2528 amica,
824 2464 901 2532 quasi

109 2549 178 2618 haec,
194 2549 322 2622 adquam
339 2557 365 2604 te
391 2549 539 2617 hortemur,
556 2564 641 2619 opera
662 2548 801 2605 uinearum
816 2565 901 2622 nego·

112 2636 178 2691 tium
207 2637 308 2694 amoris
335 2635 471 2707 impedire
507 2652 555 2692 seii
584 2637 779 2708 interrumpere
807 2637 904 2694 habeat

111 2724 169 2778 Erit
196 2734 269 2780 cerie
284 2732 311 2779 et
323 2722 420 2794 aliquis
434 2739 498 2778 usus
524 2724 550 2778 iri
575 2739 606 2778 ca
624 2722 658 2777 ad
673 2723 700 2777 id
715 2723 787 2795 quod
801 2725 903 2795 pariter

112 2823 246 2883 optemus.
261 2811 353 2867 Vineae
367 2826 438 2866 sanae
453 2810 582 2866 macerias
598 2810 707 2876 habent,
718 2820 745 2867 et
756 2812 797 2866 hee
811 2811 902 2867 diver-

108 2900 181 2957 soria
195 2908 270 2975 grate
284 2900 454 2957 verecundis.
475 2899 524 2954 llic
552 2899 673 2955 litteralis
702 2899 789 2956 lusus.
804 2899 903 2968 Quidni

965 1752 1007 1809 lus
1021 1752 1166 1809 insidietur
1182 1769 1188 1806 :
1206 1765 1259 1807 nori
1274 1752 1356 1823 cado;
1372 1750 1498 1807 laudatus
1518 1753 1591 1809 enim
1605 1768 1672 1809 surii
1687 1770 1769 1827 supra

965 1840 1068 1897 lirnium
1083 1848 1196 1912 petram.
1213 1840 1329 1896 Pacensi
1344 1851 1484 1910 peccatum
1499 1840 1604 1913 grande
1619 1859 1628 1899 ε
1645 1843 1771 1899 turbabi-

965 1938 1007 1986 tur
1036 1928 1210 1998 couscientia,
1241 1929 1366 1985 sednon
1393 1929 1607 2002 perturbabitur,
1634 1931 1769 2002 quoniam

962 2018 1107 2075 uulnerum
1120 2016 1229 2073 Domini
1245 2017 1421 2077 recordabor.
1435 2017 1539 2090 Nempe
1552 2017 1713 2076 vulneratus
1726 2028 1768 2078 est

961 2114 1072 2178 propter
1095 2104 1252 2177 iniquitates
1275 2114 1381 2160 nostres
1397 2106 1474 2176 (lsai.
1490 2120 1548 2173 iiii,
1564 2107 1604 2178 b).
1623 2106 1696 2177 Quid
1711 2115 1766 2165 terii

960 2196 994 2251 ad
1015 2202 1139 2261 mortem,
1165 2194 1238 2265 quod
1264 2209 1319 2249 non
1341 2194 1440 2251 Christi
1457 2204 1545 2253 morte
1568 2195 1712 2252 soluatur?
1733 2196 1764 2252 Si

960 2298 1027 2356 ergo
1043 2282 1070 2338 iii
1085 2289 1205 2339 montem
1220 2283 1329 2338 venerit
1349 2289 1403 2339 tani
1426 2291 1524 2355 potens
1545 2293 1654 2356 tamque
1669 2281 1764 2341 eliiou

959 2371 1196 2438 medicamentum,
1211 2370 1285 2427 nulla
1294 2371 1351 2441 iam
1366 2386 1477 2441 possum
1493 2372 1580 2429 morbi
1595 2370 1764 2447 malignitate

962 2459 1070 2515 terrori.

995 2550 1023 2603 b.
1038 2548 1070 2603 Et
1084 2547 1145 2603 ideo
1165 2547 1249 2619 liquet
1262 2562 1367 2604 errasse
1381 2545 1457 2605 illum
1473 2549 1519 2620 qui
1534 2547 1574 2603 eit
1590 2565 1597 2607 :
1614 2550 1706 2618 Maior
1721 2552 1763 2607 esi

957 2638 1097 2708 iniquitas
1105 2652 1270 2709 recoquens
1279 2641 1312 2693 ui
1322 2639 1437 2695 veniam
1446 2637 1648 2710 merearfflen.
1657 2653 1697 2703 iv,
1706 2638 1761 2708 13),

956 2725 1015 2780 Nisi
1029 2725 1102 2796 quod
1125 2739 1180 2781 noii
1204 2732 1263 2781 erat
1281 2724 1315 2781 de
1335 2727 1465 2782 membris
1487 2725 1596 2795 Christi,
1610 2742 1662 2782 uec
1677 2726 1761 2796 perti·

958 2813 1040 2868 nebat
1049 2813 1083 2867 ad
1093 2826 1155 2868 euni
1165 2813 1199 2869 de
1209 2813 1310 2871 Christi
1323 2813 1430 2881 merito,
1440 2820 1471 2871 nt
1480 2830 1558 2871 suum
1566 2824 1760 2886 praesumeret,

957 2916 1037 2958 suum
1051 2900 1151 2958 diceret
1164 2903 1237 2975 quod
1252 2902 1325 2958 illius
1343 2910 1429 2976 esset3
1446 2910 1573 2975 tauquam
1592 2918 1649 2959 rem
1663 2903 1763 2974 capitis

106 2989 222 3046 dixerim
236 2991 324 3045 lusum
340 2990 355 3043 ‘l
369 2987 515 3059 Quidenim
529 2987 630 3043 serium
646 2979 730 3042 habet'
744 2989 801 3044 bac
825 2989 900 3045 litte·
928 2988 949 3066 Β
966 2991 1115 3045 mombmm
1129 2989 1215 3062 (bil).
1232 2987 1344 3046 1416
1356 2992 1417 3063 Ego
1432 3006 1495 3048 vcro
1510 2989 1625 3046 tidenter
1636 2993 1714 3062 quod
1730 3008 1762 3046 ei

105 3094 143 3133 rae
158 3079 242 3134 series
256 3078 321 3133 lNc
335 3077 429 3133 auditu
442 3076 552 3149 quidem
563 3076 674 3148 dignum
689 3077 762 3147 quod
776 3076 842 3132 loris
856 3093 902 3132 so·
958 3096 1000 3134 nie
1023 3078 1088 3134 mihi
1107 3077 1184 3135 deest
1207 3092 1307 3149 usurpo
1322 3078 1387 3133 milii
1410 3093 1441 3133 ei
1467 3077 1618 3134 visceribus
1636 3080 1762 3145 Domini,

105 3175 161 3232 nat,
183 3166 276 3222 siiiou
302 3165 374 3220 intus
393 3164 503 3234 adjuvet
517 3163 634 3235 Spiritus
654 3163 835 3220 infirmitatem
865 3165 903 3220 in·
957 3167 1083 3238 quoniam
1098 3164 1420 3238 misericordiaallluunt3
1436 3163 1764 3231 necdesuutioramina.

105 3252 261 3325 tellipentiae
276 3261 385 3309 nostrae.
398 3252 439 3307 Nc
452 3267 519 3324 orgo
529 3267 717 3309 remaneamus
732 3253 811 3319 loris,
822 3269 856 3308 ue
875 3261 902 3309 et
955 3271 1005 3329 por
1029 3270 1089 3328 quae
1111 3254 1233 3312 ellluaiit.
1248 3253 1383 3311 Foderunt
1407 3269 1504 3309 manus
1526 3255 1585 3323 ejus
1608 3259 1637 3307 et
1662 3258 1762 3325 pedes·

105 3338 320 3410 turpium,quod
335 3337 422 3393 absitl
451 3353 573 3394 amorum
602 3339 743 3393 videamur
767 3341 902 3397 lenocinia
955 3342 1077 3415 latusque
1097 3341 1190 3398 lancea
1209 3340 1361 3400 lorevemut
1384 3358 1391 3397 ε
1414 3350 1442 3398 ει
1460 3357 1510 3414 per
1523 3340 1572 3396 has
1595 3339 1684 3398 rimas
1699 3343 1763 3401 licet

104 3440 254 3492 recensere,
289 3424 384 3481 allerto
417 3423 530 3495 pudicas
543 3441 624 3480 aures
639 3427 672 3480 nd
686 3441 838 3484 sermonem
853 3429 899 3499 qui
955 3429 1020 3485 mibi
1038 3443 1134 3502 sugere
1147 3428 1247 3484 melda
1267 3438 1354 3500 petra,
1369 3430 1516 3501 oleumque
1533 3428 1568 3485 de
1581 3443 1647 3485 saio
1663 3429 1760 3488 duris·

104 3513 131 3568 iii
156 3512 281 3568 manibus
303 3521 346 3567 est
359 3513 394 3567 de
418 3527 528 3581 amore;
544 3520 571 3567 et
591 3527 652 3567 cum
675 3512 750 3584 ipsos
776 3514 901 3587 cogitatis
952 3516 1035 3583 simo;
1051 3514 1077 3569 id
1101 3523 1153 3587 est,
1168 3526 1278 3588 guetino
1292 3526 1318 3575 et
1336 3517 1430 3576 uidere
1451 3519 1581 3590 quoniam
1604 3520 1699 3578 suavis
1719 3531 1761 3578 est

104 3610 235 3667 amantes,
262 3615 315 3657 non
344 3600 431 3656 virum
456 3610 483 3656 et
505 3599 641 3667 feminam,
664 3600 712 3656 sed
736 3600 854 3658 Verbum
873 3610 901 3659 et
952 3603 1095 3661 Dominus.
1121 3603 1265 3678 cogitabat
1288 3605 1468 3681 cogitationes
1490 3607 1573 3678 pacis,
1594 3616 1621 3665 et
1638 3622 1694 3682 eqo
1709 3625 1759 3666 ne·

105 3689 221 3744 animem
240 3688 361 3746 sentietis
383 3697 500 3760 oportet.
524 3690 558 3745 lit
576 3688 600 3744 si
615 3688 749 3745 Christum
765 3698 791 3745 et
805 3692 900 3748 Eccle-

106 3778 173 3834 siam
201 3776 305 3844 dixero,
322 3776 394 3831 idem
412 3785 452 3832 est
467 3775 539 3842 ;nisi
553 3777 625 3848 quod
646 3778 773 3833 Ecclesiae
788 3780 899 3836 uomina

106 3879 160 3921 non
188 3880 241 3919 una
270 3865 370 3931 anime,
387 3864 435 3919 sod
465 3866 611 3921 multarum
626 3865 725 3934 unitas,
741 3867 784 3922 vol
808 3872 899 3939 potius

106 3950 266 4008 unanimitas
294 3951 461 4024 designatur.
481 3953 538 4008 Nec
566 3969 629 4009 sane
658 3953 897 4027 iuramiuapetrae,

106 4051 153 4096 aut
181 4055 311 4097 cavernas
332 4041 464 4107 maccriae,
480 4040 595 4096 latebras
616 4044 713 4113 putetis
728 4045 898 4116 operantium

107 4129 285 4201 iniquitatem,
305 4144 339 4183 ue
354 4143 528 4200 quaprorsus
543 4130 661 4200 suspicio
680 4131 774 4188 subeat
788 4134 822 4191 de
832 4149 898 4206 ope-

107 4217 180 4272 ribus
195 4218 375 4273 tenebrarum.

142 4308 170 4364 3.
186 4305 265 4362 hiliis
286 4306 358 4360 liuiio
372 4303 511 4362 locumita
524 4306 660 4376 exposuit,
673 4306 802 4363 foramini
816 4318 898 4382 petrae

107 4393 221 4451 vulnera
241 4393 337 4449 Christi
362 4393 549 4463 interpretans.
577 4396 656 4452 llecte
679 4400 810 4455 omniuo:
836 4414 899 4454 uem

105 4492 181 4554 petra
207 4482 339 4547 Christus,
370 4483 443 4537 Bone
458 4481 598 4554 l'oraminn,
615 4488 764 4557 qualidum
780 4494 902 4547 astruunt

104 4569 310 4628 resurrectionis
327 4577 353 4625 et
363 4568 464 4624 Christi
477 4570 653 4628 divinitatem.
672 4576 807 4634 borsines
821 4592 900 4633 naeus

104 4658 200 4730 inquit,
217 4664 246 4718 et
264 4661 334 4716 Deus
357 4672 436 4713 ‘niteas
450 4657 543 4729 (loon.
555 4678 599 4726 xii,
612 4662 668 4734 28).
695 4665 768 4720 l'nde
782 4665 833 4721 hoc
856 4682 900 4721 re·

105 4757 235 4817 portatum
251 4748 402 4811 oraculum,
419 4746 470 4801 nisi
484 4763 518 4802 ex
542 4747 720 4806 foraminibus
745 4756 851 4822 petrael
871 4755 900 4811 ln

103 4835 145 4891 his
162 4852 255 4906 passer
273 4835 374 4892 iiii‘euit
389 4835 442 4889 sibi
456 4835 577 4905 demum,
594 4847 621 4893 et
636 4849 722 4894 turtur
737 4840 840 4906 nidum,
854 4844 899 4899 ubi

103 4933 215 4993 reponat
230 4923 316 4992 pullos
329 4939 392 4980 suos
406 4926 495 4995 (Psoi.
511 4939 623 4992 uixiiii,
641 4926 668 4997 a)
683 4945 690 4991 ;
708 4927 734 4981 iii
750 4928 792 4982 liis
806 4945 835 4983 sc
850 4945 899 4986 co-

106 5010 197 5066 lumba
213 5019 321 5079 tutatur,
336 5019 363 5068 et
378 5011 635 5071 circumvolitantem
653 5014 787 5086 intrepida
809 5018 899 5075 iutue-

105 5107 149 5155 tur
161 5100 328 5173 accipitrem.
348 5101 380 5156 lit
394 5101 456 5157 idco
476 5102 533 5163 ait:
550 5103 682 5162 Columbo
704 5120 765 5162 urea
780 5108 810 5162 in
819 5109 898 5176 lbra-

139 5305 214 5383 (bbl)
225 5306 263 5361 lta
274 5312 428 5360 constanter
438 5303 500 5361 libri
514 5317 620 5364 soteres
630 5325 690 5363 num
700 5312 899 5384 antiquioribus

102 5372 191 5427 cilius.
208 5375 314 5431 llorstio
328 5377 407 5439 malr,
426 5390 504 5430 rearis
518 5381 637 5449 cuptiiu's
658 5385 834 5456 incinbrrtni,·
851 5389 897 5442 Pi-

101 5444 193 5508 rarilo,
205 5448 263 5500 ucri
277 5449 378 5517 cupitis
391 5445 559 5503 ntembrum.
572 5450 663 5507 Lectio
678 5462 768 5510 iiostre
778 5461 898 5528 genuina
920 5508 925 5515 ,

953 3691 1085 3748 sciebam.
1105 3689 1174 3761 Quis
1196 3691 1266 3748 enim
1286 3693 1415 3765 cognorit
1438 3710 1548 3751 sensum
1568 3694 1699 3752 Domini?
1714 3703 1758 3752 aiit

952 3775 1014 3850 quis
1028 3774 1199 3833 consiliarius
1215 3777 1274 3847 ejus
1288 3775 1358 3832 initi
1371 3779 1407 3833 At
1419 3776 1503 3835 clavis
1517 3795 1653 3847 reserans,
1664 3781 1757 3839 clerus

953 3872 1096 3935 penetrans
1120 3863 1208 3921 iactus
1234 3872 1275 3919 est
1304 3864 1379 3934 mihi,
1402 3872 1431 3921 ut
1456 3865 1561 3923 videam
1589 3867 1756 3926 voluntatem

953 3952 1069 4008 Doniini.
1080 3952 1180 4024 Quidni
1196 3952 1303 4010 videam
1317 3969 1367 4026 per
1381 3953 1523 4011 ioremeiil
1532 3955 1638 4012 Clamet
1652 3959 1757 4025 elsim,

951 4042 1048 4096 clamat
1061 4041 1168 4106 uulnus,
1190 4043 1264 4115 quod
1278 4058 1341 4100 vere
1353 4043 1428 4099 Deus
1445 4044 1481 4100 sit
1499 4044 1526 4099 iii
1547 4044 1659 4103 Christo
1674 4064 1757 4105 maii·

952 4128 1016 4184 duni
1042 4128 1217 4186 reconcilians
1240 4129 1302 4184 sibi.
1325 4131 1437 4188 Ferrum
1460 4133 1617 4206 pertransiit
1637 4135 1758 4192 animem

952 4217 1022 4287 ejus,
1038 4227 1065 4272 et
1083 4218 1311 4289 appropinquavit
1327 4235 1375 4275 cor
1395 4220 1477 4286 illius,
1499 4228 1529 4277 ut
1552 4237 1609 4278 nori
1627 4223 1758 4293 jamnon

915 4305 1020 4390 nsi-iat
1041 4306 1158 4374 compati
1186 4304 1387 4362 intirmitetibus
1415 4309 1490 4365 meis.
1521 4311 1596 4367 l‘atet
1625 4328 1760 4371 moenum

953 4392 1042 4449 cordis
1065 4408 1113 4464 per
1137 4391 1268 4448 toramine
1287 4397 1428 4468 corporis3
1445 4405 1517 4470 petet
1541 4415 1677 4472 magnum
1692 4402 1761 4461 iliud

955 4481 1064 4552 pietatis
1087 4490 1293 4551 sacramentum,
1319 4495 1412 4556 peterit
1439 4486 1541 4544 uisceri
1559 4487 1762 4549 misericordiae

956 4570 1004 4624 Dei
1028 4569 1123 4641 nostri,
1145 4571 1291 4644 inquibus
1313 4574 1429 4632 visitemt
1451 4591 1502 4634 nos
1519 4577 1611 4634 oriens
1633 4595 1669 4637 ex
1693 4583 1761 4639 alto.

954 4658 1054 4730 Quidni
1079 4659 1180 4716 viscera
1202 4677 1249 4733 per
1270 4663 1380 4719 vulnera
1399 4666 1529 4735 pateant?
1547 4666 1577 4721 lii
1599 4682 1659 4739 qno
1685 4670 1760 4726 euim

954 4749 1052 4803 elarius
1070 4765 1150 4820 qnam
1165 4748 1193 4803 in
1216 4751 1374 4809 uulneribus
1397 4752 1449 4810 tuis
1470 4754 1612 4822 eluxisset,
1627 4759 1708 4829 quod
1721 4770 1760 4833 tu,

956 4836 1078 4905 Domine,
1102 4838 1191 4893 suasis
1213 4848 1240 4895 ει
1268 4840 1347 4908 mitis,
1365 4852 1393 4897 et
1419 4843 1511 4898 multoe
1538 4842 1762 4905 misericordie?

955 4926 1082 4995 liiijoreni
1105 4928 1176 4982 cuim
1192 4928 1389 4986 miserationem
1409 4940 1491 4988 'nemo
1510 4933 1603 4998 hebet,
1626 4952 1718 5010 quam
1733 4948 1761 4996 ut

953 5015 1071 5070 animam
1087 5032 1163 5071 suani
1180 5024 1262 5087 ponet
1276 5019 1337 5090 quis
1350 5034 1400 5090 pro
1413 5019 1526 5075 addictis
1539 5020 1624 5079 morti
1637 5034 1667 5080 et
1682 5027 1762 5083 deui-

954 5103 1032 5160 natis.

952 5331 978 5378 et
994 5323 1087 5407 facilis,
1097 5325 1122 5407 ¹si
1136 5327 1333 5408 securorumlin
1349 5339 1422 5385 recto
1437 5329 1585 5403 intelliges,
1595 5337 1761 5409 supplendo

952 5411 1034 5451 seruiit
1045 5395 1114 5451 diret
1122 5414 1153 5453 eii
1165 5413 1300 5468 superiori
1310 5409 1456 5456 commate:
1466 5408 1495 5456 ut
1505 5402 1540 5456 sit
1548 5418 1665 5463 seusus.
1675 5410 1761 5468 Sicut

950 5467 1108 5524 erraticorum
1123 5485 1182 5525 reni
1195 5471 1296 5541 rapitis
1311 5487 1391 5528 suant
1405 5473 1484 5528 dicit.
