3728 5934
104 242 172 305 toll
307 251 312 261 '
580 234 1276 302 s.ttllltllttttl1tltslr1sott1toltttttlls1s
1693 227 1742 292 ttlt

102 369 219 429 humiles
232 367 332 439 potius,
347 365 393 438 qui
405 364 439 419 de
453 378 483 419 se
497 378 661 434 praesumere
675 363 808 435 uesdnut,
825 383 893 424 mar·
908 382 932 462 p
948 374 1024 423 rante
1037 364 1183 438 possimus,
1199 360 1288 437 gratia
1307 366 1335 415 et
1363 355 1552 415 misericordia
1576 354 1685 456 sponsi
1704 354 1743 412 Es

103 458 175 532 tyrio
193 455 283 512 idonei
297 451 508 523 sunt3additse
522 451 600 508 etiam
615 451 701 508 lilium
714 455 894 512 assaeouval·
949 454 1040 513 clasiae
1058 455 1122 510 lesu
1145 449 1243 516 Christi
1268 447 1374 507 Domini
1402 447 1499 514 nostri,
1532 462 1586 519 qut
1610 452 1657 502 est
1682 459 1745 518 seps

42 587 46 594 .
103 547 179 615 bum,
194 544 277 600 idest
299 540 441 597 humilium
464 555 602 607 coronam,
618 541 763 614 specialem
783 544 897 615 gloriam
951 539 1342 604 omniaDensbeoedictusin
1356 535 1467 594 saecula.
1482 539 1592 592 Amen.

104 633 203 690 tuturus
221 629 392 687 exaltationis
412 631 532 699 ipsorum
555 631 635 700 liujus
657 629 803 686 eminentia
824 630 899 688 doris
1217 644 1337 703 sgguo
1366 641 1485 700 vanl,

102 721 261 820 designans.
272 719 330 775 Erit
339 720 621 819 namquecumornnis
629 721 713 777 uallis
723 720 897 793 implebitur,
952 760 991 816 De
1007 755 1252 828 ,auderem-proca,
1267 769 1328 827 qm
1338 752 1457 822 fitium
1474 764 1624 823 ‘imm
1636 750 1667 806 θ)
1680 764 1746 816 ,m

104 814 132 870 ε1
144 825 236 867 omnes
245 825 326 866 moras
338 814 367 865 sl
376 809 457 864 collas
467 807 667 864 bomvlvcbtler
678 809 797 878 (lamxt,
809 809 857 879 1).·
873 820 900 867 ει
991 844 1061 894 Μ,
1073 832 1102 885 ,2
1116 827 1240 899 quarite,
1249 841 1298 897 W
1307 824 1437 880 ΜΝ),
1448 820 1560 878 carim
1576 819 1748 892 inultam

105 909 169 956 tuuc
195 899 295 954 oantlor
321 896 366 952 ille
391 896 454 951 vitra
483 902 601 962 aeterna,
626 894 709 951 lilium
737 897 824 968 plane,
844 913 899 954 non
988 916 1092 972 corpus
1107 897 1296 968 ctfidesrjos.

105 987 224 1049 collium,
237 984 285 1040 sed
300 983 471 1049 convallium,
486 982 633 1053 apparebit.
647 986 899 1056 ioeluspermirre·
990 992 1016 1043 l.
1029 987 1213 1046 Sicotlilium
1227 981 1470 1055 interspirtcsris
1495 981 1600 1037 amice
1612 980 1749 1036 meriste

105 1076 145 1133 bil
159 1077 234 1132 mccl
254 1075 357 1138 liliam,
382 1072 469 1145 iuquit
489 1072 634 1143 (Decem,
650 1071 689 1143 6).
712 1073 778 1142 Quis
795 1075 900 1146 justus,
953 1078 1030 1148 filios
1041 1077 1164 1146 (Dentre.
1180 1089 1214 1140 ιι,
1238 1075 1277 1144 1).
1291 1072 1352 1128 Non
1367 1073 1446 1126 bonae
1459 1069 1529 1125 tiliae
1544 1083 1614 1142 qum
1631 1080 1750 1141 pungne.

104 1163 158 1220 nisi
168 1161 278 1218 humilis
290 1163 305 1216 i
319 1162 439 1234 Denique
448 1176 509 1217 cum
520 1177 549 1217 se
559 1160 683 1217 manibus
693 1162 819 1233 Baptista
828 1163 899 1220 servi
953 1165 1069 1222 Attumne
1082 1163 1231 1238 pessimum
1245 1176 1356 1234 german
1371 1158 1432 1232 ejus
1444 1160 1488 1216 cul
1514 1156 1701 1214 maledictum
1712 1168 1751 1227 ss,

104 1251 236 1308 Dominus
250 1249 400 1316 inclinaret,
416 1257 444 1305 et
459 1248 503 1303 ille
518 1259 708 1321 expavesceret
722 1251 898 1321 majestatem,
955 1262 1144 1310 terraenostrae.
1154 1250 1332 1323 Cuminquit,
1342 1246 1751 1320 idilvccltseriscontmpt‘asr

107 1341 184 1406 Sine,
199 1339 301 1412 inquit;
313 1339 438 1396 sicenim
451 1338 529 1395 decet
543 1354 593 1396 nos
603 1337 720 1409 implere
729 1355 841 1396 omnem
851 1342 901 1412 ju·
955 1348 982 1400 st
993 1343 1110 1401 tribulos
1119 1340 1291 1413 germinabit
1301 1338 1352 1395 libi
1366 1338 1447 1408 (Gen.
1459 1353 1503 1405 nt,
1516 1338 1577 1405 18).
1589 1336 1688 1391 Donsc
1700 1351 1751 1407 erge

105 1429 218 1486 stitione
230 1428 341 1500 (bollo.
365 1442 405 1493 ιιι,
428 1429 482 1497 lb),
499 1426 757 1484 consummationem
778 1428 901 1498 prolecto
954 1431 1070 1487 incarne
1088 1440 1130 1486 est
1142 1429 1319 1494 anima,iuter
1332 1423 1562 1498 spinasproiecto
1594 1431 1752 1492 rersatanst

102 1515 216 1599 justitiae
230 1514 258 1571 itt
272 1514 430 1571 humilitatis
441 1513 601 1585 perfectione
615 1515 792 1572 mustituens.
806 1515 901 1573 iustus
962 1535 1073 1576 neeesse
1086 1527 1128 1575 est
1150 1528 1180 1572 ut
1208 1517 1323 1588 patiatur
1350 1511 1562 1588 inquietudines
1587 1511 1751 1569 mutieres

106 1620 173 1679 ergo
201 1602 321 1673 humilis,
342 1604 433 1672 justus
453 1602 582 1659 convallis
609 1610 660 1658 est.
689 1604 723 1660 tlt
743 1605 766 1660 si
788 1605 904 1662 humiles
963 1608 1217 1680 tribulationumque
1239 1604 1359 1662 aculeos.
1384 1601 1464 1672 Quod
1492 1603 1516 1657 si
1531 1600 1627 1657 lilium
1642 1608 1687 1658 ost
1710 1603 1750 1674 ipa

106 1693 209 1750 inventi
228 1693 369 1762 fuerimus,
384 1691 598 1765 germinabimus
612 1699 638 1747 ει
657 1707 707 1747 nos
721 1692 790 1750 sicut
805 1694 902 1763 lilium,
955 1696 1141 1769 Juxtaaponsi
1167 1696 1292 1766 verbum,
1309 1692 1399 1747 videat
1413 1706 1495 1766 quam
1518 1690 1643 1763 vigilent
1667 1690 1751 1748 sollici

107 1790 134 1839 ει
147 1781 303 1840 florebimus
328 1781 355 1835 in
376 1789 505 1835 aternum
526 1790 589 1837 ante
612 1780 768 1838 Dominum.
787 1783 828 1837 An
847 1799 902 1840 non
957 1794 1065 1859 tamque
1086 1800 1148 1842 esse
1164 1789 1287 1855 oporteat
1302 1778 1533 1853 supercustodia.
1548 1778 1609 1846 aui,
1625 1787 1750 1851 septam

107 1886 172 1928 vere
185 1868 228 1926 vel
244 1876 307 1925 tunc
326 1867 441 1923 maxime
456 1882 486 1922 se
501 1866 587 1923 lilium
600 1869 761 1926 convallium
775 1885 901 1943 compro·
956 1875 1038 1945 dique
1052 1873 1148 1944 spinis,
1163 1872 1228 1928 bine
1254 1870 1317 1927 iude
1335 1867 1443 1926 aculeos
1471 1867 1697 1925 intendattibna
1710 1867 1751 1924 lta

106 1959 191 2025 babit,
206 1973 267 2013 cum
282 1958 447 2028 reformabit
465 1972 567 2029 corpas
590 1956 765 2015 humilitatis
784 1963 902 2026 nostre,
955 1963 1029 2020 euim
1044 1963 1090 2017 vel
1103 1961 1265 2018 levissimam
1279 1959 1365 2028 spina
1386 1956 1503 2012 sustinet
1531 1955 1679 2014 ullatenus
1699 1972 1750 2030 pus

106 2045 903 2119 configuratamsorport'sloritolissuoe?(l³bilipp.nttl.)
955 2054 1070 2110 ctionem
1086 2051 1161 2106 ilaris
1175 2047 1335 2113 teneritudo,
1351 2046 1399 2102 sed
1415 2061 1476 2101 mox
1492 2051 1522 2099 ut
1539 2045 1654 2102 modico
1667 2045 1749 2116 presi·

106 2138 167 2196 Nou
181 2137 226 2202 ait,
252 2150 351 2206 eorpus
372 2143 505 2201 nostrum,
525 2133 582 2202 sed,
607 2151 708 2208 corpor
728 2135 903 2194 humilitatis
958 2149 1015 2213 tur,
1031 2138 1199 2212 proloratur.
1213 2136 1305 2193 Sentis
1324 2151 1404 2208 quam
1427 2135 1530 2190 merito
1558 2133 1749 2207 neccssarisqu

108 2227 215 2281 rtostroe
235 2230 287 2281 :ut
308 2223 390 2293 buJ'us
409 2221 458 2278 lilii
471 2222 542 2279 miro
561 2231 588 2278 ει
607 2224 772 2296 sempiterno
786 2226 904 2283 candore
957 2231 1079 2286 bortatur
1093 2243 1143 2284 uos
1167 2227 1299 2299 propbeta
1326 2223 1429 2280 servire
1459 2221 1586 2280 Domino
1620 2223 1747 2280 intinere

107 2312 184 2383 sulqs
201 2309 337 2383 significet
355 2310 469 2366 bumiles
493 2310 673 2369 illustrandos.
698 2313 730 2370 Et
749 2315 806 2370 bec
833 2314 904 2371 dicta
957 2319 1047 2385 (Psoi.
1064 2332 1094 2386 tt,
1109 2316 1175 2384 ll);
1190 2316 1292 2370 etitem
1307 2311 1544 2384 Apostolus,cnm
1559 2311 1747 2368 timorenibilr

108 2399 163 2457 sint
180 2415 229 2472 pro
242 2415 275 2456 eo
294 2400 368 2474 quod
383 2414 501 2468 sponsus
514 2415 544 2455 se
558 2399 653 2459 liorem
666 2401 764 2476 campi,
779 2410 806 2459 et
820 2402 903 2459 lilium
958 2408 1080 2463 miuuset
1095 2413 1213 2460 tremore
1227 2409 1347 2459 nostram
1360 2401 1482 2473 ipsorum
1498 2400 1617 2472 operari
1631 2399 1747 2456 salntml

109 2504 169 2545 esse
183 2488 347 2545 convallium
362 2496 524 2559 protestatus
538 2495 589 2544 est.
959 2494 1094 2568 (Philipp.
1112 2509 1143 2557 ιι,
1159 2491 1215 2563 ιι.)
1230 2492 1371 2548 tenebant
1385 2489 1517 2544 nimirum
1534 2489 1653 2560 proprio
1664 2488 1748 2561 expui

145 2578 171 2630 8.
190 2576 249 2631 lam
271 2575 350 2631 etiam
371 2575 435 2647 quid
460 2576 493 2630 de
516 2591 565 2630 sua
585 2589 780 2650 consequenter
797 2581 904 2637 cbaris-
960 2588 1051 2640 mento
1063 2582 1144 2652 bujus
1158 2577 1745 2650 sententiaevariatarumtpctesmietspouf

109 2662 178 2721 tima
190 2669 365 2733 protestetur,
376 2663 475 2718 bouum
491 2672 564 2719 essct
577 2663 671 2720 audire
688 2682 695 2717 ι
711 2665 759 2721 sed
775 2669 841 2723 bora
851 2684 904 2723 nun
960 2672 1006 2745 qui
1021 2671 1133 2727 minime
1147 2685 1260 2740 prorsus
1283 2666 1464 2740 ambigerent,
1480 2675 1510 2722 et
1534 2666 1571 2722 ad
1585 2683 1653 2723 suas
1667 2670 1748 2722 anitmt

109 2752 219 2826 patitur.
239 2751 278 2807 Ex
303 2750 406 2822 llegula
428 2767 545 2822 namque
559 2761 651 2809 nostra
665 2754 730 2810 nibil
754 2758 832 2828 operi
855 2757 905 2815 Dei
960 2760 1098 2833 pertinere
1111 2757 1292 2831 quoddicitur
1307 2755 1747 2829 :Sicotliliumiaterspirtcstt't

109 2854 267 2913 praeponere
287 2838 349 2895 lieet
370 2839 662 2913 (laressemensi,
685 2859 745 2913 cap.
768 2847 822 2917 13).
844 2846 906 2915 Quo
960 2846 1309 2916 omicamcot'aterfilics.
1322 2844 1443 2916 Denique
1470 2859 1547 2899 unus
1573 2846 1747 2904 eorumrdsr·

110 2927 219 2999 quidem
234 2928 342 2984 nomine
353 2927 462 2986 laudum
478 2930 619 2999 solemnia,
631 2947 691 3002 quta
705 2933 764 2990 Deo
779 2933 807 2989 iu
821 2940 945 3018 orato-0
961 2953 1137 3002 serrassent,
1159 2938 1206 3002 ait,
1227 2936 1393 2993 interamna
1402 2948 1478 2998 mro,
1492 2932 1749 3007 dumfipitwqiu

110 3016 151 3073 rio
176 3016 297 3088 quotidie
318 3018 522 3088 persolvuntur,
551 3019 628 3076 Pater
655 3021 818 3079 Benedictus
845 3023 907 3080 ideo
961 3020 1750 3099 (real.xxx1,t).Beueconfixus,quicsnversussxblt

111 3104 197 3162 voluit
210 3104 331 3174 apellari,
348 3116 378 3163 ut
400 3122 434 3161 ex
448 3107 500 3163 boc
512 3107 613 3163 clarius
631 3109 750 3179 aperiret
761 3128 842 3185 quam
855 3128 914 3170 uos
962 3127 1014 3172 est.
1024 3116 1098 3171 Dens
1117 3112 1257 3186 pungeris3
1269 3111 1294 3166 si
1308 3109 1518 3183 compungeris.
1536 3111 1620 3168 stulti
1635 3127 1695 3168 eum
1707 3125 1750 3167 arr

111 3195 188 3265 operi
218 3192 257 3247 illi
286 3195 363 3250 tellet
389 3211 448 3252 esse
470 3194 597 3252 intentes.
622 3197 700 3254 Unde
727 3214 775 3255 vos
799 3216 908 3269 moneo,
964 3203 1031 3260 tiunt
1046 3218 1164 3273 poenam,
1179 3200 1317 3275 corrigunt
1338 3199 1465 3270 eulpam;
1485 3208 1516 3257 ει
1539 3199 1751 3273 uttsdieereps

112 3281 289 3352 dilectissimi,
305 3297 373 3353 pure
395 3298 503 3355 semper
522 3299 554 3339 sc
573 3293 682 3342 strenue
706 3286 804 3343 divinis
823 3289 911 3346 iuter·
965 3291 1446 3359 test:donuersossuminoeromac
1454 3288 1752 3362 moderarum

112 3382 172 3422 essa
194 3368 328 3424 laudibus.
345 3370 459 3425 Strenue
472 3370 592 3441 quidem,
610 3380 640 3427 ut
660 3373 729 3429 sicot
748 3387 910 3447 reverenter,
965 3382 1059 3455 spirtu.
1079 3380 1161 3450 Spina
1174 3379 1252 3450 culpa
1269 3377 1506 3449 est,spiuspoena
1522 3386 1576 3447 est,
1598 3377 1752 3453 spimiabtt

113 3454 151 3517 ita
171 3462 198 3510 ει
221 3455 346 3512 alacriter
367 3458 483 3514 Domino
509 3461 661 3518 assistatis:
683 3477 737 3518 nou
763 3464 842 3537 pigri,
858 3483 912 3523 uon
967 3468 1060 3535 irater,
1076 3468 1153 3538 spina
1172 3467 1276 3524 vicinus
1290 3473 1330 3522 est
1345 3465 1441 3522 malus.

118 3544 293 3615 somnolenti,
308 3561 361 3602 nou
385 3545 541 3613 oscitantes,
567 3563 619 3604 non
637 3558 775 3621 parcentes
787 3554 911 3625 vocibus,
1003 3562 1030 3614 ι.
1048 3559 1126 3616 Sicut
1140 3557 1237 3614 liliam
1251 3557 1436 3630 interspistcs
1450 3555 1494 3612 rie
1510 3556 1616 3613 amica
1627 3557 1754 3615 meriste

113 3647 167 3687 uon
183 3632 359 3704 precidentes
375 3635 457 3692 verba
481 3635 603 3703 dimidia,
619 3653 673 3693 non
696 3640 802 3712 integra
821 3651 911 3700 traua-
966 3648 1053 3718 filias.
1068 3645 1092 3702 0
1116 3647 1235 3702 candens
1253 3645 1337 3700 lilium
1355 3643 1362 3698 l
1383 3651 1493 3702 oteuer
1509 3652 1538 3702 ει
1553 3644 1677 3703 delicate
1698 3640 1753 3701 dot!

111 3720 229 3792 ilienses,
254 3737 308 3778 uon
333 3721 424 3778 tractis
445 3731 474 3780 et
497 3725 618 3782 remissis
638 3727 752 3784 vocibus
782 3731 913 3790 muliebre
967 3735 1133 3791 increduliet
1148 3735 1324 3791 subversores
1339 3741 1403 3789 sunt
1417 3740 1511 3791 lecum
1532 3734 1630 3792 :ride
1643 3732 1755 3808 quomodo

117 3807 246 3878 quiddam
261 3811 341 3866 balba
359 3811 394 3867 de
417 3828 482 3869 nare
496 3823 641 3887 sonantes,
658 3817 706 3872 sed
724 3816 805 3889 virili,
825 3829 855 3875 ut
868 3820 913 3875 di·
967 3832 1045 3880 erute
1058 3824 1179 3879 ambules
1192 3822 1261 3880 iuter
1274 3822 1376 3895 spinas.
1394 3822 1495 3879 Plenus
1520 3831 1567 3879 est
1583 3819 1757 3894 mundatas·

114 3910 198 3965 gnum
212 3902 262 3965 est,
278 3907 305 3953 et
318 3898 419 3967 sonitu,
436 3909 462 3955 et
475 3901 574 3960 alieotu
595 3920 680 3960 voces
698 3909 782 3962 sancti
797 3908 915 3980 Spiritus
968 3912 1248 3979 uisriuterrasnnt,
1265 3911 1453 3978 inacresunt,
1483 3910 1620 3969 incarne
1642 3916 1757 3969 turma

115 3982 314 4054 depromentes.
340 3985 409 4043 Pure
423 4003 501 4055 vero,
518 4001 546 4047 ut
560 3991 597 4045 uil
611 3992 682 4048 aliud
707 3994 770 4050 dum
789 3997 912 4068 psallitis,
969 4001 1075 4058 Versari
1088 4001 1116 4056 in
1131 4000 1172 4056 bis
1187 4009 1213 4057 ει
1228 4000 1338 4056 minime
1352 3998 1422 4069 laedi,
1448 3998 1557 4056 divinos
1571 4001 1704 4072 potentia
1720 4006 1758 4065 ea.

117 4087 198 4144 quam
211 4073 283 4145 quod
297 4074 411 4145 psallitis
424 4077 560 4150 cogitetis.
582 4080 639 4136 Nec
653 4082 725 4138 solas
749 4083 810 4141 dico
826 4086 913 4141 vitan-
967 4106 1021 4147 non
1030 4090 1137 4147 virtutis
1149 4097 1212 4145 tuae.
1230 4089 1283 4145 Sed
1298 4088 1440 4159 confidite,
1454 4087 1561 4160 inquit,
1578 4093 1651 4164 grtia
1664 4107 1711 4164 epo
1720 4090 1759 4147 siti

115 4161 451 4237 dascogitalionesvanas
473 4172 500 4220 et
520 4167 645 4225 otiosas:
664 4171 779 4228 vitandae
801 4185 864 4229 suut
886 4185 913 4232 et
966 4178 1109 4235 mendum
1135 4175 1435 4250 (inanescentem
1463 4176 1554 4250 igitur
1586 4179 1711 4253 nod'mm
1726 4176 1760 4235 ti*

115 4252 182 4317 illae,
196 4250 242 4308 illa
265 4252 393 4310 duntaxat
415 4254 491 4321 bora,
507 4265 534 4312 et
557 4257 607 4313 illo
622 4257 693 4326 loco,
710 4277 776 4332 quas
790 4261 918 4320 officiales
933 4272 956 4350 ῃ
972 4267 1075 4324 intendi
1089 4267 1240 4339 prospicias
1262 4265 1473 4334 tribulationum,
1498 4272 1643 4340 tanquam
1663 4265 1760 4326 tribair

117 4334 214 4397 iratres
227 4341 302 4413 (208)
319 4356 368 4411 pro
386 4345 525 4400 communi
544 4346 715 4418 necessitate,
732 4351 809 4421 quasi
825 4368 917 4410 neces
972 4371 1043 4425 rum,
1058 4355 1181 4422 aculeos;
1196 4370 1251 4411 non
1266 4355 1387 4411 turbetur
1400 4370 1448 4412 cor
1474 4365 1556 4411 tuum
1581 4354 1761 4433 nequiori

116 4433 196 4494 sario,
222 4428 382 4501 frequenter
398 4431 540 4491 admittere
561 4433 771 4506 compelluntur.
796 4439 860 4507 Sed,
876 4458 911 4498 ne
964 4445 1117 4508 del‚seiens
1130 4447 1196 4515 qaia
1212 4445 1359 4502 tribulatio
1374 4447 1513 4518 operator
1527 4448 1716 4517 patiarne·
1726 4462 1760 4518 pr

115 4517 159 4574 illa
172 4519 282 4590 quidem
297 4519 418 4590 prolecto
432 4523 553 4597 recipere
568 4531 631 4580 tunc
644 4528 832 4598 consuluerim,
849 4547 910 4603 qua
965 4534 1069 4591 lieatr'c
1080 4533 1276 4607 probationem
1287 4535 1413 4607 probatio
1426 4549 1599 4609 spsrs,rpcs
1609 4542 1711 4597 natm
1722 4550 1760 4595 aa

115 4607 185 4663 forte
198 4607 281 4681 paulo
295 4617 366 4675 ante,
386 4614 412 4666 ln
432 4613 549 4669 claustro
569 4615 703 4684 sedentes,
725 4616 752 4673 iu
772 4619 910 4678 codicibus
963 4623 1116 4694 confundit
1129 4622 1259 4694 (Rome,
1275 4623 1350 4693 ³·b):
1366 4620 1518 4679 Considera
1541 4624 1609 4683 lilia
1621 4626 1760 4700 agri,qar

114 4695 251 4768 legeretis,
268 4698 359 4771 qualia
374 4710 400 4756 et
416 4718 486 4758 nuuc
501 4719 545 4759 rne
559 4704 618 4761 vivn
630 4722 696 4764 voce
709 4708 859 4768 disserente
877 4728 909 4767 er
962 4713 1043 4768 modo
1059 4711 1129 4769 inter
1143 4711 1235 4784 spinas
1258 4711 1350 4784 vigent
1365 4718 1392 4766 et
1406 4709 1505 4769 nitent.
1541 4712 1576 4771 Si
1600 4714 1698 4774 tenum
1708 4709 1774 4789 qrsl'

114 4786 167 4841 boc
193 4787 326 4843 auditorio
353 4788 469 4861 Spiritus
495 4793 580 4850 sancti
612 4796 728 4852 recentia
754 4800 908 4870 reportatis.
962 4800 1042 4858 hodie
1060 4809 1101 4857 cst
1131 4809 1159 4858 ει
1174 4815 1234 4858 cras
1256 4800 1284 4857 iu
1308 4799 1445 4856 &benum
1480 4799 1624 4876 mittitur,
1656 4801 1760 4863 Densi

116 4873 239 4930 salubria
253 4883 326 4942 sunt,
341 4881 388 4934 sed
408 4878 520 4936 minime
535 4881 583 4937 illa
596 4883 740 4942 salubriter
752 4885 822 4943 inter
836 4889 909 4958 psal·
961 4891 1079 4947 custodit
1097 4889 1211 4964 (licitis.
1226 4907 1261 4957 vr,
1278 4890 1391 4959 ιιι-30),
1405 4898 1510 4962 quanto
1542 4894 1643 4968 magis
1668 4895 1759 4953 amin

115 4961 223 5017 lendum
247 4965 394 5022 revolvitis.
413 4969 530 5038 Spiritus
545 4970 618 5026 enim
642 4982 751 5031 sauctus
774 4974 819 5030 illa
840 4978 908 5034 bora
961 4990 1126 5051 etsponsam
1140 4994 1217 5037 surm
1246 4978 1452 5036 clarisssimom
1467 4983 1483 5037 ‘l
1496 4978 1637 5058 Denique
1665 4980 1759 5042 costra

112 5059 221 5123 gratum
248 5068 303 5109 non
331 5056 444 5129 recipit,
469 5057 600 5132 quidquid
624 5060 697 5117 aliud
721 5079 802 5137 quam
824 5066 908 5124 debes
960 5067 1093 5126 Dominus
1115 5083 1210 5126 omues
1237 5068 1382 5144 diligentes
1410 5082 1439 5123 se
1475 5069 1577 5141 (Psoi.
1599 5088 1695 5141 atur,
1711 5072 1754 5141 Ι).

113 5140 238 5213 neglecto
258 5156 290 5197 eo
315 5144 387 5215 quod
410 5146 506 5213 debes,
531 5149 670 5206 obtuleris.
696 5154 780 5225 Cujus
801 5170 907 5226 semper
961 5158 1038 5215 Sicut
1050 5159 1145 5216 liliam
1157 5157 1506 5230 intermittendam
1520 5163 1756 5234 mirumst

113 5225 202 5285 iacere
220 5229 385 5290 volontatem
405 5235 439 5291 ad
459 5236 518 5306 ejus
540 5238 708 5297 voluntatem
734 5241 795 5313 ipso
823 5243 908 5315 iuspi·
959 5245 1019 5303 Non
1037 5246 1182 5305 mediocris
1198 5247 1292 5305 titulus
1312 5246 1431 5318 proiecto
1445 5245 1565 5309 virtutis
1582 5251 1662 5313 irater
1681 5260 1758 5328 prat!

127 5472 132 5483 Ι
147 5405 226 5476 (ιιι)
239 5405 385 5490 officiales,
405 5413 452 5480 qui
478 5413 658 5474 exterioribus
679 5417 777 5478 ciliciis
796 5420 917 5494 deputati
925 5431 999 5494 sunt,
1013 5424 1184 5500 distinguite
1197 5423 1389 5485 annualibus
1403 5423 1432 5481 iu
1447 5439 1591 5501 samone
1603 5433 1624 5489 ι
1637 5408 1755 5499 delita·

108 5482 160 5537 ιιι,
175 5490 251 5570 uum.
265 5478 301 5543 ir
320 5487 347 5536 rt
359 5479 438 5548 tuira,
453 5497 581 5544 sermone
594 5491 640 5555 ot,
655 5504 682 5545 u.
698 5494 742 5551 tl.
