3734 5948
104 219 141 280 59
582 222 791 286 nutantum
808 223 949 286 menits
966 224 1276 287 cmumvnttultsn
1578 254 1582 264 ·
1722 230 1759 290 60

104 353 205 418 qnantn
218 353 298 418 putas
311 350 488 405 ueneratione
502 349 585 423 digna
607 357 659 416 est,
675 350 702 404 in
724 364 776 421 qua
791 348 900 405 humili·
916 364 940 442 Ι
956 352 1068 421 cnqelos
1082 368 1147 408 suos
1159 352 1279 424 spiritus
1295 355 1383 420 (Psoi.
1395 370 1455 425 cur,
1468 357 1504 424 l).
1516 357 1600 412 liaris
1615 371 1681 411 vero
1695 371 1756 411 rna-

105 441 188 490 tatem
202 435 303 491 exaltat
318 435 479 505 fecunditas,
495 445 523 495 et
536 446 630 509 partus
652 446 793 495 consecret
817 437 899 512 virgi·
956 444 1025 493 trern
1047 455 1077 494 se
1100 453 1262 510 agnoscens,
1279 443 1449 511 majestatem
1473 441 1556 509 illem,
1573 443 1617 499 cui
1640 443 1679 498 illi
1695 461 1757 500 cnm

105 523 242 580 nitatem?
262 523 347 581 Audis
370 524 516 597 virginem,
537 526 615 582 audis
639 526 767 582 humilem
783 544 789 581 :
807 525 830 582 si
845 542 899 583 non
957 525 1109 582 reverentia
1137 527 1269 593 serviunt,
1297 544 1358 584 cum
1382 528 1481 586 fiduda
1504 545 1582 587 suum
1616 539 1756 604 nuncupat

105 619 183 683 potes
194 612 378 685 virginitatem
392 614 508 684 humilis,
525 614 631 672 imitare
646 613 825 671 humilitatem
840 616 897 671 vir·
955 611 1047 668 filium.
1063 613 1119 670 Nec
1143 615 1306 688 dedignatur
1329 618 1480 690 nuncupari
1501 621 1574 675 Deus
1594 620 1668 691 quod
1693 636 1755 676 esse

104 700 184 771 ginis.
200 700 354 758 laudabilis
366 703 450 760 virtus
464 703 615 776 virginitas,
631 703 680 759 sed
695 703 782 778 magis
799 718 901 760 necess
955 701 1146 774 dignatusest.
1163 706 1232 760 Nam
1248 705 1404 777 paulopost
1418 706 1706 780 subditovnngelista:
1720 711 1757 764 lit

104 789 174 843 saria
195 789 342 847 humilitas.
357 790 405 848 llla
427 793 588 858 consulitur,
604 791 655 847 ista
676 791 843 864 praecipitur.
858 793 900 848 nd
955 796 1028 857 crat,
1041 790 1178 863 iuquiens,
1189 793 1318 850 subditur
1332 795 1393 851 illis
1406 794 1484 866 (luc.
1497 811 1528 861 u,
1542 794 1602 866 tr).
1613 794 1755 871 Quisqui-

103 875 175 932 illam
196 877 328 947 invitaris,
350 882 385 935 ad
409 880 488 936 istam
511 880 629 954 cogeris.
646 881 685 936 lie
709 880 755 936 illa
774 881 898 937 dicitur:
955 879 1031 934 busf
1045 878 1119 935 Deus
1129 880 1294 945 hominibus,
1307 883 1389 948 Deus,
1401 882 1523 954 inquam,
1533 883 1576 939 cui
1587 883 1680 955 angeli
1690 884 1758 939 snb-

108 967 160 1035 Qut
171 971 265 1039 polest
279 985 386 1042 capere,
407 969 705 1042 copiot(llcttlt.x1x,
723 970 783 1040 l2);
799 971 834 1026 de
849 970 901 1026 ista
954 966 1004 1020 diti
1028 975 1102 1040 snut,
1117 970 1161 1025 cni
1186 969 1355 1040 principatus
1378 977 1406 1026 et
1434 976 1585 1041 potestates
1612 971 1755 1041 obediunt,

103 1054 217 1113 dicitur:
232 1059 362 1131 Nisiquis
377 1058 754 1130 efficiatursiectpcruulur
767 1060 900 1124 tatemere
955 1054 1081 1111 subditus
1094 1063 1154 1112 erat
1168 1058 1267 1122 Manae,
1289 1072 1341 1114 nec
1359 1065 1461 1113 mutum
1486 1059 1585 1121 Mariae.
1599 1059 1649 1114 sed
1673 1060 1755 1116 etiam

104 1145 224 1200 introiti
238 1148 269 1200 in
283 1162 402 1218 reqncm
419 1143 502 1203 185
511 1147 647 1204 coelorcm
661 1147 898 1218 (helinannus).
955 1145 1057 1215 ioseph
1071 1152 1186 1216 propter
1200 1146 1320 1201 llsrinm.
1344 1147 1442 1203 llirare
1458 1163 1525 1219 ergo
1546 1148 1714 1215 utmmlihet,
1730 1157 1758 1205 et

104 1231 151 1286 llls
164 1247 231 1307 ergo
255 1243 453 1302 remuneratur,
469 1233 521 1290 ista
540 1235 667 1308 exigitur.
686 1237 766 1293 Potes
782 1236 901 1308 denique
957 1230 1027 1302 elige
1053 1232 1118 1304 quid
1143 1233 1257 1305 amplius
1285 1235 1400 1300 mireris.
1428 1234 1486 1291 Sive
1507 1234 1565 1293 Filii
1590 1235 1755 1310 benignissi-

102 1320 161 1376 sine
176 1320 330 1394 virginitate
346 1322 463 1391 salvari3
481 1323 541 1379 sinc
564 1323 715 1380 humilitate
734 1340 789 1381 unu
810 1333 899 1397 potes.
956 1337 1027 1375 mam
1042 1322 1240 1395 dignationem,
1254 1324 1312 1382 sire
1331 1324 1424 1381 llatris
1438 1324 1695 1382 excellentissimam
1709 1326 1755 1382 di-

103 1409 205 1475 Potest,
221 1407 342 1482 inquam,
359 1412 467 1483 placere
482 1410 628 1478 humilitas,
644 1429 705 1486 quae
719 1413 901 1485 virginitatem
957 1409 1100 1484 gnitatem.
1118 1411 1251 1485 Utrinque
1265 1423 1370 1484 stupor,
1386 1413 1515 1484 utrinque
1528 1413 1701 1473 miraculum.
1720 1417 1758 1471 lit

103 1497 228 1567 deplorat
255 1498 400 1568 amissam
425 1499 484 1555 sine
510 1498 662 1557 humilitate
681 1508 771 1558 autem
800 1502 900 1572 (audeo
955 1499 1029 1570 quod
1053 1500 1127 1556 Deus
1155 1500 1263 1558 feminae
1284 1503 1467 1573 obtemperet,
1492 1501 1629 1557 humilitas
1651 1503 1755 1575 absque

102 1583 205 1656 dioere)
217 1601 268 1643 nec
277 1587 420 1663 virginitas
429 1589 521 1645 llariae
535 1587 692 1660 placuisset.
705 1591 795 1663 Sapor
808 1607 899 1664 quern,
956 1587 1096 1658 exemplo;
1106 1596 1135 1645 et
1148 1587 1221 1661 qnod
1237 1589 1294 1646 Deo
1304 1589 1404 1645 femina
1419 1588 1596 1661 principetur,
1604 1588 1756 1645 sublimitas

101 1673 200 1746 inquit,
211 1677 492 1752 requiescetrplritttr
501 1679 901 1752 mecs,niriscperltumilem
917 1703 940 1787 Β
956 1675 1015 1732 sine
1030 1677 1113 1732 socio.
1131 1675 1160 1731 ln
1174 1677 1301 1734 laudibus
1324 1676 1459 1748 virgiuum
1483 1676 1659 1750 singulariter
1677 1678 1756 1735 cani-

104 1768 133 1820 ει
150 1762 296 1836 quietum?
314 1765 393 1837 (laci.
411 1780 487 1831 axvi,
499 1766 540 1837 i.)
557 1767 648 1839 Super
663 1767 810 1833 hominm,
822 1767 899 1834 dixit,
956 1769 1009 1828 tur,
1024 1764 1098 1833 quod
1114 1772 1265 1836 sequuntur
1278 1767 1387 1840 Agrium
1402 1779 1564 1839 quocunque
1580 1764 1642 1822 ierit
1660 1769 1755 1840 (Apac.

104 1866 167 1916 non,
190 1867 274 1924 snper
297 1853 442 1927 virginem.
466 1854 494 1912 Si
508 1854 590 1930 igitur
613 1855 696 1911 llaria
718 1855 827 1912 humilis
846 1871 900 1912 uon
956 1866 1016 1921 xrv,
1034 1853 1073 1924 t).
1089 1851 1193 1922 Quibus
1208 1868 1274 1927 ergo
1287 1853 1413 1909 laudibus
1433 1853 1540 1923 judicas
1559 1853 1680 1927 dignam,
1696 1871 1757 1927 quae

103 1946 187 2010 esset,
201 1956 358 2012 supeream
373 1942 490 2013 Spiritus
504 1950 615 1999 sauctus
630 1959 686 2001 non
700 1944 900 2016 requievisset3
957 1941 1038 1996 etiam
1052 1940 1153 2012 praeit?

102 2026 125 2082 si
139 2043 222 2100 snper
242 2043 302 2084 eam
326 2044 381 2085 non
400 2031 593 2103 requievisset,
610 2048 662 2089 uec
675 2031 897 2106 impraegnasset.
991 2034 1018 2084 8.
1043 2029 1133 2097 Disce,
1155 2030 1248 2097 homo,
1274 2030 1404 2101 obedire;
1434 2030 1520 2101 disce,
1546 2040 1631 2102 terra,
1655 2032 1756 2099 subdi;

102 2114 245 2185 Quomodo
259 2117 332 2173 enirn
346 2119 381 2174 de
396 2118 455 2189 ipso
471 2119 531 2177 sine
546 2121 605 2190 ipso
627 2119 808 2192 conciperet?
827 2122 902 2176 Patet
957 2118 1042 2185 disce,
1057 2117 1153 2190 pulvis,
1175 2119 1378 2191 obtemperare.
1394 2119 1433 2175 De
1457 2127 1567 2176 auctore
1582 2129 1627 2175 tuo
1642 2119 1757 2192 loquens

101 2203 204 2274 itaque,
224 2204 287 2276 quia
302 2213 331 2261 nt
346 2206 380 2262 de
398 2206 500 2278 Spiritu
523 2217 618 2264 sancto
640 2210 807 2280 conciperet,
833 2212 903 2266 sicut
957 2207 1134 2280 evangelista,
1151 2210 1187 2264 ut
1211 2212 1285 2273 erni,
1310 2207 1407 2280 inquit,
1431 2208 1560 2265 subditus
1581 2209 1661 2275 iilis‚·
1685 2206 1758 2263 haud

102 2292 903 2368 ipseperhihet,respexithumiliiotcmcncifloercoellens
958 2294 1080 2362 dubium,
1094 2295 1158 2366 quin
1175 2294 1264 2351 Mariae
1289 2305 1316 2352 el
1333 2293 1450 2369 ioseph·
1469 2296 1620 2362 Erubesce,
1635 2297 1754 2367 superba

102 2380 182 2451 (Lac.
192 2395 213 2448 r,
230 2383 286 2452 ta),
302 2381 488 2455 potiusquam
503 2383 698 2459 uirginitatem.
715 2387 786 2441 Etsi
803 2386 904 2458 placuit
957 2383 1043 2438 cinis!
1059 2385 1131 2440 Dens
1153 2401 1183 2441 se
1198 2384 1331 2455 humiliat,
1353 2393 1381 2441 ει
1401 2392 1429 2441 tu
1449 2391 1475 2441 te
1491 2385 1617 2441 exaltas?
1633 2385 1705 2439 Deus
1727 2400 1757 2439 sc

103 2484 136 2523 ex
162 2468 328 2542 virginitate,
345 2479 436 2527 tamen
451 2487 485 2528 ex
500 2473 649 2540 bumilitate
672 2473 808 2544 concepit.
826 2475 903 2532 Unde
958 2471 1110 2528 hominibus
1130 2472 1229 2538 subdit,
1246 2479 1274 2528 et
1293 2478 1321 2527 tu
1342 2471 1475 2529 dominari
1493 2472 1616 2544 gestiens
1637 2471 1756 2527 homini-

102 2563 217 2621 constat,
231 2559 296 2630 qnia
316 2558 397 2615 etiam
413 2566 443 2615 ut
456 2561 580 2632 placeret
595 2561 748 2633 virginitas,
767 2563 904 2619 humilitas
958 2560 1019 2629 bus,
1036 2566 1081 2616 tuo
1096 2567 1121 2615 te
1137 2559 1273 2632 praeponis
1287 2560 1412 2616 auctorif
1433 2559 1539 2616 Utinam
1553 2560 1618 2615 rnihi
1637 2561 1758 2632 aliquan-

104 2646 198 2716 procnl
217 2647 300 2703 dubio
316 2647 392 2704 fecit.
959 2648 1004 2711 do.
1034 2647 1088 2705 tale
1120 2648 1222 2720 aliquid
1250 2649 1390 2723 cogitanti,
1423 2650 1498 2706 Deus
1520 2649 1688 2721 respondere
1712 2650 1756 2702 di-

139 2738 166 2790 b.
180 2733 252 2804 Quid
276 2735 353 2803 dicis,
370 2735 446 2809 virgo
462 2738 607 2809 superlrel
621 2738 705 2794 ldaria
719 2739 854 2812 virginem
875 2756 905 2796 εε
959 2746 1070 2809 gnetur.
1083 2737 1156 2809 quod
1171 2744 1199 2792 et
1213 2752 1262 2792 suo
1276 2735 1443 2809 increpando
1457 2737 1597 2809 respondit
1610 2736 1733 2809 apostolo
1749 2755 1754 2791 :

103 2821 186 2878 oblita
199 2823 332 2898 gloriatur
346 2825 380 2880 de
395 2826 547 2882 humilitate
564 2844 570 2884 :
588 2833 616 2882 ct
635 2835 663 2882 tu
678 2827 844 2900 negligendo
855 2829 904 2883 liu·
966 2825 1209 2898 Vadc‚inquit,poal
1224 2842 1278 2893 me,
1295 2827 1413 2891 Solane,
1428 2828 1496 2899 quic
1512 2824 1596 2884 ⁷88
1608 2842 1666 2882 non
1682 2828 1758 2898 sapis

104 2910 255 2976 militatem,
278 2913 410 2969 blandiris
434 2915 481 2970 tibi
507 2915 542 2970 de
566 2915 746 2987 virginitate?
761 2919 906 2991 Respexit,
960 2929 994 2969 en
1008 2931 1070 2986 qttoe
1085 2915 1133 2968 liei
1146 2918 1216 2969 sunt
1231 2914 1340 2983 (haiti.
1351 2929 1412 2979 xvi,
1423 2916 1479 2984 ιι).
1490 2912 1604 2983 Quoties
1618 2913 1689 2968 enim
1706 2915 1758 2968 ho·

104 3000 142 3055 ait
159 2999 215 3070 illa,
232 3001 427 3060 humilitatem
446 3006 562 3062 cncilloe
573 3022 642 3061 ειιιε.
655 3004 724 3075 Quae
743 3005 811 3060 lllaf
825 3005 906 3080 Virgo
922 3021 944 3099 Β
960 3001 1078 3055 minibus
1091 3016 1211 3071 praeesse
1226 3003 1363 3067 desidero,
1379 3003 1462 3058 toties
1477 3001 1562 3057 Deum
1578 3015 1669 3056 meum
1685 3016 1761 3070 pne·

105 3087 197 3162 utique
220 3099 325 3158 εεεειε,
341 3093 418 3169 virgo
433 3093 535 3164 sobria,
556 3092 633 3164 virgo
649 3094 755 3150 devora.
776 3093 904 3166 Nunquid
958 3086 1149 3146 ireconteudo
1166 3097 1216 3146 :et
1233 3100 1297 3146 tunc
1318 3107 1383 3148 vere
1403 3106 1457 3146 non
1476 3089 1553 3161 sapio
1568 3105 1602 3145 ea
1624 3104 1684 3162 quae
1708 3089 1760 3144 Dei

104 3185 131 3234 tn
147 3177 247 3235 castior
263 3178 333 3235 illa?
350 3182 474 3254 uunquid
492 3183 641 3239 devotiori
654 3185 707 3238 Aut
722 3181 843 3254 nunquid
860 3189 906 3238 tua
959 3184 1030 3234 suut.
1047 3178 1087 3232 lle
1100 3177 1160 3249 ipso
1175 3195 1294 3251 namque
1306 3179 1409 3235 dictum
1424 3188 1467 3235 εει
1483 3197 1489 3236 :
1507 3178 1758 3236 eiectamenta

103 3265 172 3323 forte
187 3267 316 3339 pudicitia
329 3271 433 3341 gratior
446 3270 570 3326 castitate
587 3272 696 3337 llariae3
713 3281 741 3325 ut
757 3278 787 3324 tn
803 3270 906 3326 scilicet
958 3267 1027 3323 illis.
1043 3266 1072 3322 Si
1086 3267 1211 3331 hominis,
1228 3283 1245 3324 o
1261 3270 1351 3334 homo,
1366 3267 1465 3324 imitari
1489 3266 1646 3340 dedignaris
1661 3282 1757 3323 erem-

104 3355 163 3410 siue
176 3355 325 3413 hnmilitate
339 3357 619 3429 placeresufliclasex
635 3366 692 3422 tua,
703 3358 776 3431 qnod
793 3358 838 3412 illa
849 3374 904 3413 non
958 3353 1043 3425 plum,
1058 3362 1133 3411 certe
1148 3370 1202 3410 non
1217 3355 1269 3409 erit
1282 3354 1331 3411 tibi
1346 3355 1489 3427 indignum
1509 3353 1588 3427 sequi
1612 3357 1757 3409 Auctorem

105 3442 192 3514 potuit
210 3460 243 3499 ex
265 3445 338 3502 sual
361 3444 483 3518 lienique
502 3455 605 3518 quanto
620 3446 850 3504 honorabiliores
870 3462 904 3501 ει
959 3450 1043 3498 tunm.
1060 3442 1087 3498 Si
1114 3459 1169 3499 nou
1184 3450 1263 3515 potes
1276 3442 1390 3500 forsitan
1414 3444 1492 3515 sequi
1508 3459 1570 3499 eum
1594 3456 1758 3514 quocunque

104 3532 234 3605 singulari
249 3548 363 3591 munere
377 3535 554 3601 mstlmoniae,
571 3539 646 3592 tanto
665 3535 713 3591 tibi
728 3543 756 3590 tu
771 3536 903 3606 majorem
959 3531 1030 3598 ierit,
1045 3531 1160 3603 dignare
1174 3532 1216 3587 vcl
1237 3532 1315 3604 sequi
1330 3547 1385 3605 quo
1409 3531 1458 3587 tibi
1472 3530 1679 3588 condescendit.
1702 3531 1758 3585 lloc

104 3620 231 3690 iniuriam
246 3621 324 3692 facis,
339 3624 413 3697 quod
432 3624 493 3694 ejus
507 3625 535 3680 in
551 3631 578 3681 te
591 3624 721 3681 decorem
738 3623 826 3680 loedas
837 3641 903 3698 per·
958 3629 1011 3685 est,
1028 3620 1120 3676 sinon
1135 3629 1214 3691 potes
1228 3620 1371 3676 sublimem
1391 3620 1521 3676 incedere
1535 3619 1659 3676 sendum
1674 3619 1756 3691 virgi-
1772 3646 1775 3651 ·

104 3709 230 3767 mistione
254 3713 398 3784 superbire.
415 3712 540 3785 Alioquin
561 3713 673 3786 expedit
700 3713 748 3769 tihi
769 3712 904 3789 virginem
958 3707 1059 3775 nitatis,
1080 3723 1198 3782 sequere
1213 3710 1256 3765 vel
1270 3710 1357 3765 Deum
1381 3725 1432 3780 per
1445 3708 1609 3764 tutissimam
1621 3707 1694 3764 riam
1708 3709 1759 3761 hn-

106 3814 159 3854 non
174 3814 246 3866 esse,
260 3814 343 3871 quam
356 3802 391 3856 de
404 3800 560 3874 virginitate
575 3801 754 3858 insolescere.
765 3802 825 3858 Non
840 3815 904 3856 om·
957 3797 1078 3853 militatis
1095 3815 1101 3856 :
1122 3800 1230 3870 acujns
1244 3798 1407 3855 rectitudine
1422 3798 1503 3871 siqui
1523 3798 1606 3855 etiam
1620 3797 1656 3854 de
1674 3797 1759 3872 uirgi-

105 3888 178 3943 nium
192 3886 302 3960 quidem
317 3895 360 3945 est
382 3889 525 3964 virginitas
545 3907 551 3947 :
574 3890 658 3946 mnlto
682 3897 774 3946 tamen
793 3889 904 3960 paucio·
958 3885 1037 3942 nibus
1051 3886 1229 3953 deviaverint,
1244 3894 1273 3942 ut
1286 3903 1381 3942 rerum
1397 3886 1497 3953 fatear,
1509 3902 1561 3942 nec
1576 3885 1627 3958 ipsi
1637 3901 1758 3958 sequun-

106 3990 167 4030 rnm
181 3982 223 4032 est
245 3989 307 4031 cnm
327 3974 483 4049 virginitate
506 3976 654 4032 humilitas.
674 3976 702 4031 Si
725 3975 808 4047 igitur
823 3975 906 4049 virgi·
958 3976 1114 4049 turlgnnm
1130 3990 1293 4048 quoeunque
1301 3976 1372 4032 ierit.
1385 3975 1514 4048 Sequitur
1527 3974 1637 4044 quidem
1648 3976 1757 4048 hgnnm

105 4063 218 4121 nitatem
232 4063 260 4119 iu
274 4063 357 4120 llaria
371 4079 425 4121 non
439 4074 519 4136 potes
534 4063 586 4120 uisi
600 4064 701 4130 mirari,
718 4063 804 4120 stude·
815 4064 904 4119 humi·
957 4064 1147 4135 coinquinatus
1169 4064 1286 4129 humilis,
1310 4064 1433 4136 seqnitur
1456 4073 1483 4118 ot
1505 4063 1582 4135 virgo
1601 4061 1758 4134 superbus,

105 4152 207 4208 litatem
222 4152 335 4220 imitari,
348 4157 376 4210 et
400 4152 498 4209 suffieit
512 4153 570 4208 tibi.
593 4152 673 4224 Quod
689 4153 711 4208 si
728 4159 756 4209 et
773 4151 861 4228 virgo,
877 4161 905 4208 et
958 4153 1006 4205 sed
1021 4160 1119 4208 ιιειιιει
1143 4167 1307 4224 quocunque
1318 4152 1379 4207 ierit
1390 4170 1397 4210 :
1409 4151 1472 4225 qnia
1484 4167 1533 4206 nec
1548 4150 1593 4206 ille
1605 4149 1756 4205 escendere

106 4240 216 4298 homilis
227 4256 268 4310 es,
283 4240 406 4316 quisquis
420 4258 462 4310 es,
478 4257 592 4315 magnus
606 4258 645 4298 es.
958 4248 1048 4314 potest
1062 4242 1095 4296 ad
1111 4241 1268 4297 munditiam
1283 4241 1363 4313 agni,
1379 4241 1425 4313 qui
1439 4240 1498 4296 sinc
1513 4238 1618 4295 macula
1632 4246 1693 4306 est3
1706 4253 1758 4294 nec

139 4329 229 4385 'illst
242 4337 333 4386 tamen
348 4329 436 4401 majus
445 4329 546 4402 aliquid
557 4330 630 4402 quod
644 4329 751 4385 mireris
761 4330 788 4384 in
799 4329 901 4386 Maria:
919 4325 942 4403 Q
958 4332 982 4386 is
996 4331 1030 4387 ad
1043 4330 1168 4402 ejusdem
1183 4329 1418 4386 mansuetudinem
1428 4329 1604 4384 descendere
1618 4326 1757 4396 dignatur,

103 4416 205 4474 scilicet
220 4432 281 4474 cum
296 4416 452 4490 virginitate
474 4417 637 4475 fecunditas.
660 4419 683 4474 Α
703 4416 804 4474 saeculo
827 4416 902 4473 enim
956 4419 1021 4494 qnia
1036 4417 1138 4476 seilicet
1157 4433 1211 4475 non
1226 4433 1317 4475 eoram
1340 4418 1482 4477 tondente.
1506 4416 1554 4471 sed
1578 4429 1669 4471 coram
1683 4415 1758 4470 orci·

104 4521 159 4562 non
168 4512 211 4563 est
222 4505 353 4573 auditum,
365 4504 494 4579 utaliqna
504 4506 584 4562 simul
596 4516 683 4564 mater
693 4513 766 4563 esset
775 4511 805 4561 et
815 4505 901 4579 virgo.
957 4506 1050 4577 dente,
1067 4521 1097 4560 se
1111 4506 1256 4562 obmutuit.
1274 4508 1402 4560 Attamen
1416 4496 1594 4559 salubriorem
1610 4501 1693 4574 elegit
1707 4517 1755 4556 se-

105 4590 164 4647 0⁸i
179 4592 275 4663 (alim,
286 4591 360 4663 qnod
375 4591 585 4661 sii0i0¹¹i1¹⁸⁰⁸i
597 4587 836 4648 mnitftiiessdati
847 4604 903 4661 quo
956 4595 1058 4667 quendi
1074 4601 1179 4666 partem
1194 4593 1220 4648 in
1242 4592 1391 4648 humilitate
1406 4600 1544 4664 peccator,
1564 4605 1645 4662 quam
1660 4590 1687 4644 in
1702 4590 1757 4644 vir-

104 4688 131 4735 ιε
146 4687 191 4735 tua
206 4694 289 4752 super
303 4679 364 4751 ejus
382 4678 499 4734 mirabili
514 4678 675 4735 celsitudine
685 4678 772 4734 ducet
785 4676 902 4732 admira·
956 4683 1069 4758 grainan
1087 4683 1222 4754 supernus
1238 4700 1245 4736 :
1262 4696 1321 4736 enm
1343 4688 1371 4736 et
1393 4680 1463 4735 illins
1488 4678 1685 4733 immunditiam
1708 4693 1758 4733 sua

104 4768 160 4824 tiol
169 4767 308 4824 Nomead
319 4769 419 4834 hoe,nt
429 4774 455 4823 te
466 4766 562 4823 videm
571 4782 623 4822 nec
632 4774 786 4837 satrsposss
796 4764 904 4820 mirari?
958 4770 1065 4827 humilis
1079 4769 1225 4825 satisfactio
1240 4776 1349 4841 porget.
1361 4775 1389 4824 et
1399 4770 1481 4839 hujus
1489 4766 1646 4839 pudicitiam
1656 4781 1756 4838 snper-

105 4859 200 4912 Nonnc
224 4863 281 4922 nro,
303 4855 359 4913 imo
384 4855 511 4913 Veritatis
535 4854 647 4927 iudicio,
669 4853 715 4909 ills
732 4869 795 4926 qnae
816 4853 902 4909 θειιιι
957 4860 1000 4914 hia
1016 4858 1150 4931 inquiner.

104 4945 299 5012 hinnientium,
312 4962 396 5018 snper
408 4960 505 5002 omncs
519 4944 601 5001 snam
621 4944 720 5000 moros
740 4941 903 4998 sudabitur
992 4945 1277 5011 nenorensem,
1301 4946 1344 5001 eur
1369 4961 1420 5002 nee
1434 4942 1570 4999 nunnitus
1594 4940 1690 5007 daran,
1707 4954 1758 4994 nec

105 5033 288 5110 angelorum?
304 5036 404 5089 hanon
429 5033 514 5089 Deum
529 5039 557 5089 ει
575 5029 720 5087 Βειιιίειιιιι
743 5029 901 5107 angelorum
956 5035 1106 5109 virginius.
1130 5036 1165 5090 ssr
1187 5033 1297 5105 quidem
1321 5032 1465 5106 singularis
1498 5029 1649 5105 virginitas,
1676 5044 1757 5101 quarn

105 5124 188 5179 uana
201 5139 279 5181 sunni
299 5122 428 5178 andacer
450 5120 570 5193 appellat
594 5120 688 5184 nuum,
701 5118 797 5175 diceas
813 5136 820 5174 τ
839 5121 902 5185 rttt,
957 5140 1012 5181 noa
1028 5123 1181 5191 temeravit,
1199 5124 1247 5178 seu
1268 5121 1411 5177 nononnt
1426 5118 1579 5175 fecundus
1594 5137 1601 5175 :
1619 5127 1646 5173 er
1660 5116 1757 5172 uinito-

106 5213 172 5287 quld
185 5213 279 5284 [selah
293 5211 370 5268 nolit
385 5211 444 5266 tic?
454 5209 531 5281 (loc.
544 5225 573 5276 u,
587 5209 719 5280 taionis
735 5210 787 5266 hoc
805 5208 904 5263 audeat
956 5213 1046 5268 nrinus
1067 5211 1192 5282 specialis
1214 5209 1362 5274 humilitas,
1384 5222 1466 5279 quam
1488 5222 1542 5261 non
1568 5206 1687 5269 abstulit,
1704 5203 1755 5258 sed

106 5299 287 5374 angelornm?
303 5297 408 5356 Sufficit
421 5299 472 5364 eis,
488 5305 517 5356 ει
529 5313 579 5370 pro
593 5291 694 5375 inagnc
708 5299 815 5363 habent,
831 5297 903 5367 qnod
958 5301 1052 5357 extulit
1076 5300 1193 5366 fecunda
1213 5299 1351 5372 virginitas
1368 5317 1373 5355 :
1391 5305 1419 5353 et
1438 5298 1657 5368 incomparabilis
1682 5311 1759 5366 pror-

107 5405 167 5446 cnm
183 5390 235 5445 sim
251 5387 360 5460 spiritus
375 5402 408 5442 ex
423 5386 590 5454 conditione,
605 5403 639 5442 ex
663 5388 827 5460 gratiolaco
842 5393 905 5440 sunt
958 5405 1005 5445 sus
1026 5389 1189 5452 feetrnditae,
1205 5403 1285 5460 quam
1309 5387 1450 5459 virginitas
1472 5385 1550 5440 simul
1572 5386 1716 5440 comitatur
1731 5392 1759 5438 et

109 5488 137 5535 et
150 5477 238 5535 vocad
252 5476 354 5548 angeli,
370 5485 488 5532 uetante
502 5475 587 5530 David
604 5493 611 5532 ;
629 5478 685 5544 Qut
706 5476 789 5545 tecit,
804 5474 903 5547 iuquit,
959 5478 1106 5536 frumilims.
1122 5477 1191 5547 Quid
1216 5478 1313 5536 horam
1327 5490 1383 5535 non
1399 5473 1523 5534 unauna
1540 5473 1604 5544 tw?
1617 5474 1683 5546 quid
1703 5487 1758 5528 noa
