3734 5948
101 215 155 275 {93
636 219 673 276 IN
687 218 863 289 esbnsotu
881 217 1033 277 bremt
1048 214 1166 294 SERHO
1184 214 1231 274 1t.
1284 207 1289 215 ’
1708 228 1761 282 tet

101 347 209 410 εειιειο,
223 341 272 398 scd
284 347 375 398 nmen
388 349 521 414 parentas
535 343 632 410 adhue,
644 351 672 401 et
687 351 816 401 caventes
829 358 846 400 a
859 358 907 400 re·
921 356 944 436 fl
960 339 1012 399 boc
1040 339 1146 409 timeas,
1175 342 1218 399 cai
1247 340 1324 399 sortis
1351 343 1428 402 cibus
1453 345 1549 415 datnr,
1579 362 1614 410 ne
1641 347 1762 406 delicere

55 450 57 477 ι
102 429 205 487 mdiso.
960 432 1048 504 possis
1070 433 1099 488 in
1123 433 1189 492 viai
1205 432 1271 488 Eliae
1286 433 1379 506 utique
1393 436 1469 492 cibus
1482 435 1579 494 allatus
1592 446 1636 496 est
1649 440 1684 495 ab
1709 455 1761 497 an-

139 523 168 574 5.
184 519 256 589 Quid
271 520 344 576 enim
363 519 441 577 vobis
460 520 531 578 ultra
549 523 703 593 pavendum
731 521 798 578 esti
817 522 906 578 Unum
959 521 1032 593 gelo,
1050 538 1104 595 quo
1128 522 1218 578 nullus
1231 521 1259 578 in
1274 523 1391 579 bumana
1415 527 1611 584 consuetudine
1625 527 1704 586 vilior
1716 529 1761 584 in·

102 608 211 680 ntique,
225 608 310 680 idque
323 609 524 682 gravissimum,
549 619 691 682 peccatum
703 610 789 678 Judae,
806 626 905 681 peeca-
959 611 1077 681 venitur,
1092 611 1195 669 scilicet
1210 613 1288 682 panis
1302 619 1330 668 et
1353 629 1442 686 aqna:
1467 621 1542 671 tanta
1557 624 1648 673 tamen
1671 617 1700 672 in
1727 633 1762 676 eo

105 706 163 753 tum
183 699 338 770 apostasia.
362 698 436 756 Bene
462 700 535 756 enim
564 700 664 757 lactum
691 707 743 767 est,
758 710 789 756 ut
802 711 907 771 pennas
961 698 1091 756 fortitudo
1106 699 1202 756 collata
1227 709 1279 767 est,
1308 708 1338 756 ut
1370 705 1550 777 quadraginta
1578 706 1675 763 diebus
1701 723 1761 762 am·

106 787 270 859 acciperetis
280 787 350 844 sieut
359 789 502 855 columbe,
514 796 542 845 et
552 790 679 848 volaretis
688 792 722 847 ad
733 791 907 864 requiescen·
960 788 1057 844 bulans
1071 805 1126 846 non
1142 789 1302 863 fatigaretur
1316 806 1368 847 nec
1389 794 1506 851 esuriret
1533 795 1580 866 (ΙΙΙ
1604 799 1668 867 Req.
1697 810 1760 865 xrx,

105 874 183 931 dum.
206 876 276 932 Nam
290 876 318 932 in
334 884 406 934 terra
419 893 475 934 non
494 885 554 935 erat
572 880 690 951 requies,
707 879 757 936 sed
771 879 858 947 labor,
879 884 907 934 et
960 880 1035 946 5-8).
1052 879 1098 934 Vis
1113 879 1161 934 tibi
1176 879 1246 935 bunc
1275 879 1365 936 cibum
1388 881 1423 937 ab
1452 883 1564 957 Angelis
1591 884 1762 942 ministrari?

104 962 194 1032 dolor,
211 972 239 1021 ει
252 966 363 1022 afflictio
386 965 508 1036 spiritus.
528 966 599 1036 Quid
613 982 680 1037 crgo
695 967 845 1023 timendum
864 975 907 1023 εει
959 967 1056 1022 llirum
1074 966 1164 1034 valde,
1181 967 1204 1023 si
1218 982 1274 1023 non
1289 968 1339 1026 vis.

101 1053 141 1110 sic
154 1054 274 1122 volanti,
296 1055 350 1110 nisi
363 1071 399 1112 ne
412 1055 484 1112 lorte
497 1056 616 1114 cadaver
633 1056 676 1113 vel
701 1056 790 1113 simile
805 1055 906 1129 aliquid
996 1059 1023 1110 b.
1040 1055 1157 1125 Quodsi
1183 1056 1272 1112 cibem
1302 1057 1373 1112 bunc
1401 1057 1554 1128 desideras,
1582 1068 1612 1117 et
1638 1061 1762 1134 angelica

104 1143 133 1198 in
148 1150 224 1199 terra
250 1143 352 1217 rideat,
376 1145 455 1214 cujus
470 1145 605 1202 desiderio
634 1152 736 1202 tractus
751 1145 906 1202 videatura
960 1142 1111 1200 ministeria
1125 1160 1180 1200 non
1195 1144 1324 1216 superba,
1340 1145 1390 1202 sed
1404 1145 1497 1201 humili
1512 1148 1600 1222 magis
1612 1150 1761 1208 ambitione

105 1234 285 1291 senatoribus
297 1233 351 1290 illis
369 1233 504 1305 pessimis,
522 1243 550 1290 ει
563 1235 723 1308 praeparatis
740 1235 846 1308 laqueis
857 1252 906 1292 ca-
960 1231 1095 1304 requiris;
1110 1233 1173 1289 audi
1189 1233 1327 1306 quomodo
1354 1233 1487 1305 scriptum
1515 1235 1551 1293 sit
1573 1237 1609 1292 de
1632 1237 1761 1305 Domino,

101 1323 205 1395 piatur,
222 1322 316 1379 etsint
334 1323 482 1381 novissima
497 1323 614 1379 bominis
637 1323 708 1380 ilbus
722 1326 817 1396 pejora
831 1326 906 1398 prio·
960 1322 1025 1393 quia
1041 1328 1166 1379 tentante
1181 1322 1300 1390 diabolo,
1315 1331 1344 1380 et
1358 1322 1491 1380 suadente
1517 1333 1549 1381 ut
1576 1326 1611 1381 de
1624 1325 1761 1399 lapidibus

103 1410 206 1469 ribus?
220 1412 288 1483 Hoc,
305 1411 426 1485 inquam,
442 1413 553 1469 omnino
568 1412 717 1470 timendum
731 1422 785 1480 est,
796 1429 830 1469 ne
845 1415 907 1486 quis
959 1408 1161 1468 laceratam
1178 1428 1289 1482 panem,
1304 1412 1415 1481 restitit,
1430 1419 1458 1468 et
1472 1413 1554 1470 unte:
1578 1417 1638 1472 Noa
1660 1419 1690 1473 ιἰι
1702 1417 1761 1474 solo

100 1507 148 1556 ant
162 1502 247 1558 corde
271 1501 340 1573 solo,
357 1508 404 1557 aut
418 1502 501 1559 etiam
529 1518 646 1575 corpore
664 1504 700 1559 ad
714 1505 843 1560 vomitum
857 1521 904 1561 re·
957 1516 1032 1573 pone
1044 1503 1115 1559 vibit
1125 1502 1217 1567 bomo,
1232 1502 1280 1558 scd
1289 1504 1321 1558 io
1331 1505 1410 1560 omni
1418 1503 1499 1561 verbo
1513 1505 1585 1575 qood
1594 1505 1720 1577 procedit
1729 1505 1762 1564 da

100 1598 232 1646 rertatnr.
260 1590 388 1664 Legimus
415 1591 490 1646 enim
504 1593 538 1648 de
556 1591 617 1648 filiis
631 1592 799 1665 lsrael,qnia
821 1593 905 1649 corde
958 1603 1007 1646 ore
1022 1590 1081 1647 bet.
1097 1589 1203 1646 Deinde
1218 1591 1414 1648 tentationibus
1442 1594 1588 1663 superatis,
1617 1602 1646 1651 ει
1675 1601 1763 1651 tenta-

101 1679 246 1736 rediernnt
259 1680 288 1734 in
302 1681 448 1751 AEgyptum
464 1679 561 1754 (Nam.
574 1697 634 1747 ιιι,
651 1682 690 1754 3).
706 1683 775 1738 Nam
788 1696 905 1753 corpore
920 1664 943 1742 Β
959 1684 1018 1733 tore
1028 1676 1130 1751 fugato,
1147 1687 1323 1736 accesserunt
1343 1679 1445 1752 angeli,
1470 1687 1498 1736 et
1520 1680 1708 1738 ministrabant
1736 1679 1763 1738 ei

100 1768 215 1835 reuerti,
244 1767 366 1824 clausum
394 1777 454 1840 post
473 1785 568 1825 eornm
597 1768 666 1825 talos
692 1770 815 1826 Rubrum
828 1784 905 1825 mare
960 1765 1070 1835 (ldottb.
1087 1769 1221 1840 amb-tl).
1237 1770 1272 1824 Et
1288 1774 1316 1823 tu
1332 1783 1411 1841 ergo,
1426 1768 1449 1823 si
1463 1767 1503 1825 vis
1519 1769 1623 1826 habere
1637 1770 1761 1826 ministe-

99 1856 276 1930 prohibebat.
292 1856 350 1914 lloc
364 1865 407 1914 εει
422 1858 496 1931 quod
511 1859 690 1916 veliementer
708 1858 822 1932 singulis
840 1860 905 1930 qui·
960 1852 1031 1908 mum
1046 1853 1218 1926 angelorum,
1235 1854 1298 1927 luge
1313 1855 1514 1914 consolationes
1527 1857 1619 1914 saculi
1633 1866 1661 1914 et
1677 1865 1764 1916 tenta·

100 1944 209 2016 busque
236 1944 388 2001 finiendum
415 1955 465 2014 est,
492 1947 658 2017 nequando
694 1945 764 2003 lorte
791 1955 905 2004 eatenus
959 1940 1076 2002 tionibus
1092 1946 1189 2001 resiste
1204 1944 1314 2002 diaboli.
1326 1946 1433 2001 Renuat
1453 1946 1588 2003 consolari
1612 1947 1702 2004 anima
1715 1956 1763 2004 tna

100 2035 189 2089 Deum
218 2034 373 2101 offendant,
399 2043 428 2091 ut
450 2034 593 2091 manifeste
621 2035 784 2107 abjiciantur
798 2043 827 2093 et
841 2053 906 2094 evo·
959 2031 986 2086 in
1000 2032 1070 2104 aliis,
1086 2035 1109 2090 oi
1122 2034 1163 2093 vis
1178 2034 1205 2090 in
1229 2035 1281 2090 Dei
1295 2035 1427 2092 memoria
1441 2034 1582 2092 delectari.
1599 2037 1667 2094 Cum
1694 2053 1760 2093 esu·

100 2129 214 2179 mantnt
229 2125 264 2179 ab
274 2138 321 2181 eo:
336 2129 382 2179 aut
395 2122 418 2179 si
427 2123 517 2196 pudor
531 2131 614 2196 neget
627 2126 790 2197 apostasiam
805 2141 905 2198 corpo-
959 2121 1005 2188 ris,
1035 2139 1148 2180 currere
1172 2124 1271 2181 suadet
1298 2124 1332 2179 ad
1357 2140 1475 2196 panem:
1491 2134 1519 2180 at
1539 2131 1567 2181 tu
1588 2122 1679 2197 potius
1695 2125 1760 2182 nudi

105 2213 152 2278 ris,
169 2221 253 2284 tepor
269 2212 328 2285 ipse
347 2213 477 2285 paulatim
492 2213 599 2286 ingemt
623 2215 785 2285 apostasiam
799 2215 904 2282 eordis;
959 2210 1107 2279 dicentem,
1123 2214 1184 2270 Non
1202 2215 1233 2269 ib
1256 2215 1314 2270 ⁸0²0
1334 2229 1408 2285 bane
1422 2216 1490 2272 vivit
1513 2214 1603 2272 borno·
1620 2214 1673 2271 Cur
1687 2215 1761 2272 enim

101 2310 130 2357 ιιι
144 2300 277 2358 videlicet
296 2299 348 2357 sub
375 2300 469 2356 babitu
489 2301 630 2374 religionis
644 2317 691 2358 cor
707 2302 837 2359 seculare
852 2320 905 2375 ge·
960 2305 1034 2355 tanta
1052 2301 1182 2358 varietme
1196 2302 1368 2370 distraheris,
1398 2311 1427 2358 ut
1441 2303 1523 2360 modo
1551 2303 1653 2371 eibum,
1678 2306 1761 2361 modo

100 2398 171 2454 rant,
189 2397 219 2446 et
241 2388 374 2462 quidquid
406 2389 543 2446 saecularis
562 2391 768 2448 consolationis·
783 2391 905 2449 inveniro
960 2397 1063 2463 potum,
1080 2391 1160 2448 mobo
1179 2399 1285 2447 vestem
1304 2398 1351 2447 aut
1364 2391 1475 2460 leetnm,
1490 2391 1543 2448 nisi
1557 2409 1607 2465 pro
1624 2393 1682 2450 sola
1695 2407 1761 2451 cor-

102 2477 256 2551 potnerint‚
286 2477 495 2546 amplectantur.
524 2480 618 2550 Neque
646 2479 718 2535 enim
739 2496 833 2536 sumus
855 2496 906 2538 nos
962 2479 1038 2550 poris
1051 2479 1207 2536 necessaria
1220 2480 1417 2537 sustentatione
1432 2480 1567 2553 requiras,
1591 2481 1679 2555 quiin
1694 2497 1761 2550 uno,

102 2565 239 2639 spontale
259 2564 421 2636 sanctiores,
435 2565 482 2637 qui
496 2575 586 2623 tamen
610 2569 759 2625 verebatur
772 2584 808 2624 ne
823 2568 903 2639 lorte,
959 2567 988 2624 id
1004 2567 1085 2624 estin
1114 2569 1198 2626 verbo
1225 2568 1287 2637 liei,
1311 2575 1392 2642 potes
1415 2570 1473 2626 brec
1500 2570 1592 2627 omnia
1619 2568 1762 2628 invenire?

104 2672 167 2713 cnm
201 2653 262 2710 aliis
287 2654 471 2727 predicasset,
498 2654 557 2726 ipse
585 2658 721 2728 reprobus
751 2656 906 2715 efficeretur
960 2656 1058 2713 banna
1072 2657 1144 2714 enim
1163 2664 1215 2725 est,
1230 2673 1340 2717 omnem
1353 2674 1480 2731 saporem
1494 2660 1611 2731 babens,
1627 2659 1762 2718 stodoris

102 2747 123 2818 (l
139 2748 206 2805 Cor.
219 2759 262 2800 ιιι.
272 2744 331 2816 bl).
347 2744 402 2800 Sed
416 2743 445 2798 id
460 2744 563 2801 tamdiu
582 2745 733 2803 timendum
754 2756 797 2804 est
816 2747 907 2804 donee
959 2743 1186 2816 delectationem;
1203 2747 1313 2820 requies
1327 2757 1370 2804 est
1383 2763 1449 2807 tera
1463 2754 1492 2804 et
1500 2749 1618 2822 sincera,
1633 2749 1723 2808 meris
1733 2757 1763 2806 et

100 2835 217 2906 laqueus
230 2834 363 2889 contritus
378 2832 422 2903 sit,
439 2832 528 2890 donec
545 2849 645 2906 corpus
658 2834 728 2890 istud
743 2835 833 2891 anima
853 2837 905 2894 de·
960 2833 1076 2890 salubris
1088 2834 1208 2904 jucunda
1217 2842 1245 2892 et
1259 2843 1364 2892 sanem.

101 2922 235 2994 posuerit.
253 2922 321 2978 Nam
341 2931 369 2977 et
382 2921 471 2992 ipsum
484 2937 585 2993 eorpus
598 2921 712 2995 laquens
725 2923 834 2996 quidam
844 2934 903 2981 est:
996 2928 1022 2981 3.
1038 2924 1103 2980 llaec
1116 2933 1159 2981 εει
1173 2924 1315 2995 promissio
1329 2924 1391 2983 vitae
1413 2926 1568 2997 presentis.
1595 2927 1665 2984 Nam
1694 2942 1761 3000 pro·

102 3012 177 3068 unde
193 3018 221 3069 et
235 3010 329 3067 oculus
338 3010 438 3082 legitur
447 3010 564 3068 animam
578 3011 857 3086 depraedariffbren·
873 3030 906 3071 ιιι
921 2971 945 3052 Β
960 3012 1117 3069 missionem
1145 3011 1243 3068 lutura
1276 3012 1337 3087 quis
1365 3013 1504 3085 explicet?
1535 3015 1564 3071 Si
1591 3017 1762 3087 exspectatio

101 3104 159 3170 et).
176 3100 288 3158 llinime
302 3114 369 3174 crgo
384 3100 465 3158 decet
479 3116 541 3159 esse
555 3117 680 3159 securum
696 3102 843 3171 hominem,
860 3104 907 3176 qni
959 3104 1094 3174 iustorum
1102 3100 1195 3158 letitia
1209 3102 1301 3172 (Pron.
1320 3117 1351 3168 x,
1367 3103 1421 3171 28),
1444 3111 1473 3159 ει
1506 3111 1581 3159 tanta
1608 3102 1703 3161 latios
1730 3111 1763 3162 nt

101 3206 197 3248 serum
210 3195 302 3261 portat
317 3189 444 3261 laqueum
472 3206 565 3247 sunm:
581 3191 636 3247 imo
654 3206 721 3248 vero
742 3192 844 3248 bonnm
864 3201 908 3249 cst
960 3206 1041 3249 omne
1055 3190 1128 3264 quod
1139 3189 1311 3246 desideratur
1324 3190 1353 3245 in
1363 3191 1460 3248 seculo
1475 3207 1530 3249 non
1544 3191 1634 3249 valeat
1648 3193 1674 3250 ei
1687 3208 1762 3250 corn·

103 3281 193 3352 magis
208 3279 332 3337 babitare
354 3279 383 3334 in
396 3280 535 3350 adiutorio
563 3279 751 3346 altissimae
770 3297 821 3355 per
844 3297 907 3339 eum
960 3278 1066 3351 parari3
1080 3277 1170 3350 ipsum
1184 3278 1452 3351 quedexspeetatnr,
1482 3281 1547 3356 qnid
1562 3282 1632 3339 erit‘l
1660 3281 1762 3340 Oculus

106 3369 196 3442 possit
207 3368 322 3441 laqueus
336 3367 443 3425 evitari.
961 3383 1017 3424 non
1030 3367 1108 3435 vidit,
1123 3366 1207 3435 Dens,
1220 3369 1322 3440 absque
1338 3377 1375 3438 te,
1392 3385 1453 3443 qnae
1468 3373 1628 3443 praeparasti
1641 3371 1761 3446 diligen·

419 3456 536 3513 SllllllO
549 3456 595 3514 tv.
963 3457 1035 3513 tibus
1048 3466 1075 3513 te
1090 3457 1168 3528 (lsai.
1197 3473 1276 3526 nxrv,
1303 3460 1342 3530 l).
1367 3459 1422 3516 Sub
1451 3460 1493 3516 bis
1520 3461 1615 3533 itaque
1643 3460 1761 3534 scapulis

152 3550 195 3608 De
209 3562 293 3606 verret
308 3549 417 3620 quarto.
436 3567 448 3599 ι
464 3546 592 3620 Scapulis
609 3547 671 3604 sois
689 3546 863 3607 obarabrcbil
961 3553 1077 3620 quatuor
1091 3546 1169 3603 nobis
1182 3545 1314 3603 beneficia
1327 3547 1513 3622 conferuntur.
1535 3550 1591 3607 Sub
1618 3550 1660 3607 bis
1686 3551 1759 3608 enim

431 3636 492 3706 tibi,
508 3643 587 3693 »etc
961 3634 1167 3691 abscondimur:
1189 3634 1241 3691 snb
1255 3635 1297 3692 bis
1323 3636 1360 3694 ab
1387 3637 1497 3695 incursu
1525 3639 1610 3712 [otior
1636 3640 1761 3714 οεειιιει]

145 3734 173 3784 ι.
190 3725 336 3784 (innitenti
363 3725 509 3795 humiliter,
533 3733 561 3781 et
584 3725 682 3783 devote
709 3727 810 3799 gratias
836 3728 909 3785 role-
961 3724 1118 3797 accipitrum
1128 3731 1157 3781 ει
1169 3724 1315 3781 milvorum
1325 3726 1505 3798 protegimur,
1521 3743 1582 3799 quae
1591 3734 1654 3784 sunt
1673 3743 1762 3786 aereae

107 3817 192 3884 renti,
215 3831 272 3873 non
290 3815 426 3872 immerito
443 3814 573 3887 ampliora
587 3815 721 3873 beneficia
741 3814 908 3888 promittun-
961 3821 1111 3887 poteetates
1124 3815 1188 3871 :sub
1203 3815 1244 3870 his
1262 3815 1450 3871 umbraculum
1479 3816 1588 3873 salubre
1617 3815 1763 3889 refrigerat

111 3915 171 3962 tur.
213 3906 283 3963 Nam
311 3904 358 3978 qni
385 3903 473 3960 tidelis
499 3903 637 3960 invenitur
654 3903 682 3959 in
701 3904 818 3978 modico,
846 3907 909 3977 jure
962 3919 1022 3972 nos,
1037 3916 1065 3960 et
1097 3904 1204 3975 repellit
1228 3903 1340 3960 nimium
1362 3903 1428 3961 solis
1456 3903 1610 3963 terrorem:
1641 3907 1692 3963 sub
1720 3906 1764 3963 nb

109 3996 294 4054 constimetnr
319 4010 403 4066 super
425 3990 617 4050 mmutscut
637 4008 653 4050 e
673 3995 810 4052 contrario
832 3995 907 4052 acei-
962 4010 1071 4068 quoqne
1085 3991 1182 4049 alimur
1198 4000 1226 4050 et
1249 3992 1382 4051 levemur.
1411 3994 1457 4051 Ait
1489 3996 1562 4052 enirn
1585 3997 1720 4068 Propheta
1734 3997 1763 4053 in
1790 4028 1793 4033 -

109 4085 222 4160 piendis
234 4083 362 4156 indignus
374 4090 417 4140 est
431 4081 477 4153 qni
499 4081 583 4138 luerit
607 4082 643 4140 de
661 4083 909 4157 acceptisingratns
961 4083 1013 4140 alio
1033 4081 1155 4155 pssbno:
1174 4083 1314 4150 Οειιιίιιιιι
1328 4082 1472 4141 abscondit
1484 4084 1570 4140 mein
1581 4085 1763 4143 tabernacola

111 4181 208 4250 ltaque
222 4175 328 4230 devotae
351 4172 387 4227 illi
402 4171 551 4245 gratiarnm
567 4172 667 4230 actioni
686 4173 909 4249 respondetSpi-
962 4173 1110 4232 sociabis
1127 4174 1272 4229 malorum
1286 4172 1373 4243 (Psul.
1398 4187 1481 4239 ιιιιιι,
1498 4172 1545 4244 5);
1573 4173 1603 4228 id
1616 4183 1667 4239 est,
1698 4174 1762 4230 dum

104 4267 193 4323 ritus:
212 4264 275 4320 Non
288 4261 316 4319 id
330 4260 428 4325 solnm,
456 4259 593 4333 inquiens,
623 4260 714 4331 faciet
733 4261 782 4319 sed
801 4272 908 4321 etsco-
963 4261 1052 4318 adbuc
1065 4260 1279 4327 diesmalisunt,
1292 4260 1362 4317 etin
1376 4269 1450 4317 terra
1464 4259 1555 4317 aliena
1568 4277 1671 4329 sumus,
1701 4277 1763 4336 quar

100 4356 181 4431 polis
208 4353 269 4410 sais
296 4348 471 4409 obumbrabit
500 4349 560 4407 tibi.
587 4349 676 4407 Credo
689 4350 718 4408 in
736 4352 778 4408 bis
792 4354 909 4424 scapulis
963 4348 1027 4405 data
1049 4356 1091 4405 est
1104 4349 1133 4405 in
1157 4365 1255 4405 manus
1269 4348 1356 4422 impii,
1380 4348 1477 4422 inqua
1500 4359 1620 4407 nonest
1647 4366 1763 4422 regnum

104 4443 247 4519 geminam
270 4440 322 4498 Dei
350 4437 559 4513 promissionem
599 4438 815 4513 intelligendam,
846 4442 908 4498 vitm
962 4439 1048 4512 pacis,
1063 4453 1115 4495 nec
1129 4440 1203 4496 Deus
1226 4439 1409 4512 pacisregnat
1424 4440 1452 4495 in
1475 4456 1518 4499 ea.
1534 4440 1603 4496 Nam
1616 4439 1641 4496 si
1655 4447 1763 4512 regnat,

101 4533 208 4592 seilioet
240 4533 302 4602 eius
341 4545 402 4601 qnae
420 4544 493 4584 nunc
518 4535 571 4596 est,
586 4529 689 4601 pariter
707 4537 734 4586 et
748 4529 853 4586 futurae.
879 4530 908 4587 Si
962 4528 1027 4599 quid
1042 4527 1171 4600 estquod
1195 4536 1307 4583 orantes
1331 4527 1462 4584 dicimus:
1479 4528 1617 4587 Adveniet
1644 4545 1764 4599 regnem

102 4622 180 4678 enim
190 4618 278 4676 solum
292 4617 467 4690 promitteret
485 4632 611 4690 regnum,
627 4625 655 4674 et
673 4618 701 4673 in
716 4619 814 4676 itinere
828 4619 909 4676 dees·
963 4619 1068 4676 tuum?
1081 4618 1193 4691 (llottb.
1209 4633 1248 4685 vr,
1270 4618 1327 4690 lb.)
1340 4618 1458 4675 Necesse
1476 4618 1559 4690 igitur
1571 4625 1615 4673 εει
1642 4618 1761 4674 abscon·

101 4718 146 4767 set
160 4707 301 4774 viaticum,
329 4704 441 4763 omnino
468 4713 703 4777 conquererentur
721 4706 857 4779 homines,
881 4715 908 4763 et
961 4706 1027 4763 dere
1043 4707 1162 4770 interim,
1178 4705 1277 4779 siquid
1291 4707 1422 4764 habemns
1436 4706 1515 4777 boni;
1544 4704 1673 4777 quoniam
1698 4706 1761 4763 tbe-

101 4797 306 4872 respondcreut
322 4812 329 4849 ι
346 4796 474 4866 llagnum
493 4795 604 4867 quidem
619 4804 661 4851 est
680 4797 753 4869 quod
772 4797 907 4868 promitti·
960 4812 1069 4852 saurum
1085 4796 1162 4867 regni
1176 4795 1317 4864 ciclorum,
1332 4796 1379 4870 qui
1393 4796 1495 4853 invenit
1508 4796 1601 4866 bomo,
1618 4794 1761 4852 abscondit

101 4899 157 4955 tur,
173 4887 225 4944 sed
239 4885 418 4958 perveniendi
432 4883 497 4941 illuc
510 4883 584 4941 nulla
604 4884 719 4942 facultas
733 4886 821 4942 datur.
838 4887 907 4942 Pro·
960 4885 1071 4961 (barat.
1088 4901 1151 4951 ιιιιι,
1163 4886 1220 4959 tt).
1236 4886 1351 4958 Propter
1363 4885 1436 4959 quod
1451 4885 1533 4941 etiam
1547 4883 1762 4956 corporaliterin

101 4986 203 5051 pterea
217 4975 263 5049 qui
277 4982 340 5046 post
358 4975 410 5029 hoc
429 4977 556 5030 eaeenlum
583 4975 665 5031 vitam
679 4974 804 5047 promisit
824 4985 906 5033 aeter·
961 4976 1084 5033 claustris
1098 4986 1126 5032 et
1140 4976 1167 5030 in
1181 4975 1257 5032 silvis
1271 4975 1472 5033 abscondimur.
1483 4974 1517 5031 Et
1538 4974 1562 5030 si
1588 4974 1659 5032 scire
1682 4975 1762 5032 rnlds

101 5083 179 5133 nam,
195 5066 256 5139 lpse
270 5063 391 5121 dandum
414 5064 496 5120 etiam
509 5062 539 5118 in
558 5064 611 5120 boc
625 5064 724 5121 saeculo
751 5065 907 5136 centuplum
961 5071 1090 5138 quantum
1105 5065 1133 5120 in
1146 5065 1198 5120 hac
1217 5064 1397 5122 absconsione
1410 5063 1556 5133 lucramur,
1567 5063 1761 5121 credonullum

101 5152 461 5232 providentissimapiotate
479 5152 604 5225 promisit
632 5150 747 5225 (Metili.
769 5169 831 5221 ιιι,
848 5157 905 5226 29).
960 5155 1076 5210 lricesse
1092 5153 1149 5226 qni,
1171 5153 1195 5208 si
1209 5163 1334 5225 quartam
1349 5160 1454 5225 partem
1479 5168 1573 5211 eornm
1601 5171 1662 5229 qnae
1684 5153 1759 5223 iacit,

100 5244 174 5318 Quid
201 5245 258 5316 jam
285 5241 468 5300 exmsarionis
495 5242 591 5312 habes,
612 5256 628 5297 ο
648 5240 751 5298 boniol
782 5242 906 5300 Proiecto
960 5244 989 5299 in
1012 5243 1111 5300 saeculo
1139 5243 1275 5307 actitaret,
1299 5257 1355 5299 non
1376 5244 1536 5302 adoraretur
1574 5252 1606 5302 ιιι
1639 5250 1758 5312 sanctus,

100 5337 275 5395 obstructam
303 5338 347 5388 est
374 5344 407 5387 os
424 5330 595 5402 loquentium
624 5329 728 5402 iniqua.
755 5329 827 5402 Quid
844 5330 908 5403 plns
961 5338 1133 5405 reputaretur
1146 5339 1175 5386 ut
1189 5331 1325 5402 angelus:
1346 5346 1418 5388 nunc
1431 5339 1523 5390 antem
1549 5331 1673 5406 quotidie
1696 5339 1759 5389 tan-

99 5424 202 5482 afferet
230 5419 360 5478 inimicus
377 5416 422 5476 'ad
447 5419 620 5488 tentandum,
652 5419 705 5476 nisi
733 5420 799 5493 qaia
823 5418 907 5493 longa
960 5434 1040 5495 quam
1054 5418 1198 5493 negligens
1225 5419 1348 5497 arguitur
1375 5430 1403 5479 et
1429 5421 1597 5494 increpetur.
1625 5422 1761 5480 Ριιιιιιιιιε

99 5515 256 5575 lnturaeat
271 5511 325 5572 vita
344 5510 408 5568 tna?
423 5509 460 5567 llt
473 5509 498 5566 si
508 5509 622 5581 grandis
635 5508 684 5567 tibi
693 5515 779 5568 restat
787 5509 842 5584 via,
857 5526 907 5569 cur
960 5513 1012 5570 boc
1039 5510 1143 5568 lncrnm
1169 5508 1278 5581 ducitis,
1306 5511 1381 5583 quod
1403 5526 1460 5569 non
1482 5508 1646 5584 reputamini
1671 5510 1760 5570 sancti
