3734 5948
105 197 159 253 ars
561 186 1294 257 sananiamisns‘rrsentsAE-vltnnnsrs
1697 204 1751 259 ars

104 318 212 391 plenius
227 327 255 377 et
268 320 416 392 perfectius
428 320 580 377 illustrante
594 319 709 377 veritate
733 335 894 393 cognoscem
913 324 937 414 ἢ
952 318 1152 387 lieetribunali,
1169 329 1196 377 et
1209 320 1340 379 incertam
1357 323 1445 380 adbuc
1458 319 1619 394 exspectare
1633 325 1684 381 sub
1695 333 1751 380 tam

105 409 242 480 quemme
256 424 310 466 non
329 410 420 466 omnia
451 410 634 477 considerare,
664 419 691 466 et
715 409 742 464 iu
773 409 899 466 omnibus
952 408 1074 467 districto
1100 409 1194 467 Judiee
1222 412 1409 468 sententiam?
1433 415 1609 472 Her-rendum
1636 418 1688 480 est,
1713 415 1753 470 ait

105 499 225 555 omnium
239 498 438 556 moderatorem
453 500 627 572 magnificare
652 498 770 555 libebit?
786 499 900 556 Pulchre
952 499 1108 570 Apostolus,
1120 501 1244 559 incidere
1254 501 1285 555 in
1295 517 1398 558 munna
1410 502 1464 559 Dei
1472 504 1592 559 otomatis
1609 503 1703 573 (Deir.
1719 518 1751 569 x,

104 587 215 643 omnino
230 586 324 642 Petrus
333 587 472 660 apostolus
487 587 572 651 lilium
586 585 748 659 perditionis
760 590 792 645 in
807 589 900 644 locum
952 587 1007 658 311.
1018 588 1175 644 Judieemur
1188 589 1308 658 iuterim,
1325 589 1435 657 iratres,
1450 599 1479 647 et
1501 591 1649 647 terribilem
1674 590 1751 646 illam

104 691 190 731 suum
204 675 303 731 abiisse
317 682 429 732 testatus
444 683 495 742 ost,
508 674 580 746 quod
589 675 617 729 in
626 690 691 731 aere
701 676 837 746 erepuerit
847 692 901 732 me·
952 678 1182 749 exspectationem
1200 678 1329 749 praesenti
1344 677 1431 737 850
1444 679 1602 737 studeamus
1611 677 1753 737 declinare

43 793 46 795 >
104 763 166 818 dius
179 763 251 835 (Aet.
265 779 286 834 r,
300 768 345 835 25,
358 766 412 835 18),
429 765 562 820 aeriarum
584 764 691 839 collega
717 771 898 835 potestatum:
951 764 1063 836 judicio.
1076 767 1135 822 Non
1149 767 1280 836 judicabit
1293 768 1367 823 Deus
1381 768 1423 824 bis
1446 769 1474 825 iu
1490 768 1618 840 idipsum.
1635 771 1708 828 Sane
1722 778 1753 824 ut

104 859 200 923 utpote
214 869 294 923 quem
308 854 366 910 veri
381 852 431 908 Dei
446 859 474 908 et
487 853 544 907 veri
556 852 657 923 pariter
669 852 795 917 borninis,
807 854 853 926 qui
865 854 900 910 de
953 853 1130 926 quommdam
1147 864 1267 926 peccata,
1284 855 1323 912 sie
1337 865 1363 912 et
1378 859 1556 930 quorumdam
1571 860 1660 915 studia
1678 860 1753 915 bona

103 940 173 998 ecelo
196 942 315 997 venisset
341 946 502 1011 operaturus
514 940 630 997 salutem
643 941 671 996 iu
696 941 787 998 medio
810 949 899 1012 terrae,
954 942 1096 998 manifesta
1109 954 1183 1011 sunt,
1194 946 1377 1017 praecedentia
1388 947 1562 1015 adjudicium
1575 965 1582 1002 τ
1594 957 1622 1003 ut
1636 948 1673 1003 illi
1685 951 1754 1021 qui·

105 1031 196 1099 hujus,
211 1030 330 1101 inquam,
356 1029 533 1100 proditorem,
555 1045 607 1086 nee
630 1030 728 1086 coelum
754 1029 899 1103 reciperet,
953 1031 1015 1086 dem
1038 1045 1093 1086 nen
1120 1041 1309 1104 exspectantes
1333 1035 1506 1104 sententiam,
1521 1036 1633 1108 proprio
1657 1041 1752 1096 statim

105 1134 157 1175 nee
172 1126 243 1173 terra
257 1117 412 1175 sustineret.
953 1120 1077 1192 pondere
1090 1121 1231 1177 criminum
1246 1121 1274 1178 in
1289 1131 1390 1179 tartara
1402 1124 1577 1198 dejiciantur3
1594 1126 1640 1183 isti
1654 1144 1720 1186 vero
1736 1147 1752 1186 e

140 1206 284 1279 ll.ltaque
294 1206 901 1274 oeulisteisoonsiderubts,etretribntionem
955 1208 1066 1283 regione
1081 1218 1188 1282 paratas
1200 1210 1252 1267 sibi
1266 1212 1347 1268 sedes
1361 1218 1417 1269 tota
1430 1213 1556 1271 libertate
1572 1215 1683 1286 spiritns
1692 1219 1754 1276 sine

101 1298 407 1370 peecatornmeidebis.
419 1296 509 1354 Primo
524 1296 644 1369 quidem,
661 1297 696 1353 ob
707 1304 780 1353 tuam
794 1298 901 1354 evasio·
954 1296 1008 1353 ulla
1030 1297 1202 1354 cunctatione
1224 1300 1420 1358 conscendant.
1437 1301 1511 1358 Felix
1531 1311 1679 1375 paupertas
1701 1322 1753 1363 vo-

104 1400 181 1452 nem;
198 1386 330 1453 secundo,
346 1388 381 1443 ob
395 1386 578 1445 omnimodam
604 1385 795 1455 securitatem;
821 1386 900 1443 tertio
954 1386 1069 1444 luntarie
1093 1389 1183 1444 omnia
1210 1389 1432 1462 relinquentium,
1460 1397 1488 1448 et
1510 1394 1683 1465 sequentium
1712 1405 1753 1464 te,

104 1490 223 1547 quoque,
239 1476 275 1531 ob
289 1475 533 1548 comparationem
549 1480 654 1547 quarto,
671 1473 705 1530 ob
720 1473 805 1545 ipsius
824 1473 901 1546 justi·
955 1475 1166 1534 Dominelesu?
1181 1477 1256 1533 Felix
1271 1478 1437 1551 planeque
1460 1487 1515 1536 tam
1542 1496 1664 1550 securos,
1697 1485 1754 1541 imo

104 1563 147 1620 tie
162 1564 312 1638 perlectam
326 1565 534 1621 aemulationem.
546 1562 604 1618 Erit
612 1563 684 1618 enim
693 1563 749 1634 jam
764 1570 828 1619 tune
845 1578 899 1620 non
955 1570 1009 1618 tam
1023 1564 1155 1639 gloriosos
1169 1563 1249 1621 iaciat
1262 1564 1291 1620 in
1301 1566 1346 1622 illo
1360 1566 1491 1639 singulari
1503 1565 1612 1642 fragore
1622 1569 1753 1626 elemen-

103 1651 307 1722 miserieordiae,
330 1653 380 1709 sed
393 1651 486 1722 jndieii
502 1660 627 1723 tempus:
645 1665 696 1706 nec
713 1649 767 1706 ulla
790 1649 900 1707 omniuo
916 1640 939 1718 B
955 1658 1054 1721 terum,
1068 1662 1096 1709 et
1113 1651 1201 1710 inille
1217 1657 1359 1711 tremendo
1375 1655 1499 1713 examine
1527 1657 1693 1725 meritomm,
1724 1659 1754 1717 in

103 1741 241 1799 credenda
255 1748 297 1798 est
311 1757 378 1814 erga
392 1740 491 1813 impios
504 1741 595 1797 futura
608 1739 664 1796 illie
680 1739 829 1806 miseratio,
853 1738 900 1794 ubi
954 1739 999 1796 illo
1024 1746 1100 1797 tanto
1125 1741 1280 1798 discrimine
1294 1743 1457 1814 judiciorum
1470 1742 1476 1799 l
1491 1746 1550 1799 lam
1564 1761 1631 1802 vero
1654 1747 1752 1803 audia-

103 1847 155 1888 neo
169 1830 222 1887 ulla
232 1832 368 1902 speranda
381 1839 423 1886 est
436 1829 580 1887 eorrectio.
596 1830 691 1887 Procul
705 1829 758 1886 erit
776 1829 900 1885 hnmanae
953 1845 1014 1884 mus
1028 1828 1092 1900 quid
1107 1830 1142 1885 ad
1161 1836 1250 1885 tantas
1268 1831 1466 1903 promissiones
1488 1832 1587 1890 macta
1611 1842 1640 1890 et
1662 1834 1755 1893 fidelis

103 1917 265 1974 infirmitatis
288 1919 341 1974 ista
363 1919 500 1984 mollities,
522 1935 576 1991 qua
600 1927 691 1976 tamen
720 1916 827 1976 interim
850 1935 900 1992 pro
953 1918 1043 1973 anima
1057 1919 1232 1991 respondeat,
1256 1936 1291 1976 ne
1306 1919 1376 1976 iorte
1391 1927 1437 1976 aut
1459 1919 1595 1987 diffidere,
1611 1929 1658 1978 ant
1671 1938 1753 1981 secus

104 2014 229 2080 tempore
243 2008 361 2064 charitas
375 2009 461 2063 utitur
472 2008 507 2064 ad
522 2007 820 2081 salutem,amplissimo
833 2022 900 2082 quo·
954 2022 1034 2078 quam
1050 2015 1175 2079 operteat
1197 2006 1283 2065 fidere
1297 2008 1574 2079 videatur.Qnoniem
1589 2015 1622 2067 iu
1645 2027 1686 2078 es,
1708 2013 1755 2069 in-

103 2095 166 2151 dam
181 2096 254 2153 relut
269 2096 362 2170 [elius
378 2096 516 2170 videlicet]
531 2113 657 2170 expansae
672 2112 781 2169 sagenae
796 2096 856 2152 sinu
873 2103 901 2152 et
954 2096 1022 2166 quit,
1038 2097 1161 2162 Domine,
1189 2113 1250 2171 spes
1263 2114 1337 2156 meu.
1351 2096 1422 2167 Quid
1436 2103 1491 2154 tam
1504 2098 1606 2168 sobrie,
1621 2100 1685 2174 quid
1697 2108 1754 2158 mm

89 2184 191 2240 'bonos
214 2191 242 2241 et
255 2184 340 2241 malus
354 2185 486 2259 subigens
500 2185 599 2257 pisces,
623 2185 651 2240 id
671 2192 713 2241 est
727 2184 840 2241 affectus
858 2185 896 2256 ju·
953 2183 998 2254 pie
1013 2191 1120 2255 poterat
1134 2185 1209 2242 dici‘l
1223 2186 1278 2242 Sed
1292 2202 1344 2243 nee
1357 2186 1430 2244 aliud
1445 2187 1508 2245 huic
1535 2189 1621 2245 aerbo
1645 2189 1756 2247 videtur

104 2274 208 2331 eundos
221 2275 325 2346 pariter
338 2282 367 2331 et
384 2275 524 2332 molestos.
540 2276 642 2338 Verum
660 2277 712 2332 boc
735 2274 845 2347 quidem
872 2274 900 2329 in
954 2285 1036 2342 posse
1045 2272 1249 2329 convenientius
1259 2273 1522 2348 responderi,quam
1530 2275 1603 2349 quod
1612 2277 1754 2350 sequitur:

104 2362 184 2418 mari.
199 2363 267 2418 Nam
276 2362 304 2419 iu
318 2362 408 2419 littore
424 2364 495 2420 solos
509 2364 594 2440 eliget
607 2364 704 2430 bonos,
720 2363 760 2419 sie
773 2363 902 2420 videlieet
925 2422 931 2428 ,
955 2363 1260 2436 ditissimnmposnisti
1269 2365 1412 2434 nesapium
1424 2368 1517 2419 inum.
1530 2364 1665 2422 Caeterum
1675 2365 1756 2441 igno-

103 2453 227 2527 gaudens
240 2469 302 2510 eum
316 2452 509 2525 gaudentibus,
525 2460 556 2508 ut
570 2468 603 2508 ex
618 2452 671 2509 hoc
684 2453 741 2522 iam
756 2467 817 2508 eum
829 2452 900 2507 nen·
955 2452 1022 2506 scite
1035 2451 1121 2518 nobis,
1139 2452 1256 2508 iratres:
1273 2450 1353 2508 bodie
1369 2468 1479 2524 quoque
1507 2454 1648 2524 promissae
1671 2454 1753 2511 ctiam

104 2541 175 2597 tibus
189 2543 256 2597 llere
279 2557 334 2597 non
348 2541 443 2613 possit.
466 2541 591 2613 Alioquin
610 2541 748 2611 quomodo
771 2541 800 2596 in
823 2540 901 2596 nobis
955 2539 1085 2595 terminos
1118 2539 1258 2597 brevitatis
1280 2541 1361 2613 paulo
1384 2541 1473 2598 minus
1496 2543 1645 2601 excessisse
1678 2544 1755 2600 ride·

99 2627 266 2698 judicabitur
284 2628 328 2685 bie
341 2629 465 2697 mundus,
479 2627 530 2684 nisi
552 2629 632 2698 buius
656 2636 758 2684 tenerae
778 2626 901 2684 affectio·
955 2644 1026 2686 mur.

103 2717 147 2772 nis
165 2716 252 2788 obliti,
262 2716 464 2789 introductique
472 2717 601 2773 fuerimm
611 2716 638 2771 in
650 2717 745 2774 eeDam
758 2717 898 2782 vinariam,
1264 2716 1379 2773 Sllllllo
1393 2718 1444 2773 tx.

103 2805 254 2861 secundum
263 2820 325 2861 eum
336 2806 381 2877 qui
390 2805 470 2861 dixit:
486 2807 608 2864 introibo
618 2808 649 2862 in
658 2808 798 2879 potentius
809 2810 901 2864 Domi·
955 2809 1084 2865 Deverso
1094 2819 1178 2870 nono,
1196 2824 1209 2856 ι
1224 2806 1361 2874 Quoniam
1371 2810 1404 2862 tn
1414 2823 1452 2872 ea,
1464 2808 1592 2877 Domine,
1603 2825 1664 2882 spes
1674 2828 1753 2880 mem

102 2896 150 2962 aa·
165 2897 292 2963 nomam,
307 2895 607 2968 momentaneum
623 2898 682 2950 tua
692 2894 898 2967 enitescunt.
1056 2877 1358 2950 armsemempenen
1373 2879 1516 2950 rapueram
1527 2884 1618 2936 reem.
1636 2901 1649 2933 a

103 2998 171 3052 axx,
188 2983 246 3055 16.)
259 2983 318 3040 Nec
332 2983 412 3040 modo
436 2983 545 3055 quidem
568 2983 742 3050 considerare
766 2946 939 3055 permitti-c
992 2984 1017 3035 1.
1033 2979 1129 3048 Etiam,
1151 2979 1257 3045 iratres,
1269 2978 1350 3035 bodie
1361 2979 1462 3053 aliquid
1473 2982 1613 3040 audiamus
1633 2984 1667 3042 de
1684 3003 1754 3058 pro-

103 3087 319 3144 murpersonam
335 3071 473 3144 pauperis,
484 3072 662 3128 autmisereri
675 3071 771 3142 ejusin
784 3071 899 3143 judicio:
955 3068 1083 3125 missione
1096 3068 1191 3136 Patris,
1208 3067 1242 3125 de
1261 3070 1467 3140 exspectatione
1488 3070 1615 3144 filiorum,
1639 3073 1675 3130 de
1698 3074 1755 3132 fine

103 3162 153 3217 sed
167 3176 229 3218 eum
243 3161 369 3218 molestia
383 3163 457 3231 licet,
468 3161 637 3218 coercendus
648 3161 781 3231 eiusmodi
792 3161 902 3232 pietatis
955 3159 1036 3228 hujus
1050 3165 1150 3215 nostrae
1164 3156 1405 3230 peregrinationis,
1429 3158 1464 3215 de
1488 3162 1617 3218 mercede
1649 3161 1753 3219 laboris

103 3250 231 3317 aflectus,
242 3258 270 3306 et
286 3250 423 3322 aequitatis
436 3259 479 3306 est
491 3250 619 3316 dictanda
634 3250 779 3306 sententia.
795 3249 902 3317 Quanto
954 3245 990 3301 de
1003 3245 1091 3303 iruetu
1105 3244 1274 3317 captiuitatis.
1291 3246 1328 3301 Et
1337 3245 1447 3318 quidem
1457 3246 1525 3304 dura
1540 3249 1653 3308 omnino
1666 3252 1756 3323 eapti·

104 3338 191 3412 nangis
205 3337 251 3393 ubi
266 3335 339 3393 nulla
363 3336 446 3392 animi
469 3338 633 3404 colluctatio,
647 3339 695 3394 ubi
709 3337 782 3394 nulla
800 3339 903 3408 poterit
954 3335 1033 3401 vitas,
1049 3348 1104 3389 non
1117 3334 1199 3391 modo
1213 3333 1258 3388 illa
1271 3337 1432 3402 eommunis,
1452 3352 1533 3410 quam
1558 3354 1592 3394 ex
1615 3338 1675 3410 ipsa
1696 3343 1754 3410 jam

104 3426 258 3481 subintrare
281 3425 416 3492 molestia,
439 3433 551 3499 eportet
573 3425 680 3499 impleri
704 3426 778 3499 qaod
800 3427 901 3483 dictam
954 3422 1109 3481 conditione
1127 3424 1237 3498 generis
1252 3423 1400 3479 toleramus
1414 3425 1662 3494 bamamsedbec
1684 3444 1755 3500 qno·

104 3519 157 3582 est,
167 3514 802 3589 Absorptisuntp'unctipetrccjndiceseornm?
812 3516 899 3587 (Psoi.
955 3527 1008 3584 que
1022 3526 1076 3584 qua
1089 3511 1243 3568 voluntates
1257 3510 1424 3570 mortificare
1437 3515 1573 3586 proprias,
1588 3516 1670 3571 etiem
1689 3533 1753 3590 per-

104 3604 217 3676 enne.)
227 3602 355 3675 absorpti
369 3603 452 3676 plane
463 3604 490 3660 in
501 3602 628 3661 aflectum
637 3604 759 3676 justitie,
773 3611 803 3661 et
816 3605 901 3661 Petrae
955 3601 1021 3656 dere
1039 3600 1163 3672 proprias
1176 3599 1205 3656 in
1218 3600 1270 3657 hee
1283 3601 1386 3658 mundo
1400 3603 1505 3659 animas
1527 3602 1701 3674 festinantes,
1724 3606 1754 3662 in

103 3692 278 3761 soliditatem,
294 3693 337 3748 eui
348 3693 435 3763 iuneti
458 3701 530 3760 suut,
552 3693 699 3750 imitantes.
723 3696 831 3761 innoti,
855 3692 900 3747 in·
955 3690 1071 3745 bosmm
1086 3688 1180 3764 rigide
1199 3689 1347 3762 eumbssdis
1365 3690 1526 3764 difflllissoer
1550 3691 1579 3748 in
1603 3694 1675 3751 hune
1696 3701 1751 3750 lam

104 3783 172 3854 quit,
187 3785 287 3855 peirn,
302 3798 384 3855 quam
403 3783 526 3854 proiecto
550 3781 635 3839 solem
655 3789 686 3839 nt
709 3792 900 3855 sequerentur,
955 3780 1046 3855 gravis
1068 3780 1236 3854 paenitentiae
1247 3795 1386 3836 carcerem
1409 3780 1535 3838 dedimus
1557 3784 1752 3857 nosmetipsos.

105 3879 204 3927 cetera
217 3871 308 3926 omnia
323 3871 499 3945 reliquerunt.
513 3873 619 3944 Nempe
631 3871 684 3929 boe
699 3877 743 3928 est
760 3873 834 3943 quod
857 3876 901 3929 in·
956 3869 1106 3926 Miseranda
1123 3868 1240 3926 servitus
1253 3868 1346 3941 plane,
1366 3868 1416 3925 sed
1431 3869 1454 3926 si
1468 3878 1574 3938 eonem,
1592 3872 1642 3930 sed
1658 3871 1748 3929 onon

105 3960 255 4032 terroganti
274 3960 353 4017 Petro
377 3961 504 4033 quidnam
529 3960 667 4032 accepturi
689 3969 793 4025 emeat,
822 3962 903 4018 Petra
954 3966 1106 4032 spontanea
1118 3956 1267 4014 riderctrrr.
1284 3958 1445 4018 Nunersero
1457 3975 1520 4016 cum
1533 3961 1683 4018 voluntarie
1704 3976 1751 4017 sa·

102 4046 164 4120 ipsa
179 4047 339 4121 respondit:
353 4049 422 4106 Gom
437 4047 538 4107 sederit
550 4050 639 4105 Filias
658 4049 782 4107 Dominis
794 4051 828 4106 in
841 4051 923 4126 sede,
955 4045 1082 4104 crificetis
1094 4047 1164 4113 Deo,
1180 4062 1232 4103 nec
1244 4044 1386 4123 ingeratur
1396 4047 1451 4105 ulla
1464 4049 1516 4105 nisi
1525 4065 1577 4122 per
1594 4053 1681 4123 ipsam
1702 4066 1753 4109 so·

104 4142 261 4213 majestatis
270 4140 900 4214 saoe,sedebitiseteessnperaedesduouecim,
956 4137 1086 4194 luntatem
1109 4136 1237 4193 violentia
1260 4137 1404 4203 voluntati,
1429 4137 1554 4209 prolecto
1585 4139 1688 4210 aliquid
1725 4140 1753 4196 in

101 4230 266 4302 judicantes
275 4227 420 4289 duodecim
435 4228 525 4286 tribes
539 4229 627 4286 lsrael
645 4229 750 4303 (Dent.
761 4245 824 4301 xix,
844 4229 899 4301 28).
916 4247 941 4326 υ
956 4240 1037 4282 eausa
1049 4232 1101 4281 est.
1114 4225 1181 4280 lllud
1191 4232 1258 4296 puto
1272 4225 1383 4297 aliquid,
1398 4238 1453 4297 quo
1467 4227 1557 4294 majus
1571 4226 1674 4299 aliquid
1690 4243 1753 4286 esse

104 4318 169 4374 llaec
183 4333 291 4390 queque
306 4319 438 4390 propbeta
453 4316 637 4389 praenuntians
647 4318 696 4374 ait:
715 4321 853 4376 Dominus
865 4321 901 4376 nd
956 4327 1010 4370 non
1025 4319 1125 4384 potest.
1139 4316 1182 4368 An
1196 4327 1262 4370 vero
1276 4313 1462 4388 plangendum
1475 4312 1582 4370 videtur
1604 4314 1756 4386 quamlibet

100 4405 246 4480 judicium
258 4407 352 4464 veniet
361 4423 428 4463 eum
435 4404 590 4463 euentus
601 4407 702 4480 populi
715 4408 762 4463 sni
775 4408 841 4474 (lsu.
859 4422 900 4472 ιιι,
956 4419 1094 4475 magnum,
1106 4400 1254 4474 quamlibet
1267 4401 1444 4469 laboriosum,
1458 4403 1532 4475 quod
1542 4407 1753 4476 propterDeum

106 4494 163 4564 11).
177 4494 253 4550 Tune
280 4501 360 4565 putes
379 4491 496 4550 llexibile
522 4491 660 4565 quidpiam
671 4492 865 4549 inveniendum
874 4495 901 4548 in
955 4491 1024 4548 liat?
1048 4490 1105 4546 Etsi
1133 4490 1289 4562 magnitudo
1310 4491 1371 4562 ipsa
1396 4486 1497 4548 laboris
1520 4493 1656 4550 interdum
1683 4493 1753 4552 forte

103 4579 463 4654 judicibusjunetisl’etraei
479 4581 736 4649 chdboeretDeo,
757 4580 902 4653 Apostolus
956 4585 1118 4651 extorqueat
1140 4578 1369 4650 compassionem,
1389 4581 1439 4636 sed
1455 4581 1640 4657 multomagis
1664 4599 1752 4639 cause

105 4672 152 4741 ait,
167 4689 244 4731 ιιιιιιι
253 4673 372 4746 spiritns
382 4674 426 4728 esi
441 4671 466 4741 (1
477 4671 538 4727 Cor.
549 4685 587 4735 vr,
605 4670 668 4740 11);
694 4668 790 4742 quiet
815 4670 902 4727 Petrae
955 4667 1136 4725 consideratio
1163 4666 1247 4738 exigit
1271 4668 1543 4741 congratulationem.
1576 4669 1645 4738 Quid
1679 4673 1751 4742 quod

103 4761 235 4833 jungitur,
260 4759 329 4833 lapis
351 4758 485 4815 unus.1ld
504 4760 576 4831 quod
600 4773 667 4815 sane
689 4758 824 4831 Propheta
847 4774 901 4815 non
956 4755 1130 4831 bonaomnia
1144 4770 1199 4811 non
1213 4756 1295 4813 mode
1309 4757 1692 4830 proptereumeonstatfieri,
1704 4762 1753 4816 sed

104 4850 240 4906 immerito
263 4848 412 4921 suspirans,
453 4849 527 4913 liiii,
552 4848 649 4920 iuquit,
682 4848 902 4906 ademarium
955 4861 1006 4918 per
1032 4843 1117 4901 euml
1133 4844 1206 4900 Deras
1219 4844 1292 4901 enim
1314 4853 1357 4902 est
1381 4847 1427 4919 qui
1441 4857 1571 4920 operatur
1593 4848 1620 4904 in
1634 4847 1711 4904 robis
1726 4855 1753 4905 et

104 4939 207 4997 bonnm
225 4939 473 5011 mellentinum,
490 4938 545 5009 28).
561 4936 683 5008 ltaergo
697 4936 818 5008 absorpti
840 4946 903 4993 sunt
957 4934 1025 4992 velle
1036 4942 1064 4990 et
1073 4932 1217 5006 perlicere,
1228 4950 1278 5007 pro
1288 4936 1505 4994 bouavuluntste
1513 4938 1753 5012 (Philippum).

102 5028 188 5102 juncti
202 5028 289 5084 Petrae
298 5027 403 5098 iudices
413 5041 518 5084 eorum.
530 5024 752 5083 Oiamiliaritatis
765 5025 880 5100 gratiam
892 5024 899 5081 l
956 5026 1016 5096 lpse
1039 5038 1106 5092 ergo
1121 5030 1225 5094 auctor,
1236 5024 1295 5097 ipse
1310 5035 1500 5082 remunerator
1509 5027 1611 5099 operis,
1623 5027 1683 5097 ipsc
1708 5043 1755 5082 re·

104 5115 244 5172 ohoooris
258 5115 383 5172 culmenl
401 5132 418 5171 ο
433 5113 540 5170 ildueiae
554 5110 743 5189 privilegiuml
760 5128 778 5168 o
796 5128 901 5185 praero-
956 5112 1109 5170 muneratio
1123 5120 1196 5171 teta:
1212 5119 1242 5169 ut
1257 5129 1391 5169 summum
1406 5113 1471 5170 illud
1486 5114 1598 5182 bonnm,
1613 5117 1693 5185 eujus
1713 5117 1756 5171 ni·

102 5205 218 5278 gelisam
234 5204 387 5261 monetatis
399 5200 547 5277 perieetael
955 5204 1054 5259 mirurn
1067 5208 1122 5257 tam
1136 5201 1258 5275 perlecta
1271 5210 1313 5257 est
1323 5201 1480 5273 simplicitas
1490 5204 1519 5259 in
1530 5221 1560 5263 se
1570 5204 1641 5278 ipso,
1652 5204 1754 5277 duplex

140 5297 184 5349 12.
199 5292 270 5361 Quid
284 5294 358 5351 enim
377 5299 432 5348 tam
453 5294 617 5366 pavendum,
642 5289 708 5366 quid
723 5298 777 5348 tam
792 5291 900 5365 plenum
954 5290 1156 5366 quodammodo
1189 5289 1313 5348 rideatur
1341 5290 1368 5346 in
1396 5291 1476 5348 nobis
1497 5308 1580 5351 causa
1602 5294 1748 5359 bonorum,

102 5383 257 5453 anxietatis,
269 5393 298 5442 et
320 5383 566 5441 vehementissime
584 5380 773 5440 sollicitudinis
794 5383 901 5458 exregi·
955 5381 1080 5440 eiisetiva
1093 5379 1206 5446 minet,
1221 5383 1250 5436 et
1272 5378 1370 5439 finale.
1385 5381 1458 5439 Dens
1472 5397 1549 5455 ergo,
1570 5382 1746 5446 ddectbsimi

102 5470 554 5546 taripotest,quam1udieandam
577 5479 668 5530 astare
689 5470 728 5529 illi
750 5479 806 5528 tam
821 5471 901 5529 terri·
954 5471 1028 5546 qnod
1049 5471 1078 5528 in
1091 5469 1134 5529 bis
1146 5466 1284 5528 omnibus
1304 5476 1358 5528 tam
1376 5469 1467 5529 multis
1489 5470 1628 5530 laboribus
1651 5472 1751 5528 resins
