3734 5948
630 225 657 284 S.
677 223 846 287 adnatant
864 223 1001 285 senatis
1018 219 1335 284 CbffllthENSlS
1730 224 1802 285 ttttt

152 232 221 296 llll

150 360 221 415 ultra
234 372 289 415 non
303 355 423 426 adjiciet.
440 353 510 424 Ergo
525 367 597 408 nunc
610 358 718 421 tempus
737 339 905 421 acceptabile
920 358 947 404 et
962 362 986 442 Α
999 349 1086 420 quise
1093 350 1151 417 jam
1164 347 1192 401 in
1207 363 1255 402 sua
1269 349 1440 418 receperat?
1454 349 1516 403 Non
1525 347 1634 405 videras
1646 349 1802 407 Filiumho-

150 456 245 519 aptum
268 446 301 501 ad
320 441 495 515 querendum
519 441 546 494 in
560 454 615 512 quo
628 439 709 510 plane
722 440 767 510 qui
784 438 882 509 querit
902 439 947 494 in·
1000 436 1083 491 minis
1100 436 1292 492 ascendentem
1304 436 1351 491 ubi
1366 446 1425 491 erat
1444 437 1521 506 prins
1535 437 1550 492 f
1563 438 1624 493 Jam
1639 439 1740 494 coelum
1756 450 1802 495 tu-

150 538 222 594 venit
238 553 243 591 :
261 533 284 587 si
303 538 392 586 tamen
408 529 464 597 ubi,
485 538 512 585 ot
529 529 568 584 nti
588 534 705 599 oportet,
721 526 825 600 quaerit.
842 528 875 583 Et
889 528 948 584 hac
1001 526 1076 581 mulo
1090 524 1268 582 commutavit
1281 530 1308 580 et
1316 525 1432 593 stabulo,
1447 531 1473 580 et
1487 534 1516 580 ιιι
1531 524 1605 581 illurn
1613 527 1639 581 in
1648 534 1694 583 tuo
1709 529 1803 584 adhuc

116 647 120 656 ·
149 639 205 679 una
218 636 309 687 cansa,
322 634 383 690 qum
397 618 530 689 impedire
546 624 646 688 potest,
657 632 691 673 ne
700 616 852 672 inveniatur
865 632 948 688 spon·
985 613 1098 673 ,lectulo
1111 614 1240 685 quasis?
1255 613 1388 683 Surrexit,
1404 631 1460 669 non
1474 623 1517 669 est
1530 613 1585 670 hic.
1602 614 1672 685 Quid
1696 618 1803 689 queris

150 723 198 763 sus
212 721 229 762 a
242 702 426 776 querentibus
441 719 480 769 se,
496 718 558 759 curn
579 717 632 757 non
646 709 769 773 quaerunt
783 700 811 755 iu
826 709 948 772 tempore
1002 702 1029 757 in
1044 702 1142 759 lectulo
1157 701 1262 768 fortem,
1279 703 1307 757 in
1322 702 1421 759 lectulo
1444 719 1586 775 magnum,
1619 703 1803 760 clarificatum

149 806 314 867 opportuno.
331 795 366 847 dt
383 806 438 847 non
462 807 493 846 ea
509 790 621 862 inpedit
636 803 776 861 sponsam,
792 804 890 861 nempe
903 789 949 844 in·
1000 789 1028 845 in
1044 791 1149 846 stabulo
1163 792 1178 844 ‘l
1192 789 1315 846 Introivit
1329 790 1355 845 in
1379 791 1514 862 potentias
1528 790 1647 864 Domini,
1671 792 1805 849 decorem

151 889 291 938 vocaritem
304 891 330 935 at
343 890 510 953 querentem
529 878 556 933 in
579 886 701 949 ternpore
715 885 879 950 opportuno.
895 878 948 934 Sed
1002 878 1090 934 induit
1103 889 1130 937 et
1145 878 1351 935 fortitudinem:
1368 887 1395 934 ct
1408 895 1473 935 ecce
1491 879 1567 936 sedet
1594 896 1676 949 super
1698 883 1804 938 cheru-

150 986 184 1027 ne
197 969 243 1025 ills
255 969 365 1042 quidem
378 983 441 1024 eum
461 966 551 1038 tepide
573 974 621 1022 aut
639 966 807 1039 negligenter
821 982 869 1021 seu
884 982 947 1036 por·
1002 967 1069 1033 bim,
1085 968 1130 1040 qui
1145 967 1195 1022 sub
1209 966 1300 1039 lapide
1313 967 1408 1037 jacuit.
1422 968 1463 1022 Ex
1478 969 1531 1024 hoc
1556 969 1613 1037 iarn
1637 985 1694 1026 non
1720 971 1805 1041 jacet,

151 1058 282 1115 functoria
296 1058 392 1128 quaerit
408 1072 415 1111 :
432 1070 496 1110 narn
517 1055 599 1110 corde
621 1053 727 1110 ardenti
742 1063 771 1111 et
783 1053 893 1110 omnino
908 1053 949 1108 in·
1001 1056 1049 1111 sed
1064 1056 1157 1113 sedet:
1177 1064 1246 1111 ettu
1274 1065 1402 1126 tanquam
1429 1057 1529 1126 jacenti
1545 1057 1667 1114 subsidia
1696 1061 1806 1127 paras?

150 1144 324 1220 fatigabiliter
337 1144 446 1218 qnaerit,
462 1145 541 1215 plane
555 1150 584 1198 ut
598 1145 685 1201 decet.
1003 1144 1077 1210 Sive,
1098 1155 1128 1200 nt
1142 1144 1291 1201 absolutior
1312 1143 1414 1200 veritas
1434 1146 1478 1212 sit,
1494 1153 1542 1200 aut
1565 1144 1641 1202 sedet
1665 1146 1805 1214 judicans,

186 1237 213 1294 6.
228 1235 324 1293 Restat
339 1240 369 1288 nt
387 1235 422 1289 de
446 1233 525 1289 tertia
547 1231 697 1302 videamus,
714 1247 748 1289 ne
762 1229 888 1289 videlicet
902 1231 949 1287 ubi
1003 1240 1049 1289 sut
1062 1240 1115 1287 stat
1128 1233 1271 1303 adiurans.

151 1337 205 1380 non
218 1322 463 1394 deestquaerst.lo
478 1321 582 1380 estete
592 1320 870 1393 meoquoesioiquem
884 1320 949 1377 diti·
1039 1325 1065 1378 8.
1081 1321 1127 1376 Sic
1142 1337 1198 1391 vos,
1227 1337 1244 1375 ο
1272 1321 1352 1377 bonae
1380 1321 1520 1391 mulieres,
1550 1323 1667 1391 cuinam,
1698 1339 1807 1394 quasso,

149 1413 192 1483 pit
204 1411 303 1468 ocimo
318 1427 391 1468 meo.
406 1411 447 1466 An
464 1409 532 1465 forto
552 1424 608 1465 non
626 1408 653 1464 in
672 1407 771 1465 lectulo
786 1409 948 1480 quaerendus
1004 1409 1133 1465 excubias
1147 1409 1280 1466 exhibetis
1295 1410 1309 1464 t
1324 1409 1367 1466 cui
1383 1418 1502 1464 aromata
1517 1411 1693 1480 comparatis,
1704 1411 1809 1477 paratis

127 1499 279 1579 ‚erstssd
293 1497 583 1571 inlect03quippecni
597 1496 671 1553 orbis
686 1497 949 1568 angustusestlSed
1004 1496 1214 1572 unguentaiSi
1229 1498 1336 1554 sciretis
1350 1507 1466 1569 quantus
1491 1497 1515 1553 is
1533 1498 1578 1555 sit.
1607 1516 1744 1570 quamque
1773 1500 1809 1554 sit

150 1604 205 1645 non
215 1588 315 1643 horreo
324 1585 463 1654 lectulum,
472 1585 520 1658 qui
530 1585 593 1642 novi
602 1585 754 1657 parvulum.
767 1585 896 1643 Parvulus
905 1587 950 1641 de
1004 1586 1074 1642 inter
1088 1594 1210 1643 mortuos
1225 1585 1292 1640 lber
1313 1597 1435 1641 mortuus
1460 1586 1507 1640 isto
1524 1602 1602 1654 quern
1623 1603 1727 1658 ungere
1744 1604 1809 1657 per-

84 1702 89 1711 .
151 1676 232 1748 nique
245 1675 326 1731 nobis
336 1679 464 1730 natusest
474 1674 542 1746 (iso.
553 1689 594 1740 rx,
607 1673 644 1745 6).
658 1673 767 1728 Exsulta
783 1681 812 1728 tn
823 1681 849 1728 et
859 1673 948 1742 landu,
966 1635 989 1713 Β
1005 1673 1078 1746 gitis,
1093 1689 1140 1729 vos
1157 1673 1271 1730 forsitan
1286 1673 1461 1746 petissetisab
1472 1690 1505 1729 ro
1521 1673 1609 1744 potius
1621 1675 1698 1745 ungi.
1709 1676 1808 1736 Nonne

151 1763 281 1819 habitatio
304 1762 378 1830 Sion,
394 1762 458 1835 qnia
481 1779 594 1835 magnus
618 1762 646 1816 in
669 1762 761 1818 medio
782 1762 820 1817 tui
841 1774 952 1819 sanctus
1006 1763 1057 1818 iste
1072 1771 1123 1828 est,
1139 1778 1219 1832 quem
1234 1763 1391 1819 nnritDeus
1407 1779 1473 1818 suus
1488 1761 1547 1817 oleo
1563 1762 1728 1834 laetitiaeprae
1738 1779 1808 1820 con·

151 1847 236 1903 lsrael
250 1847 322 1919 (Iso,
340 1862 392 1913 ιιι,
408 1848 447 1919 6).
462 1847 498 1902 At
521 1846 591 1903 idern
610 1845 743 1902 Dominus
757 1846 785 1902 in
805 1846 870 1902 Sion
887 1863 946 1902 rna·
1001 1851 1125 1906 sortibus
1153 1849 1210 1906 suis
1224 1851 1238 1905 ‘l
1252 1851 1338 1919 (Prot.
1354 1867 1428 1920 xcxv,
1444 1851 1481 1916 8.)
1496 1850 1570 1905 Beati
1586 1850 1662 1905 eritis
1690 1867 1754 1915 vos,
1782 1855 1806 1908 si

152 1951 231 2007 gnus,
243 1935 315 2008 apud
330 1950 380 1991 nos
389 1935 529 2006 parvulus,
540 1934 612 2006 apud
626 1951 678 1991 nos
687 1933 809 1990 infirmus
823 1941 948 2008 repertus
1001 1939 1114 2015 gloriari
1146 1938 1287 2010 potueritis
1320 1948 1495 2005 revertentes,
1515 1946 1542 1992 et
1565 1939 1664 2006 dicere,
1693 1940 1808 2011 quiade

151 2033 208 2090 cett
224 2039 257 2079 ex
272 2037 325 2079 nno
337 2023 439 2094 jacere,
455 2038 488 2079 ex
502 2023 587 2078 altero
602 2031 629 2078 et
642 2022 670 2078 in
683 2023 782 2079 lectulo
795 2025 886 2092 jacere
900 2024 948 2080 ha·
1002 2027 1182 2100 plurritodine
1196 2029 1291 2098 ejurat
1301 2043 1351 2084 nos
1360 2029 1521 2100 occepimus
1532 2029 1642 2097 (locor,
1654 2031 1710 2098 to).
1722 2028 1806 2085 Enim

151 2114 230 2170 bens.
246 2110 289 2168 lin
316 2125 372 2168 nou
393 2112 510 2168 lectulus
536 2112 675 2169 tumulus?
691 2127 726 2167 an
751 2127 805 2168 non
833 2113 947 2170 lectulus
1003 2132 1065 2171 vero
1095 2114 1251 2171 factumest
1274 2115 1319 2172 ita.
1348 2116 1418 2172 Nam
1446 2130 1539 2171 revera
1555 2124 1642 2171 nnctae
1671 2127 1804 2184 remeant,

151 2201 379 2275 praesepiumfau
393 2216 447 2258 non
462 2199 577 2257 loctnlns
596 2208 689 2256 uterus
704 2200 843 2272 Virginis?
853 2203 947 2273 Neque
1002 2222 1062 2276 quse
1076 2213 1196 2261 uncturae
1206 2201 1450 2271 venerantQuidni
1465 2211 1564 2271 unctae,
1577 2210 1631 2258 tarn
1650 2206 1710 2261 lato
1728 2221 1803 2260 nun-

151 2289 225 2346 euim
246 2288 339 2360 magni
362 2287 448 2344 Patris
471 2294 567 2345 nterim
589 2288 704 2344 lectulus
726 2297 776 2354 cst,
792 2289 840 2346 sed
863 2289 947 2346 lectus
1001 2295 1126 2349 tinnovae
1136 2291 1574 2363 odoriferaqnexesurrectionest
1588 2293 1805 2367 Quomspsciost

151 2392 276 2452 maguus,
291 2377 326 2433 de
344 2390 398 2450 quo
413 2376 447 2433 ad
467 2374 566 2432 Filium
581 2395 588 2431 ε
604 2378 648 2435 Ero
662 2382 754 2446 utero,
769 2377 865 2450 iuquit,
880 2384 962 2436 unte.
1001 2381 1804 2454 pcdeseonnpelisontiumpoccmeonnqelicaotiumbmtu!

151 2468 306 2538 luciferum
315 2467 400 2540 ponet
415 2470 442 2523 te
451 2464 537 2537 (Psoi.
550 2480 606 2535 cxx,
619 2466 657 2536 3).
669 2466 835 2537 Quamquam
847 2482 880 2522 ne
892 2467 947 2524 lec
1002 2471 1092 2540 (hom.
1108 2485 1138 2537 ιι,
1156 2469 1312 2540 thlbfisssc
1326 2469 1465 2545 abongelo
1479 2486 1549 2541 opus
1564 2468 1666 2525 faciunt
1681 2487 1803 2544 cvsnge-

153 2564 197 2612 tns
210 2555 319 2629 quidem
338 2553 453 2610 forsitan
470 2553 552 2627 digno
569 2554 722 2612 censendus
735 2554 768 2609 sit
783 2563 875 2610 uterus
888 2556 945 2622 ille,
1002 2558 1086 2630 listae3
1103 2558 1232 2630 factaeque
1246 2563 1377 2625 apostotae
1399 2557 1662 2627 apostolorum,dum
1674 2559 1804 2614 festinant

150 2645 199 2716 qni
213 2643 333 2716 regentis
348 2642 448 2714 potius,
459 2657 542 2714 quarn
555 2643 670 2713 jacentis
685 2651 726 2699 est
740 2642 825 2699 locus.
837 2645 947 2700 Monens
1002 2647 1036 2701 ad
1053 2646 1269 2703 arinuntiandum
1283 2662 1364 2702 mane
1379 2645 1597 2703 nxisericordiam
1611 2645 1736 2711 Domini,
1760 2647 1805 2701 di-

149 2731 220 2788 enim
249 2731 276 2786 in
299 2733 376 2787 Patre
396 2730 464 2804 regit
486 2746 549 2787 cnm
571 2732 649 2787 Patre
673 2731 809 2786 universa.
825 2730 947 2805 Denique
1001 2743 1065 2791 cunt
1082 2753 1087 2788 :
1104 2735 1449 2807 luodoreunguentorum
1466 2744 1573 2791 tuorum
1602 2734 1748 2791 currimus.
1765 2735 1805 2790 Ex

149 2835 203 2876 non
226 2820 327 2890 jacere,
343 2819 393 2875 sed
414 2818 510 2876 sedere
531 2821 566 2876 ad
589 2821 727 2875 dexteram
749 2821 834 2876 Patris
848 2821 946 2878 Filium
1001 2833 1066 2880 tunc
1081 2838 1147 2898 ergo
1160 2832 1187 2880 et
1200 2823 1329 2893 deinceps
1343 2822 1444 2878 frustra
1459 2824 1487 2879 in
1500 2823 1601 2880 lectulo
1616 2824 1749 2894 quesitus
1764 2833 1807 2879 est

148 2906 217 2963 lides
238 2907 389 2965 indubitata
407 2908 505 2978 babet;
523 2916 549 2964 et
572 2907 631 2979 ipse
654 2907 753 2964 coelum
782 2909 833 2966 sibi
857 2911 948 2967 sedem
964 2908 986 2987 c
1002 2927 1119 2982 sponsus
1135 2931 1141 2966 :
1157 2911 1220 2982 quia
1234 2913 1284 2966 etsi
1295 2922 1460 2981 cognoverat
1483 2927 1547 2968 oum
1560 2911 1691 2976 Ecclesia,
1709 2926 1808 2967 secun-

148 3012 216 3064 esse,
233 3012 287 3054 non
310 2996 409 3053 lectum
433 2995 556 3067 perhibet
579 2996 646 3068 (fro.
663 3011 737 3063 axvr,
755 3000 783 3068 t)
804 3007 856 3053 :nt
876 2999 948 3055 scias
1002 3000 1067 3056 durn
1086 3012 1207 3067 carnem,
1222 2998 1250 3052 id
1265 3002 1307 3052 est
1321 2997 1470 3054 secundum
1499 2997 1591 3055 carnis
1605 2998 1806 3064 infirmitatem,

148 3084 265 3141 illumin
288 3083 355 3151 suis,
369 3085 397 3141 id
411 3092 451 3142 est
474 3086 503 3142 iu
525 3085 641 3157 superis,
657 3101 828 3158 nequaquam
849 3087 947 3142 solatia
1001 3089 1048 3142 sed
1066 3087 1199 3155 uuncjaru
1215 3101 1271 3141 non
1285 3084 1372 3141 novit.
1388 3085 1511 3157 Denique
1525 3085 1655 3156 quaesitus
1665 3096 1709 3141 est
1724 3098 1806 3157 post·

150 3173 251 3232 habere
265 3173 437 3242 infimitatis,
454 3175 501 3230 sed
518 3175 655 3246 potestatis
669 3173 796 3248 insignis.
1003 3182 1106 3231 motum
1120 3191 1137 3230 a
1151 3176 1231 3231 Petro
1252 3185 1280 3230 et
1301 3175 1407 3229 Joanne
1431 3172 1578 3229 identidem
1608 3172 1635 3227 in
1662 3175 1806 3248 sepulcro,

186 3263 214 3318 7.
230 3263 323 3320 Merito
348 3263 461 3334 proinde
483 3278 585 3333 sponsa
606 3278 710 3335 ponens
733 3261 869 3330 lectulum,
882 3261 948 3319 dicit
1002 3263 1049 3319 sed
1063 3263 1177 3319 minime
1192 3263 1326 3320 inventus.
1345 3263 1412 3319 Vide
1421 3271 1459 3331 tn,
1471 3272 1598 3317 utrumne
1612 3269 1675 3330 apte
1691 3273 1806 3319 etrorn·

150 3365 240 3417 snum,
256 3351 321 3423 quis
343 3367 423 3407 omne
446 3350 521 3422 qnod
543 3350 680 3407 infirmum
701 3359 743 3408 est
766 3352 826 3418 Dei,
842 3367 894 3407 non
912 3351 947 3407 de

149 3440 260 3511 proprio
272 3438 363 3497 inesse
378 3440 416 3497 illi
430 3440 602 3497 manifestum
615 3450 666 3510 est,
682 3441 730 3498 sed
744 3442 779 3498 de
792 3451 896 3498 nostro.
907 3441 947 3497 Ex

149 3526 227 3585 nobis
242 3528 389 3601 assumpsit
402 3545 463 3601 quae
477 3529 621 3601 pronubis
636 3529 773 3595 sustinuit,
789 3529 877 3599 nasci,
890 3529 945 3584 lac-

151 3618 210 3684 tari,
225 3617 305 3688 mori,
320 3616 435 3691 sepeliri.
453 3618 512 3674 flea
525 3627 566 3676 est
580 3616 730 3674 mortalitas
746 3617 811 3683 nati,
829 3632 888 3672 mea
901 3617 947 3672 in-

149 3705 262 3762 firmitas
280 3705 395 3778 parvoli,
416 3722 474 3761 mea
497 3705 647 3777 exspiratio
670 3702 801 3773 crucifixi,
822 3721 885 3762 mes
907 3723 947 3762 se·

149 3794 218 3866 pulti
231 3793 368 3851 dormitio.
378 3792 444 3863 Quoe
459 3794 549 3864 priora
572 3791 747 3861 transiemnt,
759 3801 787 3849 et
801 3808 863 3850 ecoe
877 3809 947 3850 nova

149 3888 214 3940 sunt
225 3882 326 3938 omnis.
339 3885 370 3940 ln
382 3884 484 3940 lectulo
500 3880 611 3941 1588
623 3899 685 3940 meo
696 3882 815 3956 questos
823 3900 873 3956 per
881 3901 948 3940 noo·

1003 3361 1124 3423 petentes
1138 3351 1254 3423 quisque
1269 3352 1367 3408 horum
1394 3361 1458 3405 tunc
1476 3351 1567 3405 dicere
1595 3349 1713 3421 quiverit
1743 3369 1750 3406 :
1775 3354 1805 3408 ln

1003 3440 1606 3512 lectutomeoconcisiquemdiiiqitonirno
1616 3443 1805 3514 meoquoesini

1001 3535 1029 3586 ct
1043 3544 1101 3586 nors
1115 3531 1222 3586 inueni.
1238 3530 1342 3600 Nempe
1355 3527 1428 3585 iture
1440 3529 1475 3582 ad
1488 3529 1593 3583 Patrem
1603 3542 1666 3583 caro
1677 3544 1739 3600 quae
1750 3545 1803 3585 non

1001 3630 1060 3674 orat
1073 3635 1107 3675 ex
1123 3619 1211 3685 Patre,
1223 3616 1300 3690 prins
1310 3633 1359 3688 per
1373 3616 1488 3689 gloriam
1503 3615 1709 3672 resurrectionis
1723 3634 1805 3673 omne

1002 3705 1137 3763 infirmum
1156 3722 1186 3761 se
1200 3705 1284 3771 exuit,
1294 3705 1410 3761 accinxit
1425 3705 1556 3776 potentia,
1585 3705 1674 3760 induit
1700 3705 1805 3762 lumine

1001 3795 1072 3851 sicut
1087 3794 1251 3852 vestimento
1268 3794 1313 3850 :in
1329 3793 1403 3865 quati
1417 3792 1545 3849 nimirum
1556 3792 1646 3864 gloria
1660 3802 1687 3849 et
1707 3803 1804 3850 ornatu

1001 3881 1094 3941 decuit
1108 3900 1169 3939 enm
1185 3883 1308 3955 paternis
1327 3883 1486 3954 aspectibus
1502 3880 1673 3952 praesentari.

150 3976 190 4030 tes
204 3985 288 4042 urcem
299 3970 395 4043 diligit
404 3974 503 4027 animo
515 3989 589 4029 meu.
601 3970 688 4042 Quid?
699 3972 725 4026 ιιι
737 3981 783 4027 tuo
794 3972 943 4042 quaerebas,
1036 3977 1063 4028 9.
1079 3971 1194 4030 Pulchre
1208 3987 1273 4031 vero
1293 3986 1393 4043 sponsa
1409 3988 1415 4024 :
1431 3969 1494 4025 Non
1519 3986 1600 4042 quesn
1628 3970 1712 4043 diligo
1735 3987 1803 4044 ego,

149 4101 235 4159 gnum
256 4084 338 4142 chaos
351 4094 423 4142 esset
436 4084 506 4143 inter
529 4085 591 4141 illos
610 4095 636 4141 et
656 4085 762 4141 animes
784 4085 939 4156 impiorum.
998 4096 1068 4144 orat.
1085 4089 1129 4154 ts,
1146 4093 1173 4142 et
1195 4087 1319 4142 absolute
1338 4083 1451 4140 affirmat
1466 4084 1595 4141 Clemens
1611 4085 1689 4143 Alex.
1703 4086 1756 4146 lib.
1773 4103 1802 4142 vr

150 4176 164 4209 s
179 4155 309 4226 Quamvis
322 4156 405 4224 enim,
423 4179 434 4208 ι
453 4158 548 4230 inquit,
561 4177 573 4208 ι
591 4170 712 4227 utreque
727 4159 754 4211 in
770 4156 887 4211 tenebris
900 4172 942 4210 es·
960 4178 984 4256 n
999 4158 1128 4215 Stromat.

148 4237 218 4296 sent,
234 4243 290 4284 nou
306 4238 425 4297 unaque
454 4235 533 4284 erant
551 4229 578 4283 in
603 4229 769 4298 poerris...1n
793 4226 944 4300 huncergo
1033 4229 1180 4286 Sciendum
1203 4243 1268 4283 vero
1296 4226 1347 4282 etsi
1374 4237 1475 4282 certum
1501 4227 1537 4281 sit
1564 4225 1598 4282 de
1627 4225 1679 4281 lide
1709 4243 1804 4300 poenas

148 4300 238 4354 locum
261 4299 386 4357 Salvator
399 4299 575 4364 desoendens,
592 4297 717 4354 contrivit
740 4309 832 4368 portas
845 4313 944 4366 aereas,
999 4299 1191 4354 damnatorum
1207 4308 1322 4352 aeternus
1337 4311 1409 4362 esse,
1424 4305 1454 4351 ut
1469 4296 1602 4370 Theologi
1617 4297 1645 4352 in
1656 4312 1709 4370 qna
1721 4301 1798 4354 Sent.

148 4381 175 4426 et
196 4377 285 4426 vectes
307 4369 410 4426 ferreos
430 4367 573 4442 confregit,
589 4370 753 4438 eductosque
780 4366 885 4424 vinctos
911 4373 945 4422 de
999 4370 1065 4425 dist.
1080 4372 1114 4425 tt
1143 4369 1223 4422 tatius
1238 4368 1336 4422 docent
1353 4385 1359 4421 :
1376 4373 1467 4422 tamen
1482 4384 1537 4422 non
1552 4384 1613 4424 esse
1627 4370 1661 4423 de.
1675 4367 1803 4425 fideeer-

148 4441 229 4498 domo
249 4444 373 4511 carceris,
392 4461 402 4489 ι
427 4453 477 4496 eto.
494 4456 556 4509 quat
579 4437 646 4493 mire
673 4442 744 4493 hunc
769 4439 859 4494 lucum
884 4440 946 4493 illu-

148 4519 243 4566 strant.
257 4542 293 4553 -
312 4513 352 4567 lta
366 4510 538 4568 blabillonius
553 4525 560 4562 ι
577 4526 656 4580 qnam
673 4525 737 4566 vero
751 4519 945 4565 commemorat

149 4582 247 4640 Horatii
262 4591 353 4639 uotam
368 4583 396 4637 in
410 4583 484 4637 huuc
505 4579 603 4644 locum,
621 4582 678 4638 tnnc
692 4593 732 4636 est
750 4600 755 4638 :
783 4610 813 4622 ·-
840 4581 945 4651 Quibus

149 4654 239 4709 verbis
253 4656 354 4709 sentire
368 4652 475 4709 videtur
493 4651 627 4707 Christum
649 4653 731 4707 semel
747 4651 774 4706 in
790 4668 839 4709 suo
854 4651 888 4707 ad
904 4653 946 4706 ιιι-

150 4725 223 4780 feros
237 4726 369 4779 descensu
394 4721 509 4797 aliquem
534 4740 566 4777 ex
592 4723 724 4779 damnatis
743 4725 856 4779 eruisse.
874 4722 947 4779 {dem

148 4793 265 4851 insinuat
277 4793 429 4867 Cyprianus
450 4793 517 4865 (imo
531 4793 670 4849 dmotdus
688 4794 770 4849 abbas
785 4793 947 4851 Bonae-Val-

148 4864 206 4938 lis.)
220 4881 302 4924 serm.
318 4864 478 4922 dedecens.
490 4864 607 4930 Domini,
619 4864 665 4920 ubi
679 4866 719 4920 sic
732 4864 815 4920 habet
831 4884 838 4920 :
858 4885 870 4914 r
886 4863 946 4919 Non

148 4936 322 4993 miserebitur
346 4936 416 4991 ultra
440 4937 550 5002 Deua»
574 4939 682 5007 (nempe
705 4936 789 4990 semol
813 4935 947 4991 damnatis

125 5033 128 5038 .
148 5007 182 5062 ad
196 5008 313 5077 inferos)
330 5025 342 5058 ι
360 5023 446 5080 neque
457 5015 521 5062 tunc
533 5007 624 5061 audiet
638 5005 810 5129 prenitentes.
823 5005 948 5062 seruerit

148 5076 194 5133 ills
212 5077 346 5135 confessio
364 5096 370 5133 :
387 5087 413 5134 et
436 5094 499 5136 curu
523 5077 613 5134 clausa
645 5076 717 5130 ‘uerit
738 5078 830 5146 janua,
846 5076 946 5132 frustra

148 5157 271 5205 carentes
285 5148 344 5204 oleo
359 5150 545 5205 acclamabunt
559 5148 672 5203 exclusi.
690 5147 797 5203 Nullum
813 5149 849 5203 ibi
865 5148 945 5204 rofri-

1000 4450 1065 4505 turn,
1087 4451 1179 4494 utrum
1194 4439 1222 4494 in
1238 4441 1286 4494 hac
1301 4440 1361 4511 lege
1377 4439 1426 4493 Dei
1440 4439 1577 4493 ordinaria
1618 4439 1804 4510 dispensetur,

1000 4527 1094 4566 necne.
1114 4511 1205 4565 Patres
1220 4509 1259 4566 illi
1274 4510 1366 4582 itaque
1380 4525 1435 4564 non
1449 4511 1594 4582 loquuntur
1607 4510 1643 4564 dc
1657 4511 1731 4582 lege,
1755 4512 1805 4567 sed

1003 4583 1037 4637 de
1053 4581 1196 4652 privilegio
1213 4597 1219 4631 :
1240 4581 1295 4636 imo
1311 4597 1344 4635 ne
1358 4581 1392 4636 de
1403 4581 1454 4636 hoc
1469 4581 1576 4651 quidem
1595 4581 1723 4638 absolute
1754 4583 1804 4637 sed

1003 4652 1186 4723 hypothetice,
1204 4652 1231 4706 in
1247 4654 1318 4707 hunc
1333 4667 1445 4706 sonsum
1461 4668 1467 4707 :
1485 4649 1627 4723 siquando
1642 4650 1705 4722 quis
1733 4654 1805 4707 uerit

1002 4725 1036 4778 ab
1064 4722 1157 4778 interis
1188 4723 1330 4788 liberatus,
1358 4733 1422 4777 tirno
1450 4723 1476 4775 id
1507 4722 1605 4776 fuctum
1635 4725 1804 4792 oportuisse,

1002 4796 1108 4865 quando
1123 4793 1247 4849 Christus
1257 4793 1314 4863 ipso
1327 4794 1360 4846 ad
1376 4793 1477 4848 inferos
1488 4793 1638 4847 descendit.
1655 4794 1724 4862 Quae
1736 4810 1804 4864 pro-

1003 4865 1098 4934 positio
1114 4863 1211 4920 rutioni
1225 4864 1330 4918 videtur
1350 4865 1415 4917 satis
1426 4870 1609 4919 consentanea
1626 4879 1632 4916 :
1655 4880 1718 4920 cum
1748 4882 1804 4934 qua

1002 4943 1093 4992 tannen
1105 4942 1169 5006 stat,
1180 4935 1314 4988 nemiuem
1330 4934 1364 4988 ab
1378 4933 1472 4989 inferis
1484 4942 1590 4988 erutum
1604 4933 1689 4990 fuisse
1707 4951 1714 4986 :
1728 4938 1803 5006 quod

1002 5006 1137 5062 neminem
1154 5021 1273 5076 unquam
1288 5004 1347 5059 erui
1362 5004 1524 5075 oportuerit.
1540 5004 1711 5060 Clementem
1734 5007 1803 5060 Alo-

1002 5079 1096 5133 xundr.
1110 5077 1143 5130 ab
1158 5092 1250 5132 errore
1271 5076 1414 5130 llarcionis
1427 5090 1484 5130 non
1499 5074 1645 5131 liberamus

1038 5149 1077 5203 De
1091 5148 1183 5203 anima
1197 5147 1306 5215 Traiani
1322 5147 1447 5216 precibus
1461 5147 1490 5202 S.
1507 5145 1635 5217 Gregorii
1659 5147 1752 5216 hfagni
1770 5149 1805 5201 ab

1002 5218 1098 5275 inferis
1116 5218 1228 5274 liberata
1244 5217 1349 5273 variant
1371 5220 1529 5287 scriptores.
1559 5217 1610 5274 Atii
1639 5220 1803 5272 commenti·

1003 5290 1068 5344 tiam
1083 5293 1160 5345 siunt
1173 5287 1428 5371 essenorrationonr
1446 5304 1453 5340 t
1469 5288 1513 5344 alii
1535 5304 1646 5411 proquo
1660 5291 1743 5344 modo
1760 5290 1803 5344 in·

1002 5368 1194 5431 terpretantur.
1217 5360 1282 5416 Vide
1297 5361 1395 5415 baron.
1413 5367 1487 5414 torno
1501 5359 1535 5413 vt
1552 5359 1573 5424 l,
1589 5375 1633 5422 au,
1652 5360 1725 5424 oot;
1746 5360 1805 5414 Bel·

148 5220 267 5345 gerius»,
284 5219 385 5276 nullutn
409 5221 568 5303 remedium.
585 5219 671 5276 Semel
696 5220 818 5277 Christus
833 5222 949 5275 descen·

169 5300 189 5345 rt
203 5291 237 5346 sd
261 5290 363 5347 inferos
386 5294 522 5348 :ulterius
546 5308 600 5347 non
623 5290 780 5347 descende.
796 5293 856 5346 Non
880 5290 948 5346 ultra

152 5360 279 5418 videbunt
303 5364 388 5418 Deum
412 5364 575 5419 intenebris
599 5362 707 5488 sigillati
724 5385 729 5420 :
747 5362 949 5437 irregressibilis

151 5429 203 5484 erit
231 5430 275 5485 ills
299 5433 440 5498 sententia,
458 5439 483 5487 et
512 5434 621 5489 immuta
641 5434 675 5489 ile
700 5434 870 5502 judicium»
896 5443 946 5487 etc.
1002 5431 1125 5487 larmds
1140 5433 1252 5504 Purgst.
1269 5431 1315 5485 lib.
1332 5446 1361 5486 ιι.
1380 5445 1440 5499 cap.
1457 5430 1618 5497 838narez,
1631 5439 1650 5484 ι.
1666 5430 1700 5496 ιι,
1716 5430 1747 5483 iu
1773 5447 1803 5486 ιιι

108 5576 134 5595 ι
152 5499 264 5557 Videtur
277 5512 303 5556 et
319 5504 381 5559 hnic
396 5503 535 5559 sententiae
556 5504 646 5562 favere
659 5505 809 5576 Gregorius
823 5504 947 5558 Nazianz.
1004 5512 1091 5573 parte,
1106 5504 1134 5557 d.
1146 5505 1190 5567 ts,
1203 5520 1226 5555 s.
1240 5507 1255 5556 3
1267 5520 1274 5572 ;
1284 5502 1409 5559 flendos.
1427 5501 1479 5559 inl.
1497 5501 1672 5573 l,Ecg.1v‚c.
1690 5507 1716 5567 2,
1734 5516 1765 5558 n.
1775 5506 1803 5557 6.
