3734 5948
193 215 245 275 523
677 209 703 267 S.
724 203 892 265 bethsam
911 200 1047 264 ABBATIS
1061 201 1369 267 utahmtntfflhsls
1784 214 1840 273 524

191 337 250 395 loco
273 336 381 392 studeat
400 333 588 406 uuusquisque
611 348 645 388 ue
670 330 799 386 dissideat
821 328 878 399 ipse
902 343 919 382 u
941 342 985 382 se·
1005 324 1120 421 gdurn,
1136 326 1185 395 aed
1205 326 1341 384 obsessum
1361 328 1396 383 ab
1417 329 1543 387 immicis.
1563 328 1700 405 Quotquot
1714 334 1797 407 igitur
1811 341 1838 394 in

192 427 328 498 nrt·tipso;
344 425 470 498 quoniam
494 439 574 480 omne
588 439 701 495 reguum
723 421 750 475 in
765 418 894 489 seipsum
917 413 990 471 dive
1044 413 1131 484 ipsius
1148 431 1222 472 arma
1244 417 1326 486 jurati
1350 433 1453 485 sumus,
1469 427 1497 475 et
1514 420 1573 491 ejus
1587 421 1690 478 militiae
1712 423 1840 485 dedimus

191 533 250 570 snm
279 513 455 582 desolabitur,
482 521 509 569 et
538 512 636 568 domus
659 526 741 580 supra
772 508 881 563 domum
909 505 986 562 cadet
1038 504 1156 575 uomina,
1176 504 1275 578 triplici
1288 507 1367 561 uobis
1383 523 1452 578 opus
1464 524 1524 565 esse
1534 510 1689 569 noverimus
1706 527 1838 586 apparatu

190 601 301 674 (llotllr.
318 603 513 671 x11‚25);ncc
534 600 644 656 intrabit
667 597 796 663 Christus,
818 597 864 651 ubi
887 594 986 650 luerint
1038 595 1070 647 ad
1095 594 1246 650 custodiam
1266 596 1348 651 castri
1363 597 1462 667 hujus:
1488 600 1637 657 munitione
1657 601 1790 672 videlicet,
1811 617 1839 663 et

187 694 307 765 parietes
322 691 459 754 declinati,
476 701 503 746 et
516 690 640 746 maceriae
660 685 790 757 depulsae.
805 685 902 740 Nonne
914 683 983 737 enirn
1037 683 1128 753 armis,
1152 694 1179 739 et
1205 683 1348 739 alimentis.
1365 684 1431 753 Quae
1457 693 1498 742 est
1516 703 1581 760 ergo
1606 690 1748 750 munitio?
1772 695 1837 753 Urbs

187 781 309 852 corporis
333 780 374 835 sui
398 781 507 837 domurn
526 779 661 852 integrum
685 775 773 830 anima
791 774 849 830 vult
872 772 982 839 habere,
1036 772 1220 840 tortitudinis
1247 779 1355 830 nostru
1375 775 1453 847 Sion,
1479 775 1516 831 ait
1541 779 1679 849 propheta,
1705 781 1850 849 Salvator,

188 879 214 928 et
228 873 304 926 exire
323 870 395 925 illam
420 884 528 927 necesse
550 875 601 934 est,
615 867 639 922 si
663 865 760 921 luerint
786 878 800 918 a
815 877 846 918 se
869 860 984 917 invicem
1037 865 1160 931 ponetur
1178 863 1210 916 in
1224 877 1256 918 eo
1270 879 1370 919 maurus
1386 866 1414 919 et
1429 867 1608 922 antecastrale
1627 868 1781 935 (lect.xxt'1‚
1799 870 1835 941 l).

187 963 309 1016 membra
328 959 474 1030 dispersa?
489 957 584 1013 Videat
599 970 665 1026 ergo
680 961 708 1010 et
722 953 790 1027 ipsa,
806 954 830 1008 si
846 951 984 1008 desiderat
1038 950 1130 1003 llurus
1149 951 1323 1020 continentia,
1346 951 1512 1008 antemurale
1534 953 1661 1025 patientia
1680 965 1731 1012 est.
1744 957 1838 1024 Bonus

188 1049 309 1106 lrnbitare
333 1046 469 1104 Christum
491 1044 644 1119 perfidem
667 1043 696 1098 in
719 1041 802 1097 corde
823 1056 883 1111 suo,
902 1041 984 1097 idest
1037 1037 1209 1094 continentiae
1242 1055 1344 1108 murus,
1372 1039 1421 1112 qui
1439 1040 1478 1098 sic
1497 1041 1616 1114 undique
1638 1043 1787 1102 circumdat
1811 1057 1848 1115 et-

188 1139 215 1192 in
230 1153 257 1193 se
272 1136 331 1208 ipsa
347 1135 479 1192 :sollicite
492 1140 583 1189 caveat
606 1146 641 1187 ne
654 1146 672 1186 a
687 1145 717 1186 se
736 1129 852 1185 invicem
864 1129 983 1185 mambra
1036 1127 1234 1200 circumcingit,
1260 1136 1289 1184 ut
1310 1144 1362 1185 nec
1386 1146 1435 1200 per
1461 1129 1598 1189 oculorum
1622 1131 1764 1200 fenestras,
1786 1151 1851 1203 nec,

186 1226 245 1296 ejus
259 1226 414 1290 dissideant,
431 1222 457 1277 id
481 1228 526 1279 est
541 1219 617 1285 ratio,
638 1218 762 1275 voluntas
775 1224 855 1290 etque
877 1232 982 1273 memo·
1037 1231 1086 1286 per
1101 1223 1216 1273 caeteros
1239 1233 1333 1274 sensus
1357 1217 1436 1274 detur
1461 1219 1603 1293 ingressus
1621 1222 1710 1278 morti.
1729 1224 1849 1280 &numa

188 1316 237 1371 ria.
261 1315 301 1370 Sit
324 1328 390 1387 ergo
414 1312 471 1368 sine
495 1325 587 1367 errore
611 1306 689 1374 ratio,
709 1314 739 1362 ut
757 1307 828 1362 bene
852 1316 984 1379 congruat
1036 1305 1203 1360 antemurale
1217 1305 1362 1376 patientiae,
1378 1307 1450 1379 quod
1467 1306 1566 1379 primos
1581 1308 1700 1364 hostium
1720 1313 1836 1367 sustinet

188 1404 319 1461 voluntati
338 1401 441 1456 :talem
467 1399 537 1456 onim
563 1396 686 1457 voluntas
709 1404 791 1451 amat.
815 1395 855 1451 Sit
879 1401 906 1450 ει
931 1410 982 1452 vo·
1038 1393 1164 1463 impetus,
1187 1401 1216 1448 ut
1235 1392 1306 1449 inter
1329 1394 1445 1467 plurimu
1465 1403 1627 1454 tentamenta
1641 1407 1747 1463 stemus
1769 1399 1851 1471 viri·¹

187 1495 275 1548 luntas
304 1490 363 1546 sine
394 1488 547 1561 iniquitate,
569 1484 695 1557 quoniam
720 1483 789 1540 ratio
821 1484 899 1538 talem
933 1499 983 1552 ap·
1036 1480 1106 1548 liter,
1132 1491 1158 1538 ει
1181 1497 1384 1553 perseveremus
1406 1483 1505 1558 iugiter
1529 1485 1695 1545 inconcussi.
1721 1488 1836 1547 Unicum

188 1583 294 1654 probat.
321 1578 431 1649 Alioqui
468 1577 491 1631 si
518 1591 577 1632 sese
607 1573 711 1646 judicat
746 1571 836 1655 anima
874 1583 983 1643 propter
1037 1571 1137 1641 quippe
1157 1569 1304 1626 remedium
1328 1579 1379 1642 est,
1401 1572 1465 1631 dum
1485 1575 1650 1632 continentia
1671 1577 1788 1648 quatitur
1808 1586 1846 1635 st-

189 1667 333 1727 volnntatis
359 1664 515 1740 pravitatum
542 1663 569 1719 in
601 1678 632 1718 co
665 1662 738 1735 quod
764 1676 814 1732 per
845 1660 978 1715 rationem
1033 1659 1151 1729 quodam
1165 1659 1247 1716 modo
1262 1669 1348 1730 nutat,
1368 1660 1488 1732 objicere
1507 1663 1673 1735 patientiam,
1691 1673 1727 1732 ot,
1744 1683 1842 1738 quan·.

189 1763 294 1831 probat,
327 1754 426 1813 bellum
455 1752 612 1809 intestinum
637 1758 688 1816 est,
713 1757 738 1805 et
766 1749 904 1806 discordia
929 1765 978 1818 pe-
1039 1757 1203 1820 tumcunque
1233 1749 1334 1807 terreat
1358 1767 1452 1808 sensus
1485 1755 1593 1826 peccati,
1627 1744 1729 1828 negare
1761 1758 1846 1825 omni¹

189 1847 326 1915 1·iculosa;
355 1843 482 1915 quoniam
517 1841 682 1898 voluntatem
720 1837 878 1909 hujusmodi
914 1837 982 1892 ratio
1036 1837 1116 1892 modo
1130 1852 1301 1898 consensum.
1314 1841 1345 1894 ln
1355 1841 1497 1912 patientia
1514 1845 1619 1911 vestro,
1630 1843 1725 1917 inquit,
1741 1848 1834 1919 possi-

190 1950 297 2007 semper
315 1931 463 2006 suggillat,
487 1929 536 1984 sod
555 1935 672 1998 accusat,
691 1925 740 1981 scd
764 1925 904 1995 dijudicat,
934 1924 982 1980 sed
1036 1923 1262 1984 debitisnnt'nvcs
1277 1932 1384 1985 oestrus
1399 1928 1476 2001 (Luc.
1491 1944 1547 1999 xxi,
1568 1931 1624 2002 to).
1641 1932 1755 1991 Ponitur
1769 1950 1835 2007 ergo

189 2021 359 2079 condemnat.
386 2018 498 2086 Propter
526 2015 598 2085 quod
623 2012 659 2070 ait
685 2015 818 2069 Dominus
840 2013 866 2068 in
890 2013 981 2069 Evan-
1036 2012 1064 2068 in
1086 2012 1192 2070 civitate
1210 2030 1259 2069 sua
1282 2014 1405 2073 Salvator
1427 2017 1485 2087 ipse
1499 2032 1594 2074 murus
1609 2030 1635 2075 et
1654 2025 1833 2094 antemurale,

189 2111 261 2186 gella
276 2128 283 2164 ε
300 2111 366 2166 Esto
381 2106 559 2164 coissentiens
574 2102 734 2161 aduersario
751 2107 810 2172 tuo,
826 2101 894 2158 duan
910 2118 936 2158 es
951 2103 981 2157 in
1036 2101 1122 2158 lactus
1137 2102 1216 2159 nobis
1229 2118 1245 2158 a
1259 2103 1317 2159 Deo
1341 2104 1420 2162 Patre
1440 2105 1554 2180 justitia,
1571 2116 1598 2163 ct
1622 2111 1762 2182 prophetae
1787 2129 1843 2184 paq

187 2197 517 2266 viacumi1l0,ncfortc
532 2192 712 2250 aduersarius
728 2191 824 2247 tradat
840 2195 866 2246 te
875 2191 980 2263 jodici,
1037 2191 1139 2261 tientia,
1163 2191 1232 2248 sicut
1255 2192 1327 2247 idom
1342 2193 1402 2248 ait:
1426 2193 1566 2274 Quoniam
1591 2200 1626 2254 tu
1639 2215 1667 2256 es
1687 2202 1846 2272 patientta:

189 2277 449 2361 etjrtdeelro-dotte
460 2281 844 2350 torrentur,etincrrcerem
853 2281 982 2336 abillonis
1036 2296 1108 2351 meo,
1127 2282 1244 2338 Domine
1266 2281 1353 2352 (Psal.
1374 2298 1436 2352 ixx,
1451 2285 1490 2355 5).
1509 2286 1611 2356 llurus,
1637 2287 1761 2360 inquam,
1784 2307 1847 2362 pom

188 2377 297 2448 (llntllr.
324 2391 352 2444 v,
369 2373 424 2445 25).
445 2371 486 2427 Sit
508 2372 588 2426 etiam
612 2368 741 2425 memoria
765 2370 824 2424 sine
846 2369 935 2437 sorde,
952 2379 982 2424 ut
1036 2369 1108 2425 nitur
1136 2370 1164 2424 in
1193 2373 1405 2439 conversatione,
1446 2375 1610 2431 antemurale
1638 2377 1666 2430 in
1695 2379 1831 2448 passione,

188 2465 292 2520 nullum
322 2461 350 2516 in
371 2477 404 2517 ea
427 2465 568 2530 peceatum
590 2464 706 2527 maneat,
727 2457 798 2529 quod
835 2471 889 2511 non
913 2473 981 2528 pura
1035 2458 1068 2511 ab
1087 2457 1211 2514 omuibus
1238 2460 1326 2514 carnis
1354 2467 1382 2517 et
1407 2461 1500 2518 saecuti
1527 2464 1669 2533 praesentis
1697 2465 1846 2525 illecebris.

186 2551 358 2610 civilessioue
372 2557 400 2606 ει
414 2547 502 2622 dignis
516 2546 645 2603 fructibus
669 2542 833 2616 poenileutise
848 2544 980 2602 deleatur.
1034 2544 1180 2614 abstinens,
1204 2558 1231 2602 et
1254 2547 1369 2603 adversa
1396 2551 1534 2606 sustineus
1561 2550 1666 2610 fortiter
1695 2555 1831 2627 universa.

187 2641 316 2712 Alioquin
340 2636 544 2703 conscientiam,
573 2637 600 2691 in
623 2650 675 2706 que
696 2642 838 2706 peccatum
861 2632 934 2702 latet,
955 2643 982 2690 et
1070 2637 1097 2689 2.
1118 2633 1230 2705 Oportet
1244 2645 1334 2692 autern
1349 2644 1376 2692 et
1390 2655 1465 2694 arms
1483 2655 1588 2721 parare,
1608 2642 1656 2698 sed
1674 2657 1750 2701 arma
1772 2648 1842 2718 spi-¹

185 2732 312 2787 voluntas
335 2728 401 2794 odit,
418 2735 445 2783 et
466 2725 532 2783 ratio
557 2732 719 2782 exsecratur.
743 2723 847 2780 Donum
870 2723 981 2793 proinde
1034 2722 1148 2793 ritualia,
1175 2723 1295 2793 potentia
1313 2726 1378 2794 Deo,
1405 2742 1461 2782 non
1482 2728 1614 2785 modoad
1637 2730 1829 2801 resistendum,

185 2808 470 2892 parathahit'a'cnlum
492 2815 562 2881 Deo,
586 2813 665 2883 eujus
689 2828 739 2868 nec
763 2811 831 2867 ratio
854 2811 979 2884 decepta,
1034 2811 1082 2866 sed
1127 2812 1161 2867 ad
1195 2811 1389 2884 impugandum
1437 2831 1548 2889 quoque
1570 2828 1598 2875 et
1619 2822 1842 2898 expugnandum⁸

183 2926 233 2965 acc
264 2909 389 2966 voluntas
415 2919 552 2977 perversa,
583 2918 632 2958 uec
659 2901 790 2959 memoria
825 2899 904 2957 luerit
931 2901 973 2956 iu·
991 2909 1013 2987 g
1030 2899 1305 2960 viriliterinirnicnm.
1323 2903 1500 2962 induitcoos
1520 2911 1842 2980 armaturontDci,ait,

182 2997 301 3070 quium,
1031 2988 1177 3060 Apostolus
1192 2991 1353 3062 (Ephesus,
1370 2992 1426 3063 ll),
1445 3003 1499 3050 etc.
1515 2995 1585 3066 Quid
1596 2996 1669 3053 enirn
1687 3007 1830 3070 putamus,

218 3089 243 3142 l.
268 3086 326 3141 lam
349 3096 416 3140 voro
440 3080 479 3137 sio
502 3096 531 3136 se
562 3077 723 3134 habentibus
746 3076 868 3149 singulis,
895 3076 975 3132 etiarn
1030 3077 1151 3134 iratres?
1173 3078 1271 3134 Gravis
1284 3081 1408 3154 equidem
1426 3083 1505 3139 nobis
1519 3094 1561 3140 est
1574 3085 1674 3143 inimici
1699 3089 1829 3156 teutatio;

181 3191 275 3232 omncs
302 3188 351 3230 nos
377 3169 501 3229 connecti
534 3176 561 3224 ot
586 3166 765 3240 conglutinari
789 3182 901 3223 necesse
924 3173 975 3233 ost,
1030 3167 1079 3222 sed
1094 3166 1176 3239 longe
1191 3167 1300 3241 gravior
1320 3168 1359 3223 illi
1376 3170 1463 3227 oratio
1484 3179 1587 3229 nostra.
1603 3174 1686 3232 taedtv
1700 3190 1751 3234 uos
1774 3162 1844 3245 ini<¹

180 3273 273 3320 mutua
287 3261 379 3332 utiquo
393 3257 534 3325 charitate,
550 3273 609 3330 quae
625 3268 666 3311 ost
679 3252 816 3312 viaculum
834 3252 977 3326 perfectio·
1029 3254 1118 3328 quitas
1132 3255 1191 3326 ejus
1210 3265 1290 3329 atque
1313 3261 1451 3332 versutia;
1468 3262 1516 3317 sed
1541 3263 1625 3320 multo
1640 3263 1761 3336 amplius
1774 3282 1829 3324 no-

178 3354 229 3408 nis.
246 3353 315 3408 Nam
329 3347 446 3424 cognitio
471 3346 579 3420 quidem
594 3342 717 3418 perlecta
738 3344 766 3400 in
781 3346 831 3402 hac
853 3343 909 3400 vita
925 3336 989 3398 hui
1029 3353 1085 3400 stra
1099 3361 1161 3401 eum
1175 3344 1331 3417 simplicitas
1350 3358 1377 3404 et
1395 3348 1582 3427 misericordia
1597 3361 1713 3426 torquet.
1727 3353 1829 3423 llumi·

179 3441 236 3498 beri
264 3455 320 3496 non
342 3444 441 3510 potest,
468 3433 579 3490 forsitan
603 3450 652 3491 nec
674 3441 791 3504 oportet.
819 3433 849 3487 ln
873 3430 976 3488 coelosti
1029 3436 1131 3489 litatem
1169 3442 1287 3491 nostram
1322 3451 1378 3492 non
1411 3439 1541 3505 sustiuet;
1571 3441 1674 3511 uritur,
1696 3443 1829 3521 elveritqte

178 3526 312 3604 siquidem
336 3527 417 3583 domo
441 3519 559 3599 cognitio
574 3520 727 3579 dilectionis
751 3527 792 3577 est
819 3519 975 3577 nutrimen·
1029 3530 1130 3590 nostra,
1154 3524 1360 3583 mansuetudine
1378 3533 1405 3583 ει
1428 3527 1583 3586 obedientia
1604 3531 1828 3611 cruciatuudutn

177 3627 244 3675 tum.
260 3617 325 3689 Quis
343 3616 416 3674 enim
430 3609 591 3690 gloriabitur
616 3618 719 3668 castum
743 3626 772 3668 se
786 3609 887 3666 habere
907 3609 974 3666 cor‘l
1026 3626 1092 3668 vero
1105 3627 1155 3668 nec
1177 3611 1247 3668 lavne
1264 3612 1372 3685 quidem
1388 3613 1476 3688 urgeri
1491 3631 1648 3687 possumus,
1661 3628 1690 3676 ut
1703 3620 1828 3690 hostibus

176 3710 323 3779 Propterea
350 3704 429 3763 facile
457 3708 515 3762 erat
551 3709 578 3759 et
606 3699 734 3758 conlundi
768 3697 918 3771 cognitum,
946 3705 974 3753 et
1027 3707 1143 3757 castrum
1168 3700 1273 3758 tradere
1306 3702 1519 3774 compellamur;
1550 3706 1689 3779 quoniam,
1723 3710 1836 3781 gratim.

176 3804 384 3869 cognoscentem
395 3791 507 3850 olleudi.
521 3789 561 3846 lbi
574 3790 698 3861 jucunda
716 3787 768 3844 erit
783 3788 912 3861 cognitio,
927 3787 973 3842 ubi
1027 3789 1096 3858 Deo,
1112 3805 1165 3846 non
1181 3790 1256 3846 venit
1271 3806 1418 3862 supernos
1433 3792 1559 3849 terribilis
1577 3794 1624 3851 ills
1650 3797 1826 3857 comminatio

177 3884 281 3940 articula
302 3884 358 3955 jam
381 3896 436 3937 non
464 3880 525 3936 erit.
561 3877 609 3933 llla
637 3892 704 3951 ergo
727 3877 825 3933 domus
848 3889 973 3932 connexa
1025 3878 1175 3951 prophetae,
1192 3877 1247 3933 imo
1263 3877 1370 3935 Domini
1384 3897 1431 3953 per
1454 3882 1624 3955 prophetam,
1644 3883 1725 3942 lamis
1748 3886 1827 3949 vido·

176 3971 280 4027 firmius
294 3977 344 4037 est,
367 3976 497 4041 tauquam
521 3966 549 4021 in
564 3974 693 4023 eternum
717 3979 846 4022 mansura
871 3982 877 4019 :
903 3962 972 4031 haec,
1027 3967 1096 4026 licet.
1112 3974 1139 4022 et
1157 3965 1229 4033 sitis;
1245 3982 1300 4022 non
1320 3968 1395 4038 panis
1410 3978 1436 4025 et
1459 3986 1547 4044 aquae,
1567 3973 1615 4029 sed
1630 3973 1706 4031 verbi
1728 3972 1824 4049 μίξει,

176 4070 301 4134 tanquam
322 4056 524 4115 tabernaculum
545 4055 715 4125 bellatorum,
731 4053 821 4110 minus
840 4053 891 4109 sibi
906 4068 971 4126 per·
1026 4052 1823 4131 audiendiverbi]Dei(.lmosvnv,ll).Siceuimhabernus:

175 4149 245 4205 ferte
271 4150 400 4204 cohaerot.
425 4145 472 4200 llla
503 4143 631 4200 nimirum
663 4143 760 4198 domus
785 4141 896 4210 laetittae,
921 4141 971 4197 ista
1026 4144 1129 4200 Nonio
1140 4145 1280 4217 sclopano
1291 4146 1360 4204 uiuit
1370 4148 1460 4215 leonto,
1470 4149 1518 4206 sed
1528 4152 1559 4207 in
1569 4152 1648 4208 cenati
1659 4152 1826 4226 verboquod

175 4238 277 4293 militiae
300 4244 355 4307 est;
387 4236 431 4290 illa
454 4233 551 4292 domus
577 4229 690 4289 1071
716 4231 813 4298 laudis,
834 4230 884 4287 ista
909 4188 1841 4316 ora·'nproceditdeoreDeildeut.vur,3;dinttlt.rv,t).1taque.

175 4327 266 4384 tionis.
292 4328 366 4394 Haec,
383 4325 502 4398 inquam,
519 4330 560 4381 est
584 4323 649 4377 urbs
672 4320 835 4376 fortitudinis
858 4328 969 4387 nostrae,
1024 4336 1079 4376 non
1092 4319 1171 4377 uobis
1183 4321 1309 4380 alimenta
1319 4325 1425 4394 desunt,
1442 4326 1488 4398 qui
1504 4335 1531 4384 ot
1544 4343 1684 4386 sermones
1693 4328 1825 4404 frequen·

175 4416 220 4472 illa
235 4425 276 4472 est
302 4416 396 4474 civitas
410 4413 512 4486 requiei
532 4418 641 4469 nostra.
658 4408 771 4467 Proinde
796 4409 819 4463 si
834 4408 971 4465 rictoviosi
1026 4422 1076 4480 ter,
1088 4418 1115 4465 et
1128 4408 1298 4482 frequentius
1308 4428 1398 4473 sacrm
1408 4414 1537 4472 lectiones
1550 4416 1688 4490 audimus,
1699 4427 1726 4477 et
1740 4425 1826 4478 inter·

176 4507 308 4563 fuerimus
330 4505 385 4574 hic,
411 4503 465 4559 illic
489 4502 590 4558 erimus
614 4497 734 4574 gloriosi,
759 4499 891 4554 habentes
911 4498 972 4554 loco
1025 4501 1091 4555 dum
1111 4515 1220 4572 quoque
1243 4501 1392 4571 spiritualis
1415 4503 1564 4563 devotionis
1586 4513 1728 4580 gustamus
1750 4509 1832 4581 deli,-¹

180 4597 264 4670 gale-re
287 4594 419 4659 diadema,
449 4597 588 4664 sceptrum
612 4596 639 4644 et
657 4587 773 4659 palmam
797 4602 846 4658 pro
869 4587 971 4659 gladio,
1027 4589 1092 4657 cias,
1117 4589 1522 4660 tanquamslcatnliedantde
1545 4595 1623 4654 micis
1641 4613 1703 4669 quor
1725 4600 1827 4667 cadunt

181 4704 232 4760 pro
257 4693 333 4742 scuto
347 4681 516 4754 chlamydem
539 4680 703 4744 deauratam,
720 4692 769 4749 pro
794 4677 902 4733 thorace
917 4686 973 4733 sto·
1026 4678 1165 4734 demensa
1187 4679 1360 4736 dominorum
1375 4683 1504 4739 suorum?
1528 4684 1652 4743 coelestes
1674 4686 1737 4743 illos
1762 4703 1828 4747 con·

180 4778 232 4832 lam
256 4771 442 4845 jucunditatis.
464 4768 574 4825 iuterim
593 4783 656 4822 sane
672 4765 760 4838 prensi
782 4765 868 4838 magis
892 4782 974 4840 qaam
1026 4767 1099 4822 vivas
1113 4765 1187 4834 dico,
1215 4768 1262 4840 qui
1279 4768 1419 4842 replentur
1439 4771 1472 4827 ab
1496 4771 1620 4830 ubertate
1644 4774 1744 4833 domus
1765 4776 1824 4833 Dei.

179 4864 275 4936 perimi
290 4861 398 4920 videtur
412 4859 519 4928 utilius3
536 4866 563 4912 et
576 4854 710 4912 sustinere
726 4856 831 4926 pondus
845 4853 933 4927 clypei
947 4860 974 4910 et
1027 4855 1161 4911 llabemus
1175 4856 1256 4912 etiam
1272 4874 1370 4930 panem
1388 4859 1578 4933 lacrymarum,
1597 4861 1655 4935 qui,
1666 4862 1828 4922 licetminus

183 4955 273 5009 loricae
287 4968 369 5024 quarn
384 4947 495 5021 maligni
508 4944 606 5015 jaculis
615 4944 702 5020 igneis
716 4943 871 5001 vulnorari:
888 4944 975 5016 aqui·
1028 4942 1126 5010 suavis,
1140 4945 1239 5015 optime
1265 4955 1352 5004 tamen
1371 4949 1513 5006 coufirmat
1526 4967 1574 5007 cor
1592 4951 1722 5009 hominis.
1735 4952 1828 5011 flabo·

182 5043 232 5096 bns
244 5057 296 5095 nos
318 5056 433 5112 superna
447 5034 496 5092 ¹sna
519 5032 686 5108 protectione
699 5033 843 5101 custodiat,
863 5032 910 5105 qui
935 5041 975 5090 est
1029 5047 1088 5086 rnus
1103 5039 1128 5087 ct
1142 5033 1304 5091 obedieutiae
1317 5050 1428 5107 penem,
1445 5039 1544 5110 dequo
1558 5038 1679 5111 loquitur
1693 5040 1727 5097 ad
1739 5042 1826 5110 disci-

182 5129 340 5185 henedirtus
356 5129 382 5183 in
401 5129 507 5183 saecula.
523 5126 619 5182 Arnen.
1029 5119 1106 5191 pulos
1120 5120 1251 5179 Dominus
1266 5141 1273 5178 ε
1287 5125 1371 5190 heus,
1381 5125 1516 5198 inquiens,
1526 5127 1602 5186 cibus
1613 5132 1829 5207 esbutsuct'ant

489 5230 603 5288 SERMO
621 5230 667 5286 ΠΙ.
1029 5210 1205 5268 voluntalem
1220 5213 1315 5269 Patris
1331 5214 1387 5269 mei
1402 5216 1492 5286 (loun.
1509 5233 1549 5287 rv,
1565 5217 1620 5289 et).
1634 5219 1773 5276 Habemus
1786 5237 1828 5277 su·

184 5324 221 5380 De
235 5321 344 5396 triplici
358 5326 500 5394 apparato
515 5335 598 5393 que-m
620 5319 754 5377 tutemus
768 5318 805 5375 od
820 5319 976 5378 custodiant
1030 5313 1078 5367 pes
1101 5298 1191 5398 (ΜΨ
1210 5299 1243 5356 ⁶⁰
1267 5301 1337 5357 ⁰oe¹⁰
1352 5318 1451 5375 P³¹¹em
1474 5305 1576 5373 Vivum·
1601 5322 1701 5379 ΨΜ
1720 5309 1826 5367 ⁰⁰⁰¹i¹¹⁵

552 5390 611 5448 pes,
1030 5385 1183 5459 Salvatons,
1203 5388 1231 5444 iu
1253 5390 1332 5459 cujus
1359 5393 1454 5467 utique
1484 5393 1644 5456 tortitudine
1662 5396 1718 5455 cibi
1735 5399 1827 5457 omnis

222 5484 249 5539 l.
272 5481 376 5539 Domus
398 5481 467 5547 haec,
482 5477 589 5550 tratres,
604 5479 699 5537 aeterni
722 5476 805 5555 Degis
829 5484 870 5534 est
893 5476 975 5550 oppi·
1030 5474 1152 5533 adverse
1164 5476 1247 5548 partis
1259 5477 1385 5553 dejicitur
1398 5480 1540 5543 tortitudo.
