3734 5948
102 180 239 241 lul.

643 177 678 242 th
695 177 891 241 hattvtthtlt
909 179 1027 243 bbumt
1044 179 1153 243 statu
1169 181 1216 244 tlt.

1707 191 1758 253 lta

100 302 272 378 persuaserit
284 301 405 360 versutia
418 299 560 359 diabolicae
575 301 688 358 lraudis.
706 301 804 360 Fracto
819 317 900 360 nam·
919 315 943 395 Α
960 302 1019 373 ejus
1031 301 1126 377 (lpoc.
1142 317 1172 369 v,
1196 302 1246 375 l):
1268 303 1333 360 dnm
1347 302 1420 361 euim
1438 303 1546 364 obusta
1563 313 1659 380 staret,
1676 327 1757 370 nemo

100 410 154 468 que
168 391 273 466 sigillo,
284 389 408 464 seqnitur
421 405 545 446 amarum
558 389 712 460 discidium,
723 389 798 447 triste
812 390 904 448 divor-

100 483 179 540 tium.
204 480 259 538 Ubi
279 487 322 537 est
342 480 416 553 quod
440 479 552 549 dixisiti,
568 496 697 553 nequam,
721 482 903 555 Nequaquam

99 569 288 631 morimini?
301 569 374 626 Ecce
396 568 469 625 enim
484 569 618 625 morimur
632 582 737 638 omnes,
753 577 780 625 et
795 576 904 625 nonest

98 662 184 719 bomo
199 659 248 734 qui
261 659 343 728 vitat,
359 665 387 715 et
400 673 455 716 non
471 658 563 716 rideat
578 665 706 715 mortem.
907 727 913 740 .

53 784 55 789 ,
135 752 163 806 t.
181 748 239 806 Sed
255 749 321 822 quid
335 748 397 818 erit,
415 749 532 805 Domine
553 748 649 805 Deus?
665 764 841 823 nunquamne
857 766 904 807 re·

100 837 244 910 parabitur
266 851 336 910 opus
356 844 443 906 tuum,
459 843 486 892 et
509 835 555 909 qni
574 835 704 893 ceciderit
724 852 779 894 non
796 837 907 909 adjiciet

101 935 129 984 nt
143 927 295 1000 resurgat?
308 925 369 981 Nou
384 925 487 998 estqui
501 924 615 1004 reliciat,
632 925 685 981 nisi
702 925 748 999 qui
762 925 836 983 lecit.
853 929 906 982 lta·

101 1015 907 1090 quoproptermt‘rcrt'ominopumctqemitampaupcrum

101 1121 178 1163 uuae
193 1121 359 1178 euturpam,
368 1105 439 1161 dicit
453 1107 590 1164 Dominus
600 1120 609 1156 .·
619 1106 763 1178 ponamin
772 1105 904 1178 salutari,

100 1195 277 1264 fiductult'ter
291 1211 374 1266 apum
384 1195 415 1250 t'tt
426 1211 457 1252 eo
468 1193 554 1263 (Ptol.
566 1207 607 1262 xt,
618 1193 657 1266 6).
674 1194 753 1251 llilttt
769 1194 906 1268 siquidem

100 1284 231 1357 proficiet
251 1283 389 1340 iuimicus
407 1283 439 1337 t’rt
457 1296 498 1348 eo,
519 1287 549 1338 cl
566 1282 645 1352 filius
665 1283 830 1357 iniquitatis
848 1300 906 1343 nott

101 1373 228 1444 apponet
242 1369 384 1428 nocerect'
400 1371 488 1440 (Prot.
502 1385 643 1440 nxxxvttr,
656 1372 713 1442 23).
728 1371 845 1440 Novam,
866 1371 907 1426 iu·

101 1459 170 1533 quit,
189 1473 244 1530 ego
265 1456 334 1515 lucio
354 1458 569 1529 commisturam,
586 1459 632 1515 ubi
650 1467 678 1517 et
697 1461 864 1533 expressius,
880 1467 907 1516 et

959 407 993 448 ex
1007 391 1086 447 nobis
1105 390 1227 447 divinam
1242 392 1315 448 illam
1329 393 1466 466 attingere
1481 396 1641 469 sapientiam
1654 408 1758 471 prteru-

958 479 1038 536 leret.
1054 480 1137 551 Aperi
1148 486 1176 536 tn
1191 480 1301 548 libmm,
1316 484 1395 554 agne
1405 484 1465 550 Dei,
1481 501 1548 541 vera
1565 490 1755 549 mansuetudo.

958 568 1111 624 Fodiendas
1121 584 1228 640 expone
1239 569 1332 626 ludaeo
1344 570 1423 628 781
1438 589 1535 629 manus
1545 581 1605 630 tuas
1619 585 1646 633 et
1661 578 1757 652 pedes,

958 665 989 711 ut
1003 655 1050 729 qni
1064 657 1092 712 in
1103 656 1143 712 eis
1156 657 1223 713 latet
1238 660 1369 729 procedat
1388 661 1532 719 thesanms
1545 663 1650 732 salutis,
1665 675 1693 722 et
1706 682 1757 724 co·

959 745 1035 816 piosa
1055 746 1218 817 redemptio.
1237 746 1342 819 Fmage
1362 749 1481 822 denique
1501 753 1683 810 esurientibus
1705 771 1756 828 pa-

959 849 1024 891 nem
1040 840 1127 890 tunm.
1142 834 1220 892 Solus
1229 835 1302 891 enim
1319 836 1447 909 lrnagere
1462 848 1551 911 potes,
1570 843 1617 914 qni
1630 843 1713 912 solus,
1728 853 1758 901 nt

960 923 1097 980 contracta
1111 922 1222 994 solides,
1238 931 1310 980 stare
1325 932 1405 997 potes
1420 943 1426 980 :
1440 934 1466 983 el
1477 928 1505 984 in
1516 929 1575 1001 ipsa
1593 931 1758 990 confractio·

960 1027 994 1067 ne
1019 1011 1093 1067 solus
1107 1019 1285 1084 postestatem
1309 1015 1393 1070 babes
1412 1016 1531 1086 ponendi
1551 1019 1681 1090 enimam,
1697 1037 1758 1078 eum

959 1100 1087 1167 volneris,
1103 1101 1304 1157 resumendam.
1320 1103 1377 1157 Tua
1391 1102 1474 1175 igitur
1488 1104 1663 1164 miseratione
1672 1109 1760 1167 solva·

962 1196 1003 1243 tur
1012 1186 1184 1260 aliquatenus
1197 1190 1250 1246 hoc
1260 1191 1401 1261 templum,
1413 1192 1462 1248 sed
1474 1209 1528 1248 non
1542 1195 1652 1266 penitus
1662 1197 1758 1254 dissol-

960 1285 1047 1333 vatur.
1065 1277 1214 1349 separetur
1227 1280 1261 1335 ab
1272 1280 1360 1334 anima
1371 1294 1445 1348 caro,
1461 1282 1510 1337 sed
1520 1282 1639 1340 Verbum
1653 1300 1720 1342 sane
1731 1293 1758 1343 et

959 1366 1048 1421 curnis
1058 1375 1148 1423 servet
1159 1366 1441 1442 incorruptionem,3et
1456 1370 1554 1427 animae
1568 1372 1678 1444 plenam
1690 1389 1759 1431 con·

961 1453 1031 1510 ferat
1047 1453 1202 1512 libertatem
1220 1464 1268 1512 :nt
1283 1455 1340 1513 sola
1354 1457 1426 1514 inter
1444 1469 1566 1516 mortuos
1584 1459 1670 1518 libere
1683 1471 1757 1537 agat,

103 1546 247 1603 robustius
260 1562 335 1621 pono
355 1547 484 1619 sigillum,
500 1565 564 1604 eum
578 1547 624 1621 qui
640 1564 695 1605 non
709 1548 744 1604 ad
759 1549 906 1622 imaginem
960 1543 1081 1600 educens
1093 1542 1200 1602 vinctos
1214 1545 1249 1601 de
1263 1544 1345 1602 domo
1359 1547 1488 1620 carceris,
1500 1548 1630 1606 sedentes
1639 1549 1667 1607 iu
1683 1559 1760 1608 tene·

102 1653 196 1694 meam
210 1634 299 1693 iaetus
314 1644 365 1705 est,
380 1637 431 1692 sed
450 1645 493 1693 est
513 1636 572 1710 ipsa
588 1637 689 1710 imago,
705 1637 835 1711 splendor
847 1636 908 1711 qlo-
939 1623 942 1629 ’
961 1631 1018 1688 bris
1039 1642 1068 1688 et
1081 1633 1176 1690 umbra
1197 1634 1303 1691 mortis.
1320 1635 1404 1691 Ponat
1424 1638 1514 1693 anima
1535 1645 1630 1695 sancta
1648 1655 1758 1696 earnem

103 1725 159 1795 riae,
170 1732 201 1781 et
212 1723 300 1797 ligura
310 1725 543 1797 snbstantiae,non
554 1724 651 1796 lactus,
662 1725 710 1784 sed
721 1726 830 1800 genitus
844 1733 908 1783 ante
963 1721 1172 1790 immaculatam,
1196 1724 1246 1781 sed
1266 1727 1456 1782 resumendam
1476 1728 1555 1784 tertia
1570 1728 1615 1786 die
1630 1747 1637 1787 :
1653 1736 1683 1786 nt
1697 1746 1759 1787 mo·

103 1815 216 1871 meula.
236 1815 273 1870 Et
292 1830 326 1871 ne
346 1814 416 1871 sorte
436 1815 534 1871 timeas
553 1831 614 1872 esse
633 1816 826 1892 frangendum,
846 1815 909 1873 andi
962 1810 1037 1868 riens
1050 1819 1166 1869 mortem
1180 1812 1306 1884 perimat,
1322 1822 1350 1871 et
1364 1815 1420 1874 rita
1438 1817 1576 1874 bominum
1591 1834 1651 1874 cum
1666 1835 1760 1876 resur·

103 1903 272 1976 prophetam
297 1921 305 1958 ε
326 1905 423 1974 Arsit,
444 1904 542 1977 inquit,
567 1910 702 1979 tanquam
726 1911 798 1966 term
817 1909 909 1965 virtue
961 1908 1045 1971 gente
1069 1910 1204 1978 resurgat.
1227 1904 1266 1958 lta
1289 1903 1462 1971 factumest,
1487 1906 1666 1974 dilectissimi,
1681 1908 1760 1965 etita

103 2009 166 2050 raca
188 1992 278 2064 (Ptol.
303 2008 364 2063 xxt,
383 1995 444 2063 lt);
461 1995 509 2049 sed
534 1993 594 2048 talis
618 2000 696 2063 testa,
712 1994 756 2050 cui
777 2010 829 2050 nec
851 1995 909 2066 ipse
962 1987 1062 2046 lactum
1076 2005 1138 2047 esse
1152 1991 1312 2066 gaudemus.
1328 1993 1414 2050 Morte
1428 1993 1473 2048 illa
1494 2010 1567 2051 mors
1585 2002 1759 2064 mortuaest,

103 2078 223 2135 mallens
247 2078 382 2136 universae
411 2087 492 2137 terrae
520 2096 621 2138 nocere
650 2083 704 2139 ullo
733 2083 815 2139 modo
843 2099 908 2156 pos·
963 2085 990 2133 et
1001 2080 1157 2152 regenerati
1168 2095 1261 2135 snmus
1275 2080 1302 2134 in
1312 2095 1389 2152 spem
1398 2081 1522 2154 vitaeper
1531 2082 1760 2140 resurrectionem

104 2167 146 2225 sit.
172 2167 249 2224 Sane
273 2184 338 2224 cum
359 2168 446 2242 prima
462 2184 495 2226 ex
510 2170 616 2227 duobus
640 2171 710 2226 lacta
728 2171 772 2242 sit,
788 2172 910 2228 secunda
962 2166 1027 2224 lesu
1041 2167 1140 2223 Christi
1154 2184 1187 2224 ex
1202 2169 1324 2226 mortuis.

102 2258 159 2328 jam
185 2257 346 2329 cunjunctio
367 2258 397 2313 fit
410 2275 444 2316 ex
460 2259 557 2329 tribus,
573 2268 602 2315 ut
624 2259 713 2316 discas
727 2277 762 2317 ex
776 2261 828 2319 hoc
849 2262 909 2333 ipso
998 2259 1025 2311 6·
1040 2257 1101 2313 lam
1115 2257 1178 2329 quid
1193 2256 1312 2313 futurum
1322 2258 1356 2313 til
1371 2258 1399 2314 in
1417 2258 1516 2316 ultione
1533 2260 1622 2326 ledia,
1637 2260 1698 2335 (luit
1716 2261 1761 2318 10·

104 2347 136 2402 sd
155 2354 362 2404 sacramentnm
376 2349 507 2406 recedere
522 2349 671 2406 Trinitatis.
687 2351 818 2421 Verbum,
833 2351 909 2425 quod
962 2344 1079 2417 quetur‘l
1094 2345 1151 2402 Nec
1164 2346 1259 2402 oculus
1273 2347 1352 2414 vidit,
1372 2364 1423 2404 nec
1446 2348 1520 2405 auris
1538 2349 1651 2415 audivit,
1667 2351 1761 2407 necin

104 2444 164 2492 erat
179 2436 208 2492 in
223 2436 358 2509 principio
378 2438 452 2510 apud
468 2438 566 2508 Deum,
582 2447 609 2496 et
624 2440 700 2495 Deus
718 2447 790 2510 erat;
807 2441 910 2514 anima,
962 2448 1010 2489 cor
1037 2433 1154 2490 hominis
1181 2435 1314 2507 ascendit,
1340 2454 1402 2509 qnae
1424 2439 1586 2511 praeparavit
1603 2438 1678 2495 Deus
1702 2439 1762 2495 dili·

104 2542 168 2600 quae
183 2525 220 2583 de
235 2525 319 2583 nibilo
338 2536 430 2584 creata
444 2535 497 2598 est,
514 2535 541 2584 et
556 2536 618 2584 ante
638 2544 693 2584 nou
712 2536 780 2598 erat,
796 2544 860 2585 caro
874 2529 909 2586 de
962 2521 1089 2594 tentibus
1104 2539 1135 2578 ⁵0
1160 2523 1188 2596 (Ι
1200 2525 1275 2582 cor..
1300 2540 1330 2593 1¹,
1348 2529 1386 2597 ⁹)·
1410 2527 1611 2584 ConsumfflflliO
1635 2528 1687 2584 etii
1706 2527 1760 2600 illll,

104 2629 200 2670 masse
221 2615 405 2687 corruptionis
425 2615 485 2673 sine
508 2616 683 2688 corruptione
707 2616 797 2690 aliqua
818 2617 909 2675 divino
962 2627 1023 2668 cum
1053 2611 1194 2668 tradiderit
1216 2613 1339 2670 Christus
1363 2631 1478 2687 regnum
1500 2617 1559 2673 Deo
1573 2623 1601 2672 et
1624 2616 1718 2676 Patri:
1735 2623 1764 2673 et

105 2711 257 2778 segregata
271 2703 400 2774 artificio;
415 2704 506 2778 qualis
519 2705 592 2761 nulla
604 2707 662 2776 jam
677 2722 740 2765 caro
759 2713 832 2776 erat;
847 2707 909 2763 vin·
963 2704 1042 2757 emnt
1058 2700 1111 2758 dno
1126 2701 1247 2775 nonium
1267 2702 1387 2761 incarne
1403 2719 1468 2775 una,
1484 2705 1533 2762 sed
1547 2705 1576 2761 in
1586 2705 1682 2778 spiritu
1695 2721 1762 2765 uno.

106 2793 171 2850 culo
186 2791 370 2849 indissolubili
379 2792 408 2848 in
418 2807 543 2864 personae
553 2801 653 2850 coeunt
663 2794 806 2852 unitatem.
818 2795 910 2852 Habes
962 2790 1070 2846 Etenim
1084 2789 1107 2845 si
1121 2790 1265 2847 adhaerens
1280 2794 1355 2849 carni
1372 2793 1616 2860 turumberti
1630 2800 1761 2863 estcaro,

104 2882 133 2938 iu
147 2880 195 2937 his
208 2882 306 2955 triplex
321 2897 410 2956 genus
423 2880 553 2953 potentie
568 2899 575 2937 :
590 2883 663 2955 quod
679 2899 734 2940 non
748 2890 817 2955 erat,
833 2899 911 2940 crea·
963 2876 1150 2949 multomagis
1165 2877 1212 2950 qni
1236 2879 1382 2936 adbaeserit
1402 2881 1473 2953 Deo,
1488 2898 1559 2938 unus
1578 2882 1690 2957 spiritus
1713 2882 1765 2940 erit

105 2979 182 3041 ωιτη
196 2970 272 3043 quod
293 2969 424 3042 perierat,
441 2976 616 3042 reparatum
632 2971 707 3044 quod
721 2988 805 3043 super
819 2972 910 3029 omnia
925 3006 947 3085 c
963 2979 1025 3020 cum
1040 2979 1084 3020 eo.
1100 2966 1132 3020 El
1150 2966 1178 3022 in
1193 2969 1244 3024 hac
1262 2970 1373 3042 quidem
1388 2971 1501 3039 unione,
1517 2972 1607 3028 media
1627 2973 1762 3030 humilitas

103 3066 176 3129 crat,
191 3058 274 3132 paulo
296 3056 388 3114 minus
402 3059 437 3115 ab
450 3058 557 3133 angelis
575 3058 749 3115 minoratum.
769 3060 834 3116 aec
847 3066 911 3115 sunt
964 3053 1119 3122 exhibetur,
1144 3064 1171 3113 et
1185 3057 1321 3114 humilitus
1339 3074 1439 3134 magna
1463 3059 1543 3116 nimis
1568 3078 1575 3116 ε
1598 3063 1625 3117 in
1647 3077 1763 3130 cavero

104 3147 270 3221 evangeliea
290 3147 335 3202 illa
347 3155 406 3203 sata
421 3146 524 3216 farinae,
533 3142 601 3222 'quae
619 3149 724 3220 pariter
743 3147 910 3205 fermentati·
964 3159 1046 3215 qnam
1060 3152 1260 3217 exspectamus,
1282 3148 1316 3203 ad
1336 3164 1419 3220 quam
1443 3146 1622 3220 suspiramus,
1642 3150 1765 3222 perlecta

106 3246 153 3295 tur
167 3237 284 3310 (totth.
306 3252 369 3306 xm,
386 3237 443 3308 33),
458 3243 487 3292 ut
501 3237 536 3292 sit
549 3235 630 3308 panis
653 3237 814 3312 angelornm
828 3254 912 3311 quem
965 3231 1044 3288 nobis
1058 3231 1093 3305 (si
1103 3240 1195 3290 tamen
1206 3233 1295 3304 nobis)
1312 3236 1432 3309 reposita
1445 3235 1604 3310 glorificatio
1618 3247 1670 3295 est.
1685 3238 1765 3310 Quod

106 3327 258 3384 manducet
270 3327 363 3396 bomo,
379 3326 458 3397 panis
471 3341 520 3382 cnr
534 3326 652 3382 hominis
667 3325 842 3383 confirmans.
858 3328 910 3384 Fe.
964 3320 987 3375 si
1003 3321 1177 3378 meminimus
1191 3323 1318 3397 inprime
1336 3326 1538 3396 conjunctione,
1554 3344 1608 3400 qua
1627 3343 1661 3384 ex
1675 3328 1766 3385 anima

106 3414 145 3470 lix
170 3413 282 3485 mulier,
298 3413 443 3470 benedicta
457 3413 486 3471 in
500 3413 672 3484 mulieribus,
690 3415 718 3470 in
732 3417 811 3486 cujus
831 3416 912 3472 castis
966 3416 993 3465 et
1007 3425 1090 3466 carne
1104 3420 1264 3484 compactus
1278 3420 1320 3469 est
1338 3414 1431 3484 homo,
1447 3413 1608 3471 charitatem
1626 3430 1766 3473 commen·

108 3503 496 3575 visceribus,supertteniente
507 3503 572 3575 igne
583 3504 669 3560 sancti
683 3503 809 3576 Spiritus,
821 3512 913 3560 coctus
957 3498 1043 3568 ·dari;
1060 3498 1157 3556 merito
1172 3500 1424 3574 bumilitasjaminet
1437 3503 1465 3558 in
1484 3505 1616 3572 secunda,
1631 3505 1695 3579 quia
1708 3507 1766 3564 sola

110 3600 155 3650 est
173 3590 251 3664 panis
266 3591 317 3648 iste
332 3591 381 3665 (al.
397 3590 480 3664 vita).
501 3591 585 3662 Felix,
601 3593 723 3664 iuquam,
739 3593 838 3648 mulier
852 3610 914 3666 quae
967 3586 1052 3642 tirtns
1061 3586 1220 3645 humilitatis
1234 3597 1275 3645 est
1289 3591 1361 3646 laesae
1376 3592 1512 3663 reparatio
1523 3592 1671 3651 charitatis.
1681 3594 1766 3650 Porro

109 3681 139 3737 in
169 3682 229 3738 haee
255 3679 307 3735 tria
335 3687 394 3736 sats
420 3679 532 3736 immisit
560 3679 623 3738 fidei
652 3697 709 3738 rum
736 3681 912 3738 fermentum.
968 3676 1040 3747 quod
1056 3676 1148 3734 unitur
1163 3679 1302 3735 rationalis
1316 3681 1415 3737 animae
1429 3688 1554 3738 creatura
1577 3689 1686 3738 terreno
1701 3698 1766 3740 cor·

112 3771 256 3845 Siquidem
270 3769 325 3826 lide
340 3770 474 3840 concepit,
486 3769 538 3826 lide
554 3770 670 3842 peperit,
683 3777 719 3838 et,
730 3776 761 3826 nt
776 3771 812 3825 ait
827 3771 914 3828 Elisa·
967 3764 1039 3837 pori,
1060 3768 1172 3826 omnino
1192 3784 1246 3825 non
1266 3776 1309 3825 est
1326 3769 1470 3826 humilitati
1484 3770 1640 3827 adscribere
1660 3791 1667 3826 :
1682 3759 1768 3845 siqni-

110 3859 188 3930 betb,
205 3861 285 3916 beata
300 3875 362 3933 qum
375 3858 501 3928 credidit,
517 3860 646 3933 quoniam
665 3858 788 3932 perlecta
808 3868 871 3916 sunt
885 3860 913 3916 in
968 3855 1034 3912 dem
1048 3872 1103 3913 nou
1124 3874 1157 3914 ex
1180 3857 1378 3914 deliberatione
1401 3857 1512 3932 propria
1532 3858 1606 3915 carni
1623 3859 1766 3933 miscetur,

108 3965 144 4007 ca
168 3965 231 4023 quar
253 3949 326 4006 dicta
347 3955 409 4004 sunt
425 3947 481 4005 eia
503 3948 620 4005 Domino
640 3951 718 4021 (buc.
742 3965 761 4019 r,
778 3949 834 4020 lh).
856 3949 915 4006 Nec
968 3946 1017 4001 sed
1032 3947 1152 4002 creando
1162 3946 1323 4016 immittitur,
1339 3946 1512 4005 immittendo
1522 3956 1641 4005 creatur.
1656 3949 1716 4006 Non
1728 3952 1768 4008 sic

109 4038 222 4095 mireris
245 4037 319 4111 quod
342 4037 396 4095 lide
420 4040 481 4108 eius
508 4037 646 4094 mediante
676 4038 780 4094 unitum
799 4038 914 4095 dixerim
969 4050 1035 4090 sane
1050 4051 1173 4092 summus
1186 4036 1232 4093 ille
1250 4036 1377 4109 Spiritus,
1393 4037 1439 4111 qui
1455 4054 1517 4095 cnm
1533 4039 1703 4110 essetmagis
1718 4041 1768 4097 bo-

109 4126 236 4184 Verbum
260 4125 345 4197 carni,
362 4126 583 4199 quandoquidem
603 4133 631 4182 et
644 4142 757 4183 carnem
778 4128 865 4198 ipsam
879 4127 915 4183 de
970 4140 1032 4195 nus,
1054 4124 1113 4197 ipso
1127 4125 1290 4200 beneplaciti
1304 4127 1344 4182 sui
1364 4126 1476 4184 arbitrio
1491 4127 1606 4185 accessit
1619 4128 1654 4184 ad
1669 4143 1768 4203 corpus
1786 4168 1790 4176 -

110 4216 173 4288 ejus
188 4231 274 4272 carne
295 4214 424 4287 suscepit.
445 4214 565 4273 Senem
579 4217 632 4272 boc
651 4215 762 4289 quidem
786 4215 915 4287 presenti
969 4215 1209 4288 incoinquinatum.
1225 4216 1321 4273 Merito
1335 4217 1454 4291 denique
1468 4217 1627 4274 charitatem
1638 4226 1665 4275 et
1677 4217 1768 4276 bumi-

109 4303 279 4378 expositioni
298 4304 409 4361 obviare
430 4311 530 4377 potest,
547 4303 620 4378 quod
640 4305 675 4361 de
694 4305 813 4362 eoelestis
836 4304 915 4378 regni
930 4338 953 4415 ὓ
969 4304 1073 4362 litatem
1087 4305 1209 4378 seqnitur
1223 4305 1394 4381 glorificatio,
1409 4306 1473 4380 qnia
1487 4306 1546 4363 siue
1557 4307 1688 4364 charitate
1703 4308 1769 4365 nihil

109 4393 213 4450 dicitnr
227 4392 411 4451 similitudine.
432 4394 529 4466 Neque
543 4393 617 4450 enim
636 4394 778 4470 indignum
795 4394 913 4466 ridetur,
971 4394 1101 4467 prodesse
1115 4397 1220 4466 potest;
1232 4402 1259 4450 et
1270 4411 1361 4467 nemo,
1376 4396 1429 4452 nisi
1443 4397 1531 4470 quise
1546 4395 1679 4467 humiliat,
1695 4397 1770 4454 exal-

109 4483 135 4540 si
158 4483 293 4540 emiorum
315 4499 432 4560 regnum
454 4483 522 4541 fidei·
542 4484 632 4540 Mariae
656 4491 838 4559 comparatur,
861 4499 915 4560 qua
970 4482 1072 4539 tabitur
1091 4483 1169 4555 (Luc.
1185 4498 1245 4554 xrv,
1263 4487 1319 4556 ll).

109 4581 141 4630 et
154 4580 310 4646 reparatur.
985 4568 992 4580 '
1281 4573 1399 4631 suado
1418 4575 1466 4631 111.
1740 4636 1744 4643 ,

149 4664 177 4717 5.
193 4661 281 4733 liuius
301 4660 393 4735 itaque
417 4661 555 4719 vinculum
579 4662 687 4718 unionis
709 4663 782 4719 nulla
803 4663 915 4721 omnino
970 4664 1008 4719 De
1019 4662 1087 4728 loco,
1101 4665 1225 4736 tempore
1236 4666 1264 4720 ct
1275 4664 1341 4722 aliis
1355 4665 1584 4721 circumstantiis
1594 4665 1771 4724 Natiuitatis.

109 4749 223 4807 solvere
246 4752 346 4823 poterit
368 4759 525 4808 creatura:
551 4751 688 4826 siquidem
711 4769 763 4809 nec
785 4753 916 4826 princeps
1007 4755 1030 4808 l.
1053 4751 1113 4806 Duo
1127 4751 1186 4824 (ll)
1211 4753 1337 4826 quaedam
1361 4770 1454 4810 rerum
1473 4767 1585 4828 genera,
1609 4751 1717 4826 lratres,
1742 4755 1770 4812 in

109 4842 198 4913 hujus
211 4841 307 4897 mnndi
320 4842 404 4899 babet
414 4842 440 4897 in
452 4857 485 4899 eo
495 4842 654 4917 quidquam,
667 4859 718 4900 nec
727 4843 786 4917 ipse
795 4845 916 4901 loannes
971 4841 1021 4896 hac
1034 4840 1181 4898 Nativitale
1200 4842 1308 4899 Domini
1319 4844 1473 4914 considero,
1490 4857 1544 4899 non
1554 4843 1643 4900 solum
1653 4842 1771 4917 diversa,

110 4932 224 4989 soluere
238 4930 338 5008 dignus
352 4938 395 4987 est
411 4931 557 5005 corrigiam
576 4931 762 4989 calceamenti.
786 4931 858 5003 Quid
872 4941 916 4990 ta·
970 4927 1019 4984 sed
1031 4935 1059 4985 et
1068 4928 1210 4987 dissimilia
1220 4930 1310 4991 valde.
1319 4930 1460 5004 Siquidem
1469 4937 1496 4986 et
1505 4947 1573 5003 puer
1583 4932 1630 5005 qni
1640 4932 1770 5005 nascitur,

110 5023 200 5079 men?
215 5019 342 5079 solvatur
356 5029 428 5079 certe
450 5021 622 5096 aliquatenus
638 5038 752 5080 neeesse
766 5031 808 5080 est
824 5041 831 5079 ε
847 5025 915 5081 alio·
970 5019 1044 5077 Deus
1068 5026 1125 5090 est;
1142 5027 1168 5076 et
1189 5029 1276 5078 mater
1299 5021 1401 5094 deque
1422 5021 1552 5095 nascitur,
1568 5024 1645 5095 virgo
1660 5030 1720 5091 est;
1743 5033 1771 5081 ct

110 5114 181 5186 quin
195 5112 269 5186 quod
285 5112 446 5169 dissolutum
461 5119 512 5181 est,
528 5129 582 5169 uun
596 5111 768 5169 resolidatur.
780 5114 860 5170 Panis
874 5114 916 5170 in·
971 5116 1066 5182 partus
1081 5110 1140 5184 ipse
1155 5110 1213 5167 sine
1237 5112 1331 5167 dolore
1354 5118 1406 5167 est.
1427 5111 1523 5185 Fulget
1537 5112 1564 5168 in
1590 5113 1711 5170 tenebris
1726 5113 1770 5170 lux
1836 5120 1840 5129 '

110 5209 205 5276 teger,
221 5200 368 5258 thesaurus
382 5203 569 5270 absconditus,
581 5201 713 5273 sapientia
729 5202 844 5272 occulta,
856 5219 916 5276 qnae
971 5216 1041 5258 nora
1057 5200 1091 5256 dc
1111 5199 1345 5273 autumantium
1360 5217 1490 5276 magnum
1504 5203 1619 5278 angelus
1634 5203 1771 5278 evangeli-

110 5293 217 5350 ntilitas
231 5290 259 5346 in
274 5291 317 5348 bis
331 5292 479 5349 omnibus?
493 5292 589 5349 hlerito
613 5292 696 5348 llebat
717 5294 838 5351 loannes
861 5310 916 5352 non
971 5290 1135 5360 zat31audat
1154 5289 1299 5346 multitudo
1313 5290 1434 5346 coelestis
1447 5291 1567 5361 militiae3
1584 5291 1663 5346 datur
1684 5290 1772 5365 gloria

111 5380 232 5439 inveniri
254 5380 300 5453 qui
324 5379 444 5454 aperiret
468 5382 576 5452 librum,
593 5389 620 5438 et
638 5381 755 5439 solveret
776 5382 916 5456 signacula
971 5385 1039 5451 beo,
1059 5396 1111 5454 pax
1127 5378 1283 5436 hominibus
1297 5381 1377 5438 bonae
1394 5375 1558 5450 voluntatis;
1578 5387 1691 5439 currunt
1706 5398 1772 5456 pas·

148 5471 210 5545 (tl)
224 5471 258 5528 ln
272 5470 459 5545 manuscripto
470 5470 575 5529 Gallico
589 5470 753 5530 Fnlieminm
767 5471 878 5550 legitur,
895 5481 963 5549 trra,
979 5482 1006 5533 et
1021 5469 1131 5530 rectius.
