3734 5948
66 221 123 277 385

472 222 505 276 iri
523 221 809 280 ANNUNTlll'l'lONl}
831 222 859 275 li.
880 219 1001 275 titliiAE
1023 219 1141 275 stitutio
1160 219 1180 276 Ι.

1662 237 1715 289 386

64 345 158 412 renit;
175 345 225 400 sed
239 360 411 416 nequaquam
431 346 610 417 ingredietur,
626 348 715 402 donec
728 345 752 401 ei
768 345 869 403 veritas
883 359 907 436 Α
924 344 1020 400 scienti
1048 344 1159 413 bonum,
1184 353 1212 401 et
1227 347 1338 403 minime
1362 347 1481 416 facienti,
1502 349 1634 420 justitiam
1652 371 1724 428 quo·

63 432 249 489 confessionis
276 440 410 489 occurrat.
445 437 560 493 Peccavi
589 438 720 500 Domino,
750 435 786 488 ait
809 434 868 504 ipse

64 519 153 576 David
173 520 209 574 ad
223 521 328 575 Nathan
353 524 524 593 prophetam,
545 541 606 578 cum
631 524 665 579 de
685 523 817 579 adulterio
840 530 868 577 et

64 608 214 665 homicidio
228 618 400 680 argueretur.
417 614 612 670 attramento
623 616 758 670 Dominus
769 627 868 684 pecco·

64 705 129 754 tum
144 701 226 754 tuum
240 717 258 754 n
278 705 313 765 te,
328 698 365 751 ait
380 703 512 770 propbeta
528 703 566 759 iii
580 704 640 772 lteq.
654 716 704 766 stt,
719 705 773 769 ti).
787 700 868 755 Nimi-

65 803 127 843 rum
150 787 337 843 miserioordia
360 799 388 844 et
411 790 514 844 veritas
537 791 716 845 obviaverunt
744 790 805 845 sibi.
836 791 868 844 tit

65 878 119 930 boo
133 876 256 946 quidem,
275 884 306 932 ut
316 876 437 934 declines
452 893 467 931 a
481 879 563 934 malo.
583 879 642 933 Jam
658 894 723 934 vero
742 888 772 933 ut
786 878 869 933 iacias

64 964 178 1032 bonum,
194 963 223 1019 in
239 970 368 1036 tympano
383 974 410 1020 et
425 968 508 1021 choro
523 967 571 1022 tibi
585 967 754 1036 psallendum
767 975 818 1033 est,
839 976 869 1022 ut

62 1055 125 1122 ipsa
139 1051 314 1110 mortificatio
329 1055 419 1110 carnis
448 1064 510 1120 tuae,
536 1063 563 1111 et
577 1056 746 1126 poenitentiae
765 1055 868 1111 lructus

62 1155 96 1197 ac
124 1143 236 1213 justitiae
264 1159 348 1214 opera
375 1144 402 1199 in
430 1145 532 1200 unitate
570 1154 598 1201 et
621 1145 765 1201 concordia
782 1143 869 1216 ‚fiant

61 1230 207 1301 (quoniam
230 1230 319 1284 unitas
345 1231 465 1302 spiritus,
492 1232 627 1289 vinculum
653 1241 697 1286 est
719 1232 867 1303 perlectio-

63 1318 135 1390 uis);
151 1334 241 1389 neque
265 1318 300 1373 ad
327 1318 476 1385 dexteram,
500 1336 591 1392 neque
613 1321 647 1375 ad
663 1320 798 1375 sinistram
820 1321 868 1375 de·

61 1406 221 1462 clinaveris.
251 1407 319 1461 Sunt
342 1408 413 1462 enim
428 1423 544 1478 quornm
559 1407 673 1464 dextera
690 1416 732 1464 est
756 1409 868 1464 deutera

61 1493 223 1566 iniquitatis.
241 1494 391 1550 Pharisaeus
405 1494 459 1561 ille,
475 1497 554 1566 cujus
574 1512 657 1567 supra
684 1495 866 1568 meminimus,

63 1597 120 1637 nou
136 1590 196 1637 erat
214 1582 284 1637 sieut
306 1583 399 1638 caeteri
424 1584 564 1640 hominum
588 1585 666 1650 (loe.
692 1601 773 1652 xviri,
802 1589 865 1656 ll);

923 448 987 503 que,
1004 448 1057 504 qua
1068 441 1221 504 regeretur,
1232 435 1347 506 accepit.
1364 437 1562 494 Adhucautem
1579 449 1723 513 etpacem‚

923 538 975 593 qua
994 523 1133 578 foveretur
1147 530 1175 577 et
1190 524 1380 590 delectaretur,
1401 525 1506 581 addidit
1521 543 1616 584 marrus
1631 531 1726 603 benig·

923 610 1032 665 nissima
1047 610 1201 666 Creatoris:
1219 628 1315 682 pacem
1337 613 1431 684 utique
1452 615 1598 685 duplicem,
1619 626 1648 672 ut
1672 633 1723 674 uec

923 698 994 752 intus
1007 713 1114 768 pugnae,
1131 714 1182 753 nec
1197 699 1261 752 ioris
1279 699 1401 767 timores,
1418 701 1443 754 id
1463 710 1505 756 est
1519 719 1643 760 neccaro
1665 720 1725 760 con·

922 786 1075 854 cupisceret
1089 785 1219 841 adversus
1234 786 1368 857 spiritum,
1390 798 1531 845 necessat
1556 790 1582 846 ei
1600 803 1725 848 creatura

921 873 974 927 ulla
989 873 1137 928 formidini.
1154 875 1222 928 Nem
1237 884 1264 929 et
1290 876 1383 931 bestiis
1407 880 1537 934 omnibus
1559 879 1645 938 libere
1669 882 1723 938 im·

922 962 1010 1032 posuit
1032 962 1156 1029 nomina,
1185 971 1212 1017 et
1237 979 1352 1033 serpeus
1380 965 1448 1035 ipse,
1487 967 1559 1038 quod
1592 969 1723 1035 violentia

922 1065 976 1103 non
992 1050 1171 1120 praesumpsit,
1201 1050 1295 1106 fraude
1320 1054 1406 1124 magis
1430 1069 1491 1109 eum
1509 1065 1723 1127 aggressusest.

923 1136 992 1205 Quid
1020 1137 1082 1191 huic
1100 1138 1211 1202 deerat,
1237 1155 1318 1210 quom
1349 1140 1535 1197 misericordia
1557 1142 1645 1201 914
1673 1163 1722 1202 cu·

922 1225 1073 1297 stodiebat,
1103 1227 1219 1282 docebat
1247 1229 1359 1293 veritas,
1390 1231 1502 1305 regebat
1528 1233 1644 1302 justitia,
1671 1250 1723 1306 pax

924 1313 1051 1369 fovebat!
1483 1333 1485 1337 ’

957 1404 984 1456 i.
1002 1402 1056 1458 Sed
1072 1403 1142 1458 beni
1159 1405 1240 1460 homo
1254 1405 1315 1472 iste,
1337 1408 1372 1462 ad
1396 1406 1506 1465 multam
1530 1386 1680 1481 perniciem
1695 1420 1724 1466 et

921 1489 1105 1560 insipientiam
1115 1490 1177 1561 sibi,
1193 1493 1334 1549 descendit
1347 1495 1382 1550 de
1395 1496 1546 1553 Jerusalem
1561 1497 1586 1552 iu
1597 1499 1719 1555 Iericho:

922 1578 1056 1650 siquidem
1070 1580 1163 1636 incidit
1176 1582 1203 1635 iu
1217 1580 1348 1649 latrones,
1364 1599 1380 1637 a
1394 1582 1493 1655 quibus
1507 1594 1535 1641 et
1548 1597 1613 1642 ante
1627 1587 1719 1644 omnia

63 1670 114 1726 sed
139 1671 200 1741 ipse
223 1671 285 1737 sibi,
307 1679 336 1727 ιιι
362 1673 487 1737 diximus,
514 1672 698 1730 testimouium
719 1673 866 1746 perhibuit,
884 1664 906 1741 Β
922 1664 1020 1737 legitur
1033 1668 1198 1739 despoliatus
1212 1672 1289 1739 (lue.
1310 1687 1340 1736 x,
1357 1674 1413 1742 et).
1431 1673 1531 1729 Annon
1554 1673 1723 1746 despoliatus

64 1759 114 1816 sed
130 1775 186 1815 nou
200 1776 304 1817 verum.
316 1760 388 1817 Sane
396 1761 519 1833 quisquis
533 1762 577 1817 ille
592 1770 644 1828 est,
655 1764 683 1818 in
698 1780 752 1835 quo
763 1764 868 1820 miseri-

64 1847 159 1902 cordia
180 1855 208 1904 et
235 1850 333 1905 veritas
356 1851 535 1906 obviaverunt
559 1851 622 1917 sibi,
646 1853 751 1921 justitia
765 1862 792 1908 et
816 1869 867 1924 pax

63 1936 193 1991 osculata
216 1946 288 2002 sunt,
312 1953 408 1994 secure
430 1939 580 2010 glorietur:
611 1941 659 1996 sed
680 1941 816 2011 glorietur
838 1942 866 1997 iu

63 2038 97 2079 eo
111 2023 160 2096 qui
173 2025 226 2080 sibi
240 2025 422 2082 testimonium
438 2027 575 2097 perhibet,
600 2029 627 2084 iu
651 2029 749 2101 spiritu
772 2029 867 2102 utique

63 2110 198 2167 verioris.

99 2203 127 2252 6.
149 2201 182 2256 iit
201 2198 341 2257 inhabitet
364 2203 455 2273 glorio
469 2205 500 2258 in
521 2207 600 2261 terro
615 2210 725 2269 nostro,
750 2206 866 2265 miscri-

62 2287 160 2344 cornio
173 2292 201 2343 et
224 2289 327 2344 verinis
345 2289 525 2348 abstinuerunt
548 2293 609 2358 sibi,
624 2295 745 2364 justitio
759 2298 786 2350 et
805 2310 866 2365 pao

61 2376 201 2431 osculata
214 2380 294 2432 suut.
311 2376 339 2430 Si
358 2377 445 2449 gloria
460 2379 549 2435 Patris
563 2379 643 2436 Filius
665 2381 784 2452 sapiens,
803 2397 865 2437 cum

61 2464 95 2517 sit
117 2463 257 2534 sapientia
279 2465 339 2536 ipsa
359 2468 509 2537 sapientior
523 2484 618 2536 nem03
638 2468 725 2541 liquet
743 2470 865 2541 proiecto

60 2552 178 2624 gloriam
188 2554 273 2608 Patris
288 2555 424 2610 Cirristum
438 2558 488 2613 Dei
498 2559 634 2624 virtutem,
652 2567 679 2613 et
689 2558 739 2614 Dei
753 2559 865 2631 sapien·

62 2642 126 2695 uam
142 2658 214 2697 osse.
230 2642 300 2710 Quia
314 2660 380 2719 ergo
400 2646 556 2715 multifarie,
572 2647 720 2720 multisque
729 2648 819 2703 modis
829 2648 864 2705 de

61 2746 95 2786 eo
112 2732 275 2803 praedictum
289 2730 377 2787 luerat
390 2733 418 2787 in
433 2735 575 2806 prophetis
592 2735 684 2806 (Hebr.
700 2751 720 2800 t,
737 2736 774 2807 l),
791 2737 864 2809 quod

60 2818 89 2874 in
103 2819 189 2876 terris
202 2821 337 2876 videndus
351 2828 435 2888 essct,
452 2831 481 2877 et
494 2824 566 2879 inter
578 2824 703 2880 homines
716 2840 863 2882 couversa-

63 2918 152 2965 turus.
170 2924 289 2980 quonam
309 2910 390 2966 modo
405 2911 432 2965 id
444 2911 545 2967 laetum
560 2913 605 2978 sit,
626 2922 653 2968 et
671 2913 789 2984 impletis
803 2932 864 2987 quae

61 2999 96 3053 de
105 3013 140 3053 eo
152 3014 203 3069 per
211 3013 243 3053 us
253 2999 374 3054 omnium
387 3000 584 3070 prophetarum
598 3002 729 3072 praedicta
742 3001 863 3069 inerant,
880 2969 902 3047 e

61 3086 321 3158 liabiteveritgloria
334 3087 363 3142 in
378 3096 451 3142 terra
471 3098 575 3155 nostra,
594 3089 738 3146 Psalmista
764 3090 865 3148 indicat

61 3176 102 3231 his
114 3175 218 3242 verbis,
237 3191 270 3231 ac
283 3176 306 3231 si
320 3176 490 3232 manifestius
500 3178 590 3234 dicat:
612 3179 646 3234 Ut
665 3179 779 3235 verbum
800 3194 865 3236 earo

60 3263 140 3322 lieret
153 3272 182 3320 et
200 3264 336 3321 habitaret
347 3264 377 3320 in
390 3265 479 3330 uobis,
498 3267 694 3326 misericordia
707 3272 736 3324 et
759 3272 865 3326 veritos

60 3354 244 3411 admoverem
266 3354 330 3418 stit,
356 3356 476 3426 justitio
500 3359 528 3411 et
546 3372 608 3426 poto
627 3358 766 3414 osculata
781 3365 864 3415 sont.

62 3443 194 3515 Magnum
210 3451 422 3510 sacramentum,
443 3442 553 3509 iratres,
575 3453 603 3500 et
619 3445 777 3516 diligentius
798 3462 864 3517 per-

63 3531 252 3596 scrotandum,
282 3531 334 3586 uisi
360 3537 389 3588 et
416 3531 569 3588 intellectus
598 3535 737 3604 mysterio,
762 3542 789 3591 et
812 3535 864 3607 ipsi

59 3635 170 3692 quoque
207 3620 356 3676 intellectui
387 3622 471 3678 verba
496 3622 637 3676 deessent.
674 3623 740 3679 Dico
773 3631 864 3679 tamen

59 3717 199 3781 uteunque
214 3709 349 3765 modicum
364 3709 390 3763 io
406 3709 479 3781 qnod
491 3710 590 3776 sentio,
610 3710 633 3764 si
650 3709 718 3767 torte
730 3712 773 3766 vel
787 3727 864 3767 ocea-

56 3798 166 3853 sionem
185 3797 295 3853 dedisse
307 3797 400 3852 videar
418 3798 545 3869 sapienti.
564 3799 661 3854 Videre
677 3799 742 3853 mitri
753 3799 860 3869 videor,

58 3886 241 3951 dilectissimi,
256 3894 371 3958 quatuor
385 3887 529 3944 virtutibus
550 3887 592 3942 liis
605 3888 731 3943 amictum
747 3888 862 3958 primum

56 3975 197 4032 bominem
211 3977 246 4031 ab
259 3977 319 4048 ipso
332 3991 388 4032 suae
403 3976 547 4032 creationis
562 3976 685 4046 exordio,
702 3987 740 4047 et,
757 3988 786 4035 ut
800 3995 862 4051 pro-

922 1754 968 1824 qui
982 1755 1096 1812 Domino
1111 1757 1237 1814 veniente
1260 1759 1363 1815 nudum
1385 1776 1417 1816 se
1442 1777 1504 1819 esse
1524 1761 1722 1834 conqueritur?

921 1845 978 1900 Neo
993 1860 1057 1900 vero
1073 1852 1180 1915 poterat
1199 1846 1334 1912 revestiri,
1365 1848 1408 1904 vel
1422 1851 1513 1905 ablata
1532 1849 1585 1905 sibi
1599 1850 1723 1922 recipere

921 1933 1093 2002 vestimenta,
1111 1934 1161 1989 nisi
1175 1934 1297 1991 Christus
1313 1935 1452 1993 emitteret
1466 1953 1525 1994 sua.
1551 1937 1627 1994 Sicut
1649 1938 1722 1993 enirn

921 2021 1051 2078 vivificari
1079 2023 1106 2077 in
1130 2023 1220 2078 anima
1257 2023 1308 2078 nisi
1349 2024 1550 2082 interveniente
1586 2024 1722 2096 corporali

920 2117 1007 2165 morta
1021 2110 1122 2165 Christi
1136 2127 1190 2166 non
1207 2112 1304 2182 potuit,
1324 2113 1361 2169 ita
1375 2129 1427 2170 nec
1450 2113 1576 2171 revestiri
1590 2113 1650 2169 sine
1664 2113 1722 2184 ejus

920 2198 1124 2269 despoliatione.
1143 2201 1177 2254 Et
1193 2200 1264 2270 vide,
1280 2202 1304 2255 si
1318 2217 1373 2256 non
1392 2211 1504 2274 propter
1527 2203 1576 2258 baa
1600 2209 1719 2274 quatuor

920 2295 1011 2356 partes
1026 2286 1189 2355 vestimenti,
1214 2287 1288 2358 quod
1313 2289 1439 2344 amiserat
1462 2288 1566 2360 primus
1591 2298 1620 2344 et
1642 2296 1747 2345 vetus·

921 2377 1012 2447 homo,
1028 2375 1056 2430 in
1071 2375 1183 2430 totidem
1197 2391 1307 2448 quoque
1322 2376 1408 2433 divisa
1422 2384 1486 2432 snut
1494 2377 1607 2433 secundi
1618 2384 1645 2433 et
1659 2376 1722 2434 uovi

919 2463 1035 2520 hominis
1047 2463 1220 2521 vestimenta.
1235 2466 1277 2520 hu
1292 2464 1362 2521 lorte
1375 2465 1476 2537 quaeris
1496 2474 1525 2522 et
1544 2465 1662 2522 tunicam
1677 2465 1721 2521 iu·

919 2553 1088 2624 consutilem,
1110 2570 1172 2625 quae
1196 2569 1251 2609 non
1265 2553 1403 2621 dividitur,
1418 2555 1468 2610 sed
1482 2561 1556 2611 sorte
1572 2552 1720 2627 provenit?

918 2642 976 2715 ligo
990 2641 1109 2698 divinam
1122 2642 1242 2697 arbitror
1256 2657 1318 2698 esse
1338 2641 1496 2716 imaginem,
1511 2658 1572 2714 quae
1592 2641 1721 2698 nimirum

918 2745 974 2786 non
992 2740 1093 2798 assuta,
1108 2732 1156 2787 sed
1175 2731 1257 2786 insita
1271 2739 1354 2803 atque
1372 2730 1425 2801 ipsi
1448 2731 1582 2803 impressa
1604 2740 1720 2800 naturae,

918 2818 1002 2875 dividi
1016 2820 1160 2890 scindique
1175 2835 1230 2876 non
1243 2827 1345 2891 potest.
1361 2819 1404 2874 ild
1418 2819 1564 2892 imaginem
1582 2835 1683 2891 nempe
1693 2825 1721 2876 et

919 2906 1120 2963 similitudinem
1136 2907 1187 2963 Dei
1203 2907 1288 2963 iactus
1312 2917 1354 2962 est
1368 2908 1460 2977 homo,
1485 2907 1513 2964 iu
1536 2907 1656 2980 imagine
1675 2925 1719 2963 ar·

920 2995 992 3051 bitrii
1006 2996 1169 3062 hbertatem,
1191 2995 1305 3053 virtutes
1320 2995 1425 3053 habens
1439 2994 1468 3050 in
1482 2994 1671 3056 similitudine.
1682 2997 1718 3052 iit

918 3084 1065 3140 similitudo
1095 3083 1207 3155 quidem
1229 3084 1320 3155 periit,
1346 3092 1535 3142 verumtamen
1549 3084 1577 3140 in
1597 3084 1719 3156 imagine

918 3171 1066 3242 pertransit
1080 3172 1170 3230 bomo.
1187 3174 1279 3244 lmago
1299 3171 1433 3243 siquidem
1455 3171 1484 3227 iu
1506 3173 1634 3247 gebenna
1659 3173 1719 3244 ipsu

919 3260 960 3316 uri
975 3261 1083 3332 poterit,
1105 3276 1159 3316 nou
1174 3260 1267 3329 euuri;
1283 3261 1392 3328 ardere,
1407 3261 1456 3317 sed
1471 3277 1525 3318 non
1538 3261 1633 3318 deleri.
1653 3261 1719 3318 llaec

919 3365 1051 3425 ergeuen
1066 3348 1207 3415 scinditur,
1224 3350 1273 3405 sed
1287 3360 1360 3407 sorte
1384 3351 1521 3422 provenit.
1544 3351 1578 3407 iit
1592 3364 1718 3422 quocun·

918 3456 971 3512 que
994 3438 1135 3510 perveniat
1158 3439 1258 3508 anima,
1281 3437 1361 3495 amul
1383 3447 1411 3496 et
1431 3439 1490 3512 ipsa
1504 3438 1543 3495 ibi
1566 3439 1627 3498 erit.
1650 3439 1720 3494 Nam

918 3527 1066 3583 similitudo
1080 3543 1136 3582 non
1150 3527 1204 3594 sic;
1225 3528 1274 3582 sed
1290 3536 1337 3583 aut
1351 3536 1444 3583 maniat
1466 3529 1495 3583 in
1519 3528 1602 3594 bono,
1624 3526 1720 3594 aut,ti

918 3616 1071 3688 peccaverit
1097 3616 1197 3681 anima,
1220 3625 1342 3672 mutatur
1360 3616 1558 3683 miserabiliter,
1588 3614 1719 3686 jumentis

917 3704 1109 3777 insipientibus
1123 3704 1248 3760 similata.

951 3799 977 3851 8.
1001 3794 1057 3850 Sed
1081 3792 1144 3865 quia
1163 3791 1308 3864 spoliatum
1333 3792 1478 3848 virtutibus
1502 3799 1620 3866 quatuor
1632 3791 1718 3849 bomi-

916 3899 979 3937 uem
995 3882 1121 3948 diximus,
1143 3897 1261 3954 quonam
1277 3880 1357 3937 modo
1380 3881 1496 3957 singulis
1518 3881 1553 3937 sit
1576 3880 1717 3952 spoliatus,

915 3986 1064 4042 congruum
1078 3979 1120 4026 est
1134 3979 1163 4025 ut
1177 3969 1307 4025 dicamus.
1331 3970 1450 4027 Perdidit
1474 3969 1555 4027 homo
1576 3969 1718 4041 justitiam,

56 4067 141 4136 pheta
162 4066 293 4130 meminit,
318 4067 482 4121 vestimento
505 4065 599 4121 salutis
626 4066 750 4122 indutum
779 4070 858 4137 (lsai.
915 4076 976 4116 cum
998 4061 1054 4116 Eva
1081 4059 1227 4132 serpentis,
1252 4060 1340 4115 Adam
1363 4059 1487 4116 mulieris
1511 4059 1570 4117 voci
1598 4057 1718 4117 obedivit

57 4167 119 4218 uxr,
138 4152 195 4224 ιθ).
210 4154 257 4209 list
271 4155 344 4209 enirn
362 4154 391 4209 in
407 4153 448 4209 iris
463 4163 580 4226 quatuor
599 4155 693 4209 salutis
707 4156 858 4227 integritas,
915 4149 1101 4221 potiusquam
1116 4149 1223 4207 divine.
1241 4151 1305 4206 urat
1328 4158 1419 4206 tamen
1444 4148 1583 4207 residuum
1606 4148 1717 4222 aliquid,

57 4258 111 4298 uec
123 4242 183 4297 sine
197 4242 240 4297 his
253 4243 378 4298 omnibus
391 4251 482 4315 potest
496 4251 621 4299 constare
636 4245 724 4314 salus;
745 4260 861 4317 praeser·
916 4238 990 4309 quod
1003 4239 1212 4309 apprehendere
1227 4246 1349 4309 possent,
1369 4238 1452 4311 idque
1467 4237 1657 4294 D⁰ml¹111⁸⁸¹¹⁰
1671 4235 1718 4293 illl>

58 4332 107 4387 tim
124 4345 187 4386 eum
210 4346 261 4387 nec
276 4340 387 4402 possent
410 4347 473 4388 esse
495 4331 620 4399 virtutes,
644 4333 667 4387 si
690 4334 725 4388 ab
743 4334 861 4399 irivieem
916 4327 1045 4383 scrutinio
1060 4327 1208 4392 iunuebat;
1225 4328 1273 4384 sed
1288 4328 1448 4397 abjecerunt
1461 4326 1543 4382 etiam
1556 4324 1632 4392 illud,
1651 4339 1718 4381 con·

57 4428 231 4490 separentur.
255 4423 407 4492 Acceperat
434 4437 501 4493 ergo
529 4422 610 4478 homo
633 4422 858 4491 misericordiam,
916 4415 1029 4470 versiin
1043 4416 1127 4473 verba
1151 4413 1268 4485 malitiae,
1284 4414 1319 4469 ad
1334 4413 1504 4470 excusandas
1523 4411 1715 4469 exeusationes

58 4509 204 4565 custodem
223 4509 330 4566 scilicet
344 4519 426 4583 atque
441 4511 629 4582 pedisequam,
641 4519 670 4566 ιιι
688 4511 747 4583 ipsa
762 4528 862 4583 praevs.
914 4504 942 4558 in
953 4504 1082 4575 peccatis.
1098 4502 1174 4558 Prior
1192 4503 1264 4557 enim
1278 4503 1390 4573 justitiae
1404 4502 1494 4574 portio
1517 4517 1572 4558 nou
1586 4516 1715 4573 peecare,

56 4598 140 4663 niret,
155 4597 214 4668 ipsa
229 4605 257 4652 et
272 4609 436 4670 sequoretur
446 4617 520 4665 enm,
535 4602 594 4671 ipsa
612 4616 721 4673 quoque
735 4610 862 4676 protege-
915 4592 1032 4647 secunda
1045 4607 1096 4663 per
1109 4590 1298 4663 poenitentiam
1322 4591 1451 4647 detumit
1471 4598 1623 4662 peceatum·
1644 4591 1713 4648 Pet·

57 4693 101 4740 ret
123 4693 153 4741 et
171 4695 346 4743 conservaret
368 4688 480 4759 ubique.
497 4688 580 4744 vides
597 4688 705 4760 qualem
720 4689 861 4744 nutritium
915 4681 983 4736 didit
996 4687 1024 4735 et
1038 4679 1260 4748 misericordiam,
1275 4695 1337 4736 cum
1351 4679 1392 4737 sic
1406 4678 1505 4737 exarsit
1519 4679 1579 4737 Eva
1600 4679 1627 4735 in
1641 4692 1713 4735 con-

56 4774 171 4831 centulit
186 4776 297 4846 parvulo
310 4792 357 4833 suo
372 4778 457 4843 Deus,
473 4778 582 4849 qualem
597 4777 673 4832 dedit
682 4777 860 4851 pedisequam

57 4864 162 4920 homini
176 4879 275 4921 reeens
298 4876 369 4922 orto.
392 4864 448 4922 Sed
462 4875 522 4922 erat
535 4866 573 4921 illi
590 4867 764 4923 necessarios
778 4867 860 4923 ctiam

56 4953 190 5022 eruditor,
215 4963 343 5026 tanquam
364 4956 491 5028 ingenua
505 4963 534 5011 et
548 4954 699 5011 rationabili
717 4964 858 5025 creaturae,

56 5051 89 5098 ut
108 5057 163 5098 uon
187 5043 257 5099 siout
282 5046 434 5113 jumentum
459 5044 569 5117 aliquod
594 5045 787 5115 custodiretur,
811 5045 859 5101 sed

57 5139 188 5202 tauquam
203 5132 331 5202 parvulus
346 5132 517 5189 educaretur.
540 5133 589 5188 Cui
612 5148 679 5188 sane
701 5135 860 5208 magisterio

56 5234 142 5276 nemo
167 5229 275 5291 poterat
297 5221 386 5292 aptior
407 5222 535 5289 inveniri,
559 5239 641 5294 quam
664 5224 765 5280 veritas
790 5222 858 5295 ipsa,

58 5323 120 5379 quse
135 5323 198 5363 eum
213 5309 240 5364 iu
252 5310 423 5381 agnitionem
437 5327 549 5367 summa
559 5310 721 5383 perduceret
734 5309 860 5383 aliquan-

57 5398 94 5454 do
103 5398 247 5456 ‘Veniatia
262 5401 374 5458 interim
389 5417 455 5458 vero
469 5418 504 5459 ne
519 5401 628 5474 sapiens
647 5401 818 5458 inveniretur
830 5407 861 5457 ut

58 5487 161 5548 malum
189 5489 301 5563 laceret,
335 5499 462 5567 essetque
499 5498 641 5569 peccatum
671 5491 697 5551 ei
730 5500 859 5567 tauquam

914 4767 1716 4842 wmwwQOmmffim

914 4871 988 4918 ceret
1003 4861 1156 4928 nascituris,
1171 4860 1251 4917 simul
1265 4874 1361 4918 omues
1376 4859 1490 4917 terribili
1514 4858 1659 4916 maledieto
1684 4867 1713 4916 et

914 4949 1070 5006 necessitati
1083 4951 1177 5007 mortis
1194 4949 1334 5006 addicens.
1350 4950 1438 5008 tuam
1456 4964 1566 5022 quoque
1582 4948 1710 5025 indigna-

915 5040 980 5096 tioni
995 5039 1092 5097 divina
1107 5041 1257 5110 mulierem,
1273 5057 1324 5113 pro
1338 5058 1392 5114 qua
1407 5047 1578 5113 peccaverat,
1598 5041 1710 5114 objecit,

913 5129 992 5203 quasi
1006 5139 1065 5201 post
1082 5138 1189 5202 tergum
1213 5132 1271 5200 ejus
1288 5130 1383 5187 voleus
1406 5129 1543 5188 declinare
1561 5131 1707 5203 sagittam.

920 5221 990 5277 Vidit
1008 5221 1085 5278 enim
1104 5222 1207 5278 molier
1222 5221 1331 5292 lignum
1359 5219 1431 5294 qnod
1458 5225 1530 5277 esset
1556 5221 1715 5294 poletrum<

913 5311 987 5381 viso,
1003 5317 1030 5366 ot
1043 5308 1078 5365 od
1092 5310 1260 5367 vescendum
1273 5326 1370 5376 sonno,
1385 5318 1439 5366 eta
1452 5310 1712 5383 serpenteaudierat

913 5403 1041 5471 tanquam
1056 5398 1124 5454 deos
1141 5414 1171 5455 se
1185 5399 1299 5458 futuros.
1315 5399 1460 5457 Funisulus
1478 5399 1577 5472 triplex
1600 5395 1711 5457 difficile

914 5487 1059 5561 rumpitur,
1079 5487 1254 5560 curiositatis,
1273 5488 1427 5563 valuptetis,
1447 5497 1476 5546 et
1497 5488 1634 5549 ramum.
1647 5489 1712 5548 Hac
