3734 5948
177 264 212 323 J‘l
651 259 678 321 S.
699 260 865 324 Blllilllllllll
883 261 1020 323 robalis
1039 261 1351 324 uelud-tabidius
1787 263 1823 320 8tt

173 403 258 459 gnum
286 385 451 459 promittitur
477 386 504 440 ei
530 385 578 456 qui
607 386 685 463 sedet
711 402 793 457 snper
823 385 970 444 Cherubim
987 400 1011 478 Α
1028 394 1101 453 sunt,
1115 392 1303 443 convenerunt
1325 384 1352 439 in
1371 400 1464 449 unum,
1479 384 1513 438 ad
1535 381 1699 438 laudandum
1719 382 1823 438 scilicet

173 477 260 546 (Paul.
285 490 376 543 ιιιιι,
406 475 444 547 2),
474 489 555 544 quem
578 475 711 553 propbeta
734 474 800 529 vidit
827 474 970 530 sedentem
1026 482 1054 530 ει
1074 472 1279 547 glorificandum
1302 487 1363 527 eum
1392 473 1438 543 qui
1465 485 1549 542 super
1575 485 1671 526 omnes
1699 477 1742 525 est
1765 471 1822 526 liex

173 581 257 636 super
282 564 378 621 solium
411 563 548 625 excelsum
572 569 599 618 et
626 563 761 618 elevatum
779 562 857 631 (laci.
873 578 910 630 ιι,
932 561 971 630 1),
1026 577 1132 635 regum,
1147 572 1175 617 et
1188 561 1318 618 Dominus
1332 560 1528 616 dominantium
1539 577 1547 614 :
1558 560 1593 615 de
1606 560 1687 629 cujus
1699 557 1823 629 splendi-

174 656 272 712 sedere
290 655 318 711 in
343 656 441 711 throno
466 654 551 710 David
577 652 743 724 patrissui?
769 652 823 708 Sed
850 653 972 708 novimus
1025 651 1135 705 dissime
1147 648 1376 720 contemplatione
1399 646 1543 724 fulgebunt
1563 647 1629 718 justi
1652 647 1722 703 sicut
1736 646 1776 702 sol
1794 646 1822 702 iu

173 745 320 818 quamdam
340 743 421 799 aliani
442 740 591 798 Jerusalem
605 739 640 795 ab
655 755 688 795 ea
711 757 773 812 quaa
787 757 860 797 nunc
875 749 928 811 est,
944 741 971 795 in
1026 754 1112 810 regno
1135 739 1220 794 Patris
1241 752 1336 794 eorum
1357 737 1468 810 (dotto.
1484 753 1543 802 xrrr,
1560 736 1616 806 13).
1632 734 1656 790 0
1671 735 1695 790 si
1718 741 1747 791 ει
1769 735 1823 790 mei

173 850 228 906 qua
242 833 365 907 regnavit
378 831 475 897 David,
490 827 677 900 significatam,
693 829 778 885 multo
787 829 838 885 ista
851 828 971 885 nobilio·
1025 826 1177 898 peccatoris
1203 826 1357 881 meminerit
1377 827 1460 881 Jesus
1481 825 1510 880 in
1534 823 1705 896 beneplacito
1730 824 1824 896 populi

174 937 244 989 rem,
259 921 342 977 multo
356 920 493 975 ditiorem.
509 917 586 973 Hauc
599 917 683 991 igitur
697 926 762 989 puto
777 917 821 973 bic
835 917 918 974 luisse
931 918 969 972 si·
1025 915 1077 984 sui,
1093 931 1153 972 cum
1168 915 1273 971 venerit
1287 915 1315 969 in
1340 930 1455 986 regnum
1479 930 1557 972 suum
1570 913 1617 996 to
1633 912 1714 969 ειιιιε
1728 913 1757 969 in
1778 913 1824 969 illa

172 1009 338 1081 gnificatam,
366 1006 412 1061 illo
429 1004 557 1060 videlicet
578 1021 629 1060 usu
658 1004 875 1077 loquendique
898 1021 971 1076 sepe
1025 1003 1081 1075 die,
1104 1003 1213 1073 quando
1236 1003 1385 1059 traditurus
1408 1009 1452 1059 est
1472 1019 1586 1076 regnum
1607 1003 1666 1058 Deo
1688 1007 1717 1058 et
1740 1002 1822 1067 Patri,

172 1097 279 1168 reperis
293 1097 321 1150 in
336 1094 482 1165 Scripturis
496 1092 653 1165 significans
667 1094 730 1164 poni
746 1109 795 1160 pro
811 1093 970 1167 significato.
1024 1089 1134 1146 visitare
1155 1090 1311 1166 dignabitur
1337 1092 1366 1147 in
1394 1092 1505 1148 salutari
1530 1105 1590 1159 suo,
1614 1090 1649 1146 ad
1676 1088 1822 1146 videndum

171 1183 247 1241 Tunc
260 1199 328 1239 sane
346 1182 422 1237 dedit
443 1181 482 1236 illi
504 1182 578 1237 Deus
601 1181 697 1237 sedem
711 1182 795 1238 David
810 1183 894 1253 patris
917 1183 969 1248 sui,
1024 1178 1127 1234 scilicet
1148 1179 1177 1233 in
1189 1178 1310 1235 bonitate
1325 1179 1473 1236 electorum
1490 1195 1609 1250 suornm,
1627 1179 1661 1234 ad
1675 1178 1823 1234 laetandnm

170 1273 281 1345 quando
291 1273 465 1328 constitutus
476 1277 517 1326 est
527 1285 580 1327 rec
589 1272 623 1327 od
636 1287 665 1327 eo
675 1288 759 1342 ευμεν
768 1272 835 1328 Sion
845 1277 970 1328 moutam
1024 1266 1053 1320 in
1073 1266 1165 1322 laetitia
1186 1267 1277 1338 gentis
1291 1283 1358 1338 suae,
1381 1275 1412 1323 ut
1430 1268 1556 1324 laudetur
1569 1268 1652 1324 etiam
1673 1282 1747 1324 anre
1761 1283 1822 1324 cum

169 1363 305 1417 saucium
318 1360 379 1430 σμὐε
393 1358 481 1429 (Psoi.
496 1374 529 1424 11,
544 1359 583 1430 6).
599 1358 654 1414 Sed
663 1358 707 1414 bic
717 1361 850 1430 propheta
865 1360 900 1415 de
915 1375 970 1432 quo
1024 1355 1186 1412 haereditate
1207 1355 1267 1412 sual
1286 1354 1355 1412 Veni
1378 1355 1497 1423 interim,
1512 1356 1629 1413 Domine
1651 1356 1728 1423 Jesu,
1743 1355 1822 1412 auler

168 1464 257 1520 regno
278 1446 388 1512 dixerit,
412 1447 568 1518 expressius
596 1448 738 1520 aperuisse
755 1448 873 1515 videtur,
889 1448 918 1502 in
936 1463 969 1503 eo
1023 1442 1151 1498 scandala
1165 1443 1200 1500 de
1216 1459 1301 1518 regno
1325 1452 1382 1510 tuo,
1406 1445 1479 1515 quod
1493 1452 1520 1500 et
1534 1444 1625 1500 anima
1638 1460 1708 1511 mea,
1724 1450 1754 1499 ut
1775 1459 1821 1499 re·

169 1536 244 1609 quod
262 1550 317 1591 non
333 1535 361 1590 in
377 1536 443 1592 Sion
458 1535 556 1606 posuit,
570 1536 620 1592 sed
630 1553 717 1610 ευμεν
730 1538 807 1595 Sion.
823 1539 892 1594 Nam
906 1537 969 1593 ideo
1023 1547 1095 1605 gnes
1109 1531 1204 1603 tu(qui
1213 1530 1310 1602 debes)
1324 1531 1351 1585 in
1365 1547 1408 1588 ea.
1422 1531 1501 1588 Venit
1512 1531 1717 1602 animaveritia,
1728 1538 1757 1588 et
1766 1530 1822 1587 rin·

167 1623 292 1681 lortassis
309 1625 410 1679 dictum
436 1632 488 1692 est,
511 1640 606 1696 ευμεν,
631 1625 696 1696 quia
712 1625 741 1680 in
765 1626 830 1682 sion
858 1626 967 1698 quidem
1022 1619 1096 1675 dicat
1118 1619 1147 1675 in
1171 1636 1215 1676 me
1236 1619 1286 1676 sibi
1310 1619 1419 1687 sedem;
1443 1621 1573 1691 jactantia
1592 1621 1667 1692 cupit
1688 1619 1823 1676 dominari

91 1754 95 1762 ,
167 1712 293 1786 regnavit
305 1712 391 1769 David
406 1730 414 1766 ε
430 1728 512 1784 super
526 1712 590 1769 Sion
611 1728 678 1769 vero
695 1729 812 1788 regnum
830 1722 873 1769 est
886 1713 966 1783 illius,
1022 1708 1108 1775 mihi;
1129 1708 1255 1779 superbia
1274 1707 1332 1764 vult
1351 1708 1417 1764 mibi
1430 1725 1492 1766 esse
1516 1725 1573 1765 rea.
1594 1708 1711 1766 Luxuria
1732 1707 1821 1765 dicit:

167 1800 203 1858 de
221 1801 391 1874 quodictum
405 1800 495 1856 estad
510 1801 595 1856 David
617 1819 623 1858 :
638 1800 676 1857 De
684 1804 785 1873 fructu
800 1804 909 1860 centris
923 1803 969 1859 tui
984 1780 1007 1858 Β
1022 1796 1227 1869 1180103000οι
1239 1796 1628 1869 01001110,001110110,1110111111
1642 1805 1671 1854 01
1683 1797 1823 1855 1110011011

164 1887 272 1961 portum
280 1905 366 1962 super
381 1890 474 1946 aedom
491 1895 574 1946 tuom
584 1889 673 1959 (Paul.
690 1906 782 1957 cxxxi,
793 1892 855 1962 ll):
869 1890 904 1947 da
913 1906 968 1964 quo
1022 1886 1165 1941 certantin
1179 1885 1292 1957 meipso
1307 1885 1343 1941 de
1352 1901 1396 1941 mo
1410 1885 1482 1957 ipso,
1492 1887 1572 1956 cujus
1585 1901 1639 1960 ago
1652 1884 1821 1957 potissimum

167 1985 195 2033 ει
209 1977 311 2033 dictum
325 1985 368 2033 est
391 1993 441 2048 per
462 1976 545 2033 alium
564 1978 737 2050 prophetam,
752 1981 842 2055 Super
865 1981 969 2038 sotium
1022 1988 1084 2029 esse
1102 1973 1206 2030 videar.
1222 1973 1282 2047 Ego
1300 1981 1390 2029 autem
1403 1981 1536 2044 quantum
1551 1973 1629 2030 valeo
1645 1973 1760 2042 resisto;
1777 1988 1821 2028 rc·

166 2064 267 2133 Dauid,
278 2070 305 2122 ει
318 2079 404 2137 ευμεν
418 2081 536 2138 reguum
546 2070 608 2140 ejus
620 2067 728 2124 redebit
738 2069 814 2137 (laci.
827 2085 865 2139 ιι,
874 2071 915 2139 7).
926 2069 970 2125 lli·
1022 2062 1095 2119 01101
1117 2072 1249 2131 quantum
1271 2063 1361 2132 juvor·
1384 2062 1530 2119 Dominum
1544 2078 1635 2119 meum
1661 2063 1754 2118 lesum
1773 2077 1821 2118 re·

164 2153 215 2209 des
229 2153 292 2224 quia
305 2152 408 2225 ubique
431 2154 546 2224 reperis,
562 2156 670 2228 super?
686 2157 867 2228 supersim,
883 2174 969 2230 ευμεν
1020 2149 1379 2220 0111111οι1011111011010110οι
1392 2150 1819 2223 1101010οὶ011001111111111110000·

165 2241 269 2306 sedem,
285 2256 370 2313 super
383 2241 497 2306 solium,
513 2257 600 2314 ευμεν
612 2258 742 2314 reguum.
761 2244 841 2301 Dabit
860 2261 927 2320 ergo
941 2244 968 2301 ei
1021 2239 1113 2310 Ipsum
1126 2239 1192 2294 mihi
1213 2240 1309 2304 Deum.
1331 2238 1420 2310 ipsum
1440 2239 1505 2295 mihi
1523 2238 1670 2297 Dominum
1688 2247 1777 2304 101100,
1792 2247 1820 2294 111

162 2326 295 2384 Dominus
311 2329 487 2385 Denssedem
501 2329 585 2386 David
600 2331 750 2401 patrissui,
767 2348 822 2389 non
837 2333 966 2405 typicam,
1020 2326 1081 2383 dico
1100 2343 1106 2381 :
1123 2329 1185 2383 Non
1199 2326 1288 2384 babeo
1302 2342 1397 2398 regem
1412 2328 1465 2383 nisi
1479 2327 1624 2384 Dominum
1637 2328 1740 2383 Jesum.
1751 2325 1821 2382 Veni

164 2416 214 2472 sed
229 2432 339 2486 verant;
355 2432 409 2473 non
420 2416 613 2489 temporalem,
624 2418 673 2474 sed
689 2427 836 2488 aeternam3
849 2437 903 2478 non
914 2430 967 2478 ter·
1020 2429 1097 2489 ergo,
1112 2415 1238 2482 Domine,
1258 2414 1387 2489 disperge
1401 2414 1462 2473 illos
1481 2415 1509 2470 in
1530 2415 1629 2472 virtute
1653 2423 1709 2478 tua.
1724 2421 1754 2470 01
1772 2429 1820 2469 re·

164 2519 272 2575 renam,
286 2505 336 2560 sed
350 2504 499 2561 coelestem.
523 2503 590 2573 Quae
611 2505 725 2572 idcirco,
741 2514 771 2562 ut
785 2509 841 2577 jam
865 2509 965 2565 dictum
1019 2503 1162 2575 1111101010
1182 2519 1237 2571 1110,
1261 2501 1324 2574 quid
1347 2513 1377 2558 tu
1399 2503 1503 2574 0111110
1527 2501 1820 2574 11010111111110190111

163 2600 217 2658 εει,
234 2600 402 2649 memoratur
412 2593 496 2650 luisse
510 2593 607 2660 David,
624 2595 687 2666 quia
702 2595 769 2659 baec,
786 2596 814 2650 in
828 2610 880 2668 qna
893 2603 965 2653 tem-
1018 2607 1107 2657 meua,
1121 2592 1167 2663 qui
1181 2590 1296 2647 mandas
1311 2591 1413 2647 salutes
1426 2592 1520 2649 Jacob.

164 2678 297 2750 poraliter
311 2680 392 2750 sedit,
412 2688 523 2737 eternae
536 2681 608 2737 illius
626 2683 741 2754 gerebat
754 2684 911 2756 imaginem.
1054 2683 1081 2735 3.
1096 2681 1177 2737 Dtett
1188 2685 1285 2738 nutem
1298 2680 1386 2737 llario
1400 2680 1437 2736 od
1450 2680 1602 2752 ungulum:
1616 2679 1754 2750 Quomodo
1768 2679 1819 2748 fiet

198 2772 224 2824 2.
236 2771 271 2826 at
285 2768 416 2842 reguabit
430 2772 462 2826 iu
472 2770 553 2828 domo
567 2772 651 2830 Joood
664 2774 696 2828 ira
710 2777 862 2839 ειενυυιυ,
878 2779 906 2832 ει
920 2790 965 2830 re·
1017 2767 1114 2823 101οἅ1
1125 2769 1257 2840 quoniam
1267 2769 1362 2824 virum
1376 2785 1434 2825 oon
1448 2784 1589 2840 coouoaco·
1605 2767 1694 2823 Primo
1709 2765 1820 2838 quidem

158 2859 211 2930 gui
225 2860 286 2931 ejus
299 2874 357 2915 uon
368 2859 424 2915 erit
433 2860 512 2929 finis.
528 2859 708 2933 llicquoque,
724 2861 747 2916 si
761 2861 871 2918 domum
880 2863 965 2919 Jacob
1018 2855 1169 2927 prudenter
1183 2856 1276 2924 tacuit,
1293 2872 1354 2912 cum
1368 2857 1458 2912 adbuc
1476 2853 1559 2912 dubia
1580 2855 1717 2927 cogitabat
1730 2855 1820 2928 qualis

160 2945 341 3019 temporalem
360 2947 517 3019 accipimus,
533 2949 670 3020 quomodo
685 2950 712 3004 in
725 2949 781 3018 illa,
792 2967 853 3022 quae
862 2958 965 3006 aeterna
1019 2953 1093 3000 esset
1116 2945 1167 3000 ista
1186 2945 1325 3012 salutatio;
1346 2945 1451 3003 malens
1465 2945 1592 3001 nimirum
1606 2943 1743 3001 humiliter
1763 2959 1819 3000 non

161 3049 218 3091 nou
237 3045 291 3104 est,
304 3035 333 3091 in
351 3043 485 3092 aeternum
499 3045 664 3109 regnaturus
679 3039 741 3094 esti
755 3037 908 3107 Quaerenda
923 3046 965 3095 est
979 3072 1001 3152 c
1017 3034 1197 3106 respondere,
1213 3050 1294 3106 quam
1314 3045 1418 3092 temere
1440 3034 1515 3107 loqui
1528 3036 1602 3107 quod
1616 3034 1746 3092 nesciret.
1759 3033 1819 3088 Jam

160 3139 228 3197 ergo
238 3122 337 3180 domus
351 3132 455 3180 aeterna
464 3125 559 3192 Jacob,
570 3124 599 3180 in
610 3142 663 3197 qua
673 3127 808 3198 regnetin
819 3138 963 3195 eternum,
1017 3139 1083 3180 ιειο
1096 3124 1248 3180 confortata
1263 3133 1291 3182 ει
1304 3122 1376 3181 benc
1387 3124 1584 3196 premeditato,
1595 3122 1692 3199 angelo
1706 3122 1819 3196 quidem

159 3213 238 3282 eujus
253 3212 332 3284 regni
346 3228 402 3270 nun
426 3212 479 3269 erit
499 3211 570 3269 finis.
587 3214 631 3269 bn
651 3229 706 3270 non
727 3215 846 3289 denique
867 3218 963 3274 domus
1017 3209 1084 3267 ioris
1093 3211 1233 3285 loquente,
1248 3213 1300 3269 sed
1312 3214 1370 3270 Deo
1384 3215 1458 3270 intus
1471 3213 1654 3286 persuadente
1665 3213 1734 3284 (erat
1744 3212 1819 3267 enim

159 3299 205 3356 illa
217 3300 302 3356 Jacob
321 3314 490 3372 exasperans
503 3301 585 3374 impie
601 3302 748 3375 abnegarit
762 3320 835 3372 eum,
850 3313 879 3361 et
892 3306 962 3362 insi·
1015 3300 1147 3357 Dominus
1156 3318 1219 3358 cunr
1232 3301 1287 3368 illa,
1299 3301 1409 3359 dicente
1419 3302 1536 3376 angelo:
1552 3303 1687 3359 Domum
1698 3301 1816 3370 tecum),

85 3440 91 3449 ‚
158 3389 268 3459 pienter
281 3389 464 3460 respuitante
486 3389 583 3446 iaciant
603 3390 692 3460 Pilati,
708 3394 817 3465 qnando
831 3393 877 3451 illo
896 3410 961 3466 per·

157 3475 282 3542 bibente,
292 3478 391 3548 llepeoa
401 3480 700 3551 oestrumcrucifigam
707 3479 722 3533 7
729 3495 784 3535 uno
791 3495 839 3536 ore
850 3495 963 3551 respon·

157 3563 249 3621 dendo
259 3564 387 3622 clamavit
399 3584 406 3620 ε
418 3567 479 3623 liora
490 3567 624 3626 tutemus
633 3584 727 3640 regem
736 3570 795 3625 εἰει·
805 3570 962 3627 decorem?

159 3654 251 3724 (Joou.
271 3670 327 3721 ιιι,
350 3657 404 3725 15.)
420 3655 539 3728 Require
563 3656 656 3729 itaque
680 3655 850 3729 Apostolum,
875 3668 903 3714 et
920 3659 962 3714 di·

156 3750 266 3799 scernet
286 3742 334 3798 tibi
349 3759 411 3799 eum
426 3744 473 3816 qni
496 3744 525 3799 in
540 3746 647 3802 occulto
661 3746 771 3802 Judaens
785 3753 837 3813 est,
857 3747 891 3802 ab
915 3746 960 3805 illo

156 3830 203 3902 qul
217 3831 246 3885 in
260 3829 419 3898 maniles103
436 3839 465 3887 et
479 3848 541 3904 que
559 3833 588 3888 in
602 3834 700 3906 spiritu
715 3842 758 3891 est
779 3836 960 3896 circumcisio,

155 3918 191 3973 ab
209 3933 244 3974 ea
263 3935 325 3991 quae
348 3919 379 3973 lit
402 3919 526 3975 incarne
542 3921 632 3992 (Jiom.
649 3937 680 3991 ιι,
705 3923 751 3995 28)
768 3922 960 3994 :spiritualem

154 4007 239 4064 lsrael
251 4024 267 4062 a
282 4007 394 4073 carnali,
416 4015 445 4065 et
459 4006 529 4065 filios
544 4008 608 4065 fidei
621 4012 739 4068 Abrabae
753 4026 769 4066 a
785 4011 846 4069 siliis
859 4013 959 4071 carnis.

155 4097 217 4155 Nora
226 4098 313 4162 enlm,
322 4096 421 4169 inquit,
432 4113 529 4154 omnes
539 4100 590 4170 poi
599 4115 635 4154 cn
646 4101 743 4167 lsrael,
758 4100 789 4155 lui
795 4105 863 4158 ευυι
874 4103 962 4159 Ιενυε-

157 4186 219 4243 tite
229 4188 392 4260 :nepuepui
401 4202 497 4244 semen
503 4188 705 4253 souAbrudoe,
715 4189 745 4246 bi
753 4189 810 4259 filii
820 4191 909 4259 (Rom.
921 4208 959 4258 rx,

155 4276 183 4339 b,
198 4277 236 4343 Ἰ).
253 4275 376 4346 Sequere
391 4281 496 4347 ergoet
510 4275 573 4331 dic:
589 4276 719 4332 Similiter
736 4294 792 4335 non
805 4294 902 4335 omnes
915 4281 961 4351 qui

1016 3389 1052 3444 ita
1067 3405 1134 3461 ergo
1144 3389 1313 3458 confirmata,
1325 3389 1379 3447 fide
1393 3391 1497 3448 scilicet
1510 3390 1666 3462 depellente
1682 3391 1819 3455 timorem,

1016 3476 1108 3533 laetitia
1131 3478 1334 3549 verecundiam,
1359 3479 1427 3535 dixit
1447 3480 1483 3535 ad
1505 3480 1656 3552 angelum:
1675 3479 1815 3548 Quomodo

1015 3566 1065 3635 fiat
1075 3567 1172 3623 istud?
1182 3570 1317 3640 quonium
1327 3571 1421 3626 virum
1431 3584 1489 3626 ooo
1500 3565 1818 3640 mpoorco.N0nduoitat

1016 3654 1051 3711 de
1064 3654 1147 3723 iacto,
1161 3657 1211 3712 sed
1226 3657 1335 3713 modum
1350 3657 1465 3730 requirit
1479 3666 1508 3712 et
1521 3656 1655 3716 ordinem.
1671 3658 1728 3712 Nec
1741 3656 1816 3712 enim

1017 3745 1113 3815 querit
1124 3760 1160 3801 an
1175 3743 1222 3802 fiet
1230 3745 1313 3818 istud,
1327 3746 1376 3802 sed
1392 3746 1538 3818 quomodo.
1549 3744 1633 3815 Quasi
1641 3745 1714 3801 dicat
1729 3746 1817 3804 :Cum

1010 3832 1083 3905 ¹sciat
1099 3833 1232 3890 Dominus
1245 3850 1330 3901 meus,
1349 3834 1425 3891 testis
1439 3834 1615 3892 conscientiae
1628 3849 1706 3901 mee,
1722 3839 1816 3892 votum

1015 3936 1077 3977 esse
1091 3922 1195 3977 ancillae
1208 3938 1265 3978 sure
1288 3939 1345 3980 non
1356 3925 1534 3996 {cognoscere
1554 3925 1657 3992 rirum;
1674 3938 1728 3995 qna
1741 3920 1815 3994 lege,

1016 4023 1070 4081 quo
1084 4009 1179 4066 ordine
1201 4011 1320 4083 placebit
1338 4012 1364 4067 ei
1384 4019 1414 4068 ut
1436 4011 1483 4068 fiat
1504 4012 1600 4069 istud?
1615 4012 1644 4069 Si
1665 4011 1817 4084 oportuerit

1016 4115 1060 4155 me
1074 4098 1202 4171 frangere
1216 4107 1319 4169 votum,
1336 4110 1366 4158 ut
1379 4101 1484 4174 pariam
1499 4102 1581 4158 talem
1590 4100 1690 4168 dlium3
1706 4107 1734 4157 et
1746 4116 1816 4173 gau·

1016 4188 1069 4244 deo
1078 4189 1112 4244 de
1121 4189 1186 4256 illio,
1202 4198 1232 4246 et
1240 4190 1319 4248 doleo
1334 4191 1369 4248 de
1384 4192 1522 4264 proposito
1538 4207 1544 4245 :
1560 4191 1607 4247 siat
1618 4190 1816 4249 tamenvolun-

1018 4285 1060 4333 tas
1075 4278 1148 4347 ejas.
1164 4278 1212 4333 Sin
1227 4295 1292 4337 vero
1306 4281 1383 4353 virgo
1392 4281 1553 4352 concipiam,
1566 4281 1643 4353 virgo
1657 4288 1685 4336 et
1700 4281 1813 4350 pariam,

156 4377 191 4418 ει
203 4363 297 4429 Jacob,
314 4363 341 4417 bi
356 4364 500 4434 reputandi
519 4372 583 4419 sunt
607 4365 634 4419 in
657 4365 739 4422 domo
758 4367 852 4422 Jacob.
876 4368 960 4423 Jacob
976 4374 999 4452 u
1015 4367 1089 4439 quod
1113 4367 1207 4438 utique
1234 4369 1257 4423 si
1283 4369 1414 4440 placuerit
1433 4372 1469 4436 ei,
1489 4368 1656 4441 impossibile
1676 4384 1732 4424 non
1747 4368 1813 4434 erit;

158 4450 261 4525 qnippe
276 4452 335 4523 ipse
351 4461 392 4508 est
408 4453 455 4525 qui
467 4454 562 4509 lsrael.
579 4454 657 4511 Solos
679 4455 761 4527 igitur
782 4459 828 4526 qui
851 4456 880 4511 in
904 4456 959 4514 fide
1016 4462 1079 4511 tunc
1093 4456 1150 4512 scio
1161 4473 1225 4513 vere
1240 4459 1302 4529 quia
1310 4459 1431 4529 respexit
1441 4460 1618 4515 bumilitatem
1627 4457 1732 4513 ancillae
1746 4473 1812 4516 suae.

152 4542 238 4598 Jacob
253 4541 369 4612 perlecti
383 4541 541 4598 inveniendi
552 4552 624 4610 sunt,
635 4553 733 4614 reputa
747 4541 867 4601 Ὶιὶθίιι
876 4545 958 4602 domo
1015 4545 1153 4612 Quomodo
1168 4562 1232 4619 ενμο
1245 4547 1296 4617 fiet
1310 4548 1555 4622 istudlquoniom
1578 4550 1745 4606 oiruruoou
1763 4563 1813 4602 co-

154 4630 249 4695 Jacob,
266 4631 309 4687 vel
331 4633 421 4703 potius
434 4631 509 4702 ipsos
534 4632 643 4689 noveris
665 4631 725 4688 lore
745 4632 914 4704 spiritualem
930 4643 958 4691 et
1011 4649 1122 4704 puosco.
1138 4637 1174 4692 Et
1188 4636 1359 4707 respondens
1380 4638 1499 4709 υνιμειυε
1512 4637 1589 4693 dicit
1612 4640 1640 4694 ei
1655 4658 1665 4695 :
1683 4635 1814 4708 Spiritus

155 4726 286 4777 eternam
300 4722 410 4777 domum
434 4722 527 4783 Jacob,
543 4723 572 4776 in
596 4736 649 4794 qua
673 4722 800 4794 regnabit
823 4722 957 4779 Dominus
1012 4729 1126 4780 sanctur
1141 4726 1321 4796 superveniet
1332 4726 1363 4781 in
1374 4729 1413 4792 ιε,
1428 4730 1456 4782 ει
1464 4729 1556 4784 virtue
1570 4726 1709 4783 ditissimi
1718 4727 1821 4783 odom-r

153 4808 233 4864 Jesus
247 4810 275 4863 in
289 4819 433 4868 arternum.
449 4809 515 4879 Quis
528 4825 561 4866 ει
573 4811 651 4865 nobis
662 4816 714 4877 est,
724 4809 770 4881 qui
784 4812 956 4880 jnrtainter·
1010 4809 1103 4868 brabit
1119 4811 1180 4867 tibi.
1198 4811 1331 4882 Superius
1346 4814 1418 4870 dicia
1432 4823 1475 4871 εει
1490 4815 1574 4870 luisse
1588 4816 1685 4886 gratio
1703 4815 1813 4886 pleno:

154 4899 335 4969 pretationem
355 4897 474 4954 nominis
490 4897 584 4965 Jacob,
599 4899 755 4969 supplantet
768 4899 905 4956 diabolum
921 4903 954 4958 de
1009 4905 1038 4956 et
1053 4915 1125 4956 nunc
1138 4902 1275 4971 quomodo
1286 4902 1393 4964 dicitur.
1411 4904 1538 4976 Spiritus
1551 4907 1670 4959 sanctur
1683 4916 1814 4976 rupertu-

153 4986 238 5042 corde
263 5001 324 5054 ano,
357 4988 476 5044 luctetur
498 5003 558 5044 etim
586 4987 658 5043 vitiis
681 4995 709 5043 et
730 4989 956 5059 concupiscentiis
1009 4991 1069 5045 niet
1084 4991 1116 5044 iu
1126 4993 1162 5052 te,
1175 4992 1204 5046 ει
1213 4991 1306 5047 virtus
1316 4993 1456 5049 ditissimi
1469 4989 1646 5046 obumbrabit
1656 4989 1813 5047 tabililun·

154 5074 220 5141 suis,
237 5083 267 5131 ot
281 5091 336 5131 non
360 5083 459 5148 regnet
481 5084 623 5148 peccatum
647 5077 675 5132 in
698 5092 748 5134 suo
762 5080 869 5135 mortali
890 5096 953 5137 cor·
1008 5076 1074 5150 quid
1088 5077 1177 5149 potuit
1189 5079 1292 5151 repleri
1301 5081 1437 5152 gratia,et
1446 5080 1563 5136 necdum
1573 5079 1675 5135 babere
1683 5079 1811 5151 Spiritum

153 5178 232 5236 pore,
253 5165 303 5220 sed
324 5170 423 5235 regnet
447 5163 474 5218 in
498 5180 532 5221 eo
546 5167 622 5232 Jesu,
647 5174 676 5223 et
692 5181 765 5222 nunc
779 5166 890 5238 quidem
904 5184 954 5240 per
1008 5173 1141 5233 sanctum,
1159 5183 1219 5224 cum
1243 5168 1303 5240 ipse
1326 5169 1361 5225 sit
1382 5168 1461 5225 dator
1482 5168 1652 5241 gratiarum?
1668 5168 1698 5224 Si
1720 5176 1812 5224 autem

154 5253 280 5327 gratiam.
296 5260 324 5308 et
338 5253 364 5308 in
386 5261 520 5310 eternum
533 5271 586 5328 per
598 5256 737 5328 gloriam?
753 5255 829 5312 Beati
847 5257 875 5310 in
891 5258 952 5329 qui·
1007 5257 1063 5327 jam
1089 5257 1206 5329 Spiritus
1233 5266 1344 5314 sanctus
1369 5258 1397 5313 in
1422 5275 1455 5314 ea
1476 5268 1544 5326 erat,
1570 5258 1708 5333 quomodo
1721 5258 1812 5314 adbuc

153 5341 205 5399 bus
219 5343 298 5399 Jesns
316 5344 440 5416 reguabit
453 5345 482 5401 in
496 5354 639 5412 aeternum,
655 5345 718 5419 quia
734 5353 760 5402 et
775 5345 828 5417 ipsi
842 5361 903 5403 cum
918 5363 952 5404 eo
1008 5350 1136 5418 tanquam
1161 5346 1269 5404 noviter
1290 5354 1506 5419 superventurus
1529 5346 1749 5422 repromittitur?
1768 5351 1811 5404 tiu

154 5431 318 5506 regnabunt,
334 5438 363 5487 et
386 5433 464 5508 regni
488 5435 571 5504 buius
591 5451 646 5491 non
668 5435 721 5492 erit
744 5434 816 5492 sinis.
832 5436 951 5508 dquam
1008 5434 1078 5491 iorto
1102 5436 1165 5495 ideo
1189 5452 1244 5493 non
1266 5433 1333 5492 dixit
1356 5437 1523 5510 simpliciter,
1538 5441 1631 5498 ueniet
1649 5439 1682 5494 in
1698 5442 1736 5509 te,
1760 5439 1810 5496 sed

153 5518 302 5594 gloriosum
317 5528 361 5577 est
371 5537 487 5597 regnum
499 5522 576 5593 illud,
587 5522 615 5578 in
629 5538 683 5598 quo
697 5538 779 5596 reges
792 5527 952 5600 congregati
1006 5525 1110 5584 addidit
1128 5543 1223 5600 super,
1238 5525 1303 5601 quia
1326 5534 1354 5584 et
1376 5527 1453 5601 prius
1465 5529 1577 5604 quidem
1594 5528 1624 5588 in
1637 5542 1671 5585 ea
1686 5527 1737 5585 init
1758 5545 1810 5602 per
