3734 5948
473 244 506 306 IN
525 242 746 305 buutclttultu
766 244 933 308 tuutushu
951 251 1060 312 subdu
1080 253 1116 314 ll.
1454 295 1458 303 ·
1558 259 1611 322 522

83 367 241 437 modio,sed
256 382 338 441 super
354 367 558 437 candelabrum
573 367 683 430 lim
697 371 760 444 qaia
777 386 801 466 Α
817 372 958 449 indignum
985 376 1111 448 judicans
1133 376 1206 450 quod
1235 377 1334 435 nullam
1361 378 1450 439 mbuc
1478 381 1612 443 Dominus

85 463 128 515 est
151 465 181 513 ut
199 457 287 514 luceat
306 457 351 514 lux
371 465 462 514 nostra
479 474 570 516 coram
593 460 760 530 hominibus,
818 464 930 521 sabaoth
943 463 1052 521 domum
1067 465 1178 523 baberet
1191 467 1219 523 in
1234 467 1332 538 terris,
1348 466 1408 540 ipse
1422 485 1487 529 vero
1502 472 1613 530 domum

83 552 115 603 att
132 559 215 618 opera
236 554 328 604 nostra
343 548 423 615 bona,
444 557 470 604 et
488 548 641 621 glorificent
654 549 761 607 Patrem
814 551 976 610 inhabitaret
984 553 1067 627 regiae
1081 553 1223 628 dignitatis
1233 557 1273 626 (tl
1281 557 1343 629 liep.
1352 557 1418 626 7,2;
1433 559 1526 617 lPor.
1538 576 1612 635 xvir,

83 658 93 701 ι
110 643 198 717 quiin
213 644 290 702 coelis
305 653 347 703 est
360 645 471 721 (dotti.
487 663 514 715 s,
533 648 588 720 ld).
817 640 853 713 l).
862 642 919 699 Hoc
928 641 1025 715 ipsunt,
1038 643 1206 712 fratres,uos
1213 646 1410 718 quoquedccst
1420 648 1543 721 cogitare
1550 649 1613 707 fide·

83 748 102 791 n
119 747 185 792 sero
204 733 418 792 benedictionem
442 735 550 808 quidem
574 745 762 809 exspectamus
817 730 888 797 liter,
899 737 927 786 θῑ
940 729 1054 789 viriliter
1067 731 1176 789 effectui
1189 733 1356 807 muntium·
1371 734 1438 791 Nam
1453 737 1537 809 quod,
1548 738 1613 797 ficet

83 822 198 897 'mando
218 823 320 896 aperiet
342 839 452 880 manum
473 842 560 894 susm,
589 833 615 882 et
640 825 762 899 implebit
815 822 874 877 Deo
897 819 1028 892 placuerit
1051 820 1180 893 cogitatio
1195 821 1242 878 illa
1264 822 1417 896 Prophetas,
1437 841 1508 898 epus
1527 833 1616 885 tamen

83 908 162 969 ulmal
186 912 384 969 benedictione.
411 915 478 970 Nam
503 916 532 969 in
553 923 668 989 quatuor
690 932 762 988 prm·
816 916 982 966 reservatum
1013 918 1053 966 est
1082 909 1234 980 Salomoni,
1265 912 1318 968 alia
1350 912 1418 969 ratio
1455 923 1505 984 est,
1541 915 1615 975 forte

83 999 168 1061 uerita
189 1008 325 1072 conatam,
350 1002 377 1058 in
396 1004 586 1061 bencdictione
604 1014 668 1062 sunt
691 1020 761 1076 prae.
816 996 962 1070 prolixiore
976 997 1103 1073 indigens
1116 998 1308 1071 disputatione.
1318 1001 1377 1057 tam
1391 1017 1467 1071 vero,
1480 1019 1496 1060 o
1511 1004 1611 1072 anima,

88 1088 274 1149 mediamna
291 1099 348 1148 eom
362 1090 543 1165 complebitur
557 1093 644 1168 giiii,
662 1095 761 1152 ,incip
817 1096 845 1140 tu
859 1085 967 1156 quidem
982 1085 1091 1143 sublimi
1106 1086 1133 1142 in
1148 1087 1230 1145 domo
1253 1087 1367 1157 habitas,
1380 1105 1473 1163 quaea
1491 1091 1548 1150 Deo
1564 1094 1613 1149 tibi

83 1180 232 1254 ¹a,qnmm10
253 1181 310 1250 jam
329 1180 357 1236 in
380 1181 492 1238 domum
511 1182 685 1240 transibimus
708 1200 763 1257 ¹¹9⁰
817 1174 946 1232 fabricata
960 1181 1011 1232 est.
1026 1174 1131 1248 Corpus
1155 1178 1208 1234 boc
1221 1177 1283 1235 dieo
1298 1196 1306 1234 ε
1321 1179 1394 1250 quod
1413 1179 1453 1238 sic
1465 1182 1614 1257 compegit,

83 1254 160 1334 ium,
184 1274 309 1325 aeiemam
325 1268 352 1323 in
367 1269 451 1327 cmiii,
472 1270 533 1342 ipsi,
547 1279 589 1328 egi
612 1287 672 1344 quae
695 1286 761 1328 con·
816 1262 888 1334 quod
909 1262 949 1320 sic
972 1264 1082 1336 aptavit,
1097 1266 1171 1339 quod
1194 1267 1235 1323 sic
1249 1266 1356 1325 ornauit
1377 1274 1405 1324 et
1426 1269 1571 1344 ordinavit,
1587 1283 1615 1327 ut
1673 1257 1674 1260 ¹

90 1355 164 1417 vivis
181 1373 215 1413 ex
229 1356 374 1429 lapidibus,
400 1358 503 1435 angelis
517 1357 765 1418 scilioeieciiomi.
817 1351 941 1424 gloriose
967 1351 996 1408 in
1019 1369 1051 1410 en
1078 1362 1105 1410 et
1124 1353 1319 1412 delectabiliter
1340 1356 1486 1416 habitares.
1511 1359 1565 1416 Sed
1589 1370 1614 1416 ct

83 1442 159 1505 timui
173 1445 242 1502 enim
259 1445 402 1503 aediiieario
421 1456 448 1504 et
466 1447 599 1506 dedicatio
612 1448 670 1523 ipsi
684 1465 762 1507 com.
817 1439 870 1510 ipsi
891 1439 1000 1514 corpori
1023 1441 1134 1498 domum
1158 1442 1222 1500 iecit
1242 1445 1389 1515 excelsam,
1405 1446 1571 1518 aptissimam
1588 1455 1617 1504 et

83 1550 98 1592 ·.
113 1533 255 1606 Diejnncia
269 1534 396 1591 nimirum
411 1536 483 1608 ligna
498 1545 526 1593 et
540 1537 643 1610 lapides
653 1539 764 1596 domum
817 1528 954 1590 decoram.
978 1529 1046 1589 Dico
1061 1538 1151 1588 autam
1176 1532 1331 1590 sensibilem
1346 1534 1420 1591 hunc
1433 1542 1461 1591 et
1481 1536 1616 1593 inhabita·

83 1620 153 1693 ient,
177 1637 229 1679 nee
247 1621 329 1679 ineis
355 1623 480 1681 habitare
495 1626 556 1698 quis
579 1634 685 1698 potem
706 1625 763 1683 ⁸012
819 1618 900 1675 bilem
924 1619 1064 1679 mundum.
1080 1621 1175 1680 Nonne
1192 1638 1259 1696 ergo
1278 1621 1421 1697 indignum
1444 1632 1566 1698 reputas,
1586 1633 1618 1683 ut

83 1708 203 1782 eiunctio
218 1711 329 1768 domum
345 1710 418 1770 iacit.
439 1712 485 1771 Sic
510 1714 664 1772 coelestium
685 1714 765 1787 spiri·
781 1671 804 1750 Β
821 1707 869 1764 tibi
883 1707 942 1782 ipse
960 1707 1053 1768 feeerit
1066 1712 1188 1780 domum,
1204 1717 1234 1768 tu
1257 1728 1322 1770 sero
1337 1712 1363 1769 ei
1376 1713 1508 1787 templum
1532 1714 1615 1772 euiu-

83 1798 184 1858 olma
200 1801 299 1866 unitas,
320 1801 379 1859 sine
397 1801 454 1859 ulla
472 1801 523 1861 sibi
546 1803 677 1863 divisione
701 1821 767 1860 coir·
821 1812 882 1854 cure
897 1797 1069 1858 dissimules?
1084 1802 1183 1859 Adhuc
1205 1801 1317 1858 domum
1331 1802 1438 1873 quidem
1458 1803 1553 1870 babes,
1568 1807 1615 1862 sed

83 1894 207 1962 mugram
229 1899 256 1945 et
278 1904 426 1965 congruam
440 1891 496 1948 Deo
516 1891 605 1949 reddit
626 1893 767 1949 habitatio·
820 1894 892 1943 certa
905 1896 964 1945 esto
977 1891 1105 1963 quoniam
1129 1891 1156 1947 in
1171 1891 1245 1949 brevi
1267 1905 1361 1947 casura
1383 1898 1425 1947 est
1444 1892 1541 1948 domus
1565 1903 1618 1959 tua,

83 1991 143 2035 nem
158 1977 332 2035 ineffabiliter
352 1978 485 2037 bendecar
507 1980 659 2039 inhabitans
681 1982 767 2056 gloria
822 1982 849 2032 et
864 1984 892 2032 tu
907 1976 961 2034 uisi
974 1978 1050 2050 prius
1063 1979 1213 2052 provideris
1235 1979 1325 2047 aliam,
1341 1978 1397 2035 eris
1411 1973 1520 2051 pluvie,
1536 1990 1614 2039 vento

83 2064 130 2125 tu.
157 2065 225 2137 Quis
247 2070 319 2125 enim
343 2069 381 2125 sic
407 2067 489 2126 sciret
515 2069 641 2129 uniuersa
673 2087 766 2144 regum
826 2063 940 2124 tow
961 2072 988 2123 ct
1001 2066 1098 2144 frigori
1119 2068 1291 2141 exponenda.
1304 2068 1375 2127 Heni
1393 2066 1492 2126 efaoie
1506 2068 1618 2143 frigoris

83 2175 99 2230 ι,
113 2164 160 2214 aut
178 2156 239 2229 quis
253 2173 349 2214 eorum
373 2157 464 2215 omnia
486 2157 557 2217 dicta
571 2161 611 2218 vel
632 2160 703 2218 lacta
728 2160 767 2217 sic
824 2153 885 2225 ejus
898 2153 960 2228 quis
973 2156 1138 2214 sustinebit?
1153 2155 1229 2214 Felix
1249 2157 1374 2229 proinde,
1388 2164 1416 2212 et
1429 2157 1540 2213 multum
1556 2158 1618 2214 felia

104 2247 241 2319 quomodo
267 2247 356 2319 palatii
379 2247 452 2322 ligne
475 2258 502 2305 ct
528 2249 643 2321 lapides,
668 2250 692 2307 si
714 2266 769 2308 non
824 2243 1620 2319 animaqumdicercpotest:Scimuaouooiomaitcrrcs-

101 2332 156 2392 illia
181 2334 363 2408 intelligentiae
387 2341 504 2395 sensus?
530 2339 622 2410 ltaque
650 2339 768 2397 eoelestis
826 2334 880 2389 tris
897 2331 995 2392 domus
1014 2339 1113 2392 costra
1134 2332 1219 2407 hujus
1233 2333 1418 2393 tabutinus
1438 2333 1620 2406 denotantur,

83 2423 142 2482 uie
155 2422 261 2496 lapidee
275 2422 330 2483 uiui
344 2439 375 2482 ac
391 2423 562 2483 renouabiles
576 2426 675 2483 divinis
688 2427 770 2485 inter·
825 2422 898 2495 quod
911 2422 1130 2494 aedificationem
1147 2422 1282 2482 bohemus
1299 2423 1543 2490 cubonimaci
1564 2440 1623 2484 ooo

83 2511 179 2593 usiliis,
196 2523 222 2570 et
231 2512 369 2570 Trinitatis
379 2514 508 2584 mysteria
520 2521 631 2587 norunt,
645 2516 772 2574 audiunt·
826 2514 1035 2583 manufactam,
1045 2518 1184 2570 steritem
1193 2512 1225 2570 iu
1235 2513 1312 2571 caelia
1330 2513 1371 2586 (ll
1384 2515 1445 2572 Cor.
1462 2527 1490 2580 v,
1507 2515 1542 2584 l).
1558 2514 1624 2569 Pro·

83 2601 124 2661 bs
147 2602 306 2669 ineffabilia,
331 2621 392 2676 quae
415 2621 470 2662 non
488 2604 551 2661 licet
566 2604 670 2662 homini
685 2605 770 2678 loqui.
827 2607 919 2671 pterea
939 2600 995 2672 itm
1024 2618 1057 2658 ne
1080 2601 1197 2668 dedetis.
1220 2615 1236 2658 0
1260 2601 1360 2670 anima,
1386 2617 1511 2659 ιθῐιιῐιῐιῐη
1535 2603 1623 2659 ῡῦὓῐίῑ

83 2693 124 2767 ieci
137 2691 268 2751 bobitout
282 2695 314 2749 io
325 2693 405 2752 domo
417 2699 477 2762 toa,
489 2696 619 2764 nemim
630 2697 773 2752 incaepta
828 2688 890 2754 tuis,
910 2696 940 2745 et
961 2688 1097 2761 palpebris
1121 2690 1182 2747 tuis·
1194 2690 1424 2762 dormitationem,
1440 2689 1526 2749 donee
1548 2690 1624 2747 inve-

83 2794 147 2857 nem
163 2781 320 2838 tondebunt
334 2783 378 2838 ie!
391 2783 478 2855 (psat.
499 2798 609 2853 cxxxiii,
618 2785 658 2854 5.)
667 2784 774 2856 Quanto
827 2775 887 2833 nias
901 2777 992 2835 locam
1006 2779 1132 2847 Domino,
1149 2780 1353 2837 tabernaculum
1367 2780 1425 2838 Deo
1437 2778 1521 2838 Jacob
1534 2780 1626 2853 (Psoi.

83 2867 131 2928 ine
149 2868 250 2937 uident,
267 2870 328 2942 plus
348 2870 514 2944 intelligunt,
530 2872 592 2945 plus
606 2880 773 2945 agnoscuut3
828 2882 929 2935 cxxxi,
944 2869 971 2936 ι,
987 2866 1023 2940 b).

83 2954 129 3014 lus
143 2955 270 3030 diligunt,
287 2968 360 3016 tanto
385 2959 472 3034 magis
496 2959 606 3017 laudant
625 2968 700 3018 tanto
720 2954 813 3033 amc
864 2961 891 3014 ιι.
912 2957 966 3015 Sed
979 2957 1047 3030 quid
1062 2965 1198 3027 putamus,
1215 2956 1337 3015 inanest
1351 2957 1403 3014 Ubi
1419 2957 1555 3017 inuenitur
1572 2959 1626 3015 bu·

83 3042 243 3104 limitantur.
829 3049 877 3119 jus
889 3044 999 3103 aedilicii
1022 3048 1108 3113 locus,
1124 3053 1170 3102 aut
1183 3046 1246 3118 quis
1257 3046 1358 3119 peterit
1370 3062 1433 3105 esse
1445 3047 1629 3104 architectus?
1691 3089 1695 3096 .

83 3147 158 3192 uum
173 3134 237 3208 quis
251 3136 388 3192 cohaercre
408 3135 518 3209 quidem
536 3137 587 3194 sibi
609 3138 721 3195 domum
742 3138 778 3194 il·
833 3136 898 3191 Nam
928 3133 1033 3192 visibile
1062 3132 1136 3189 istud
1160 3133 1290 3206 templum
1323 3136 1415 3208 utique
1445 3142 1556 3210 propter
1579 3151 1630 3193 uos

85 3224 210 3297 perfecte
225 3240 375 3281 connexam
400 3241 460 3282 esse
473 3227 532 3296 ism
545 3227 674 3294 diximus,
689 3242 781 3297 super-
832 3222 936 3279 factum
958 3229 999 3279 ast
1021 3222 1055 3278 ad
1068 3228 1187 3277 nostram
1210 3220 1405 3280 habitationem
1420 3243 1428 3280 z
1443 3238 1532 3297 neque
1555 3224 1626 3280 enim

83 3308 241 3383 iuncturam
256 3320 284 3368 et
297 3313 493 3371 connexionem
507 3315 594 3384 ipsam
608 3313 780 3387 aliquatenus
833 3309 988 3370 ditissimus
1010 3309 1038 3366 in
1053 3309 1212 3367 manufactis
1235 3311 1348 3369 habitat.
1363 3311 1443 3382 Quod
1458 3328 1525 3385 ergo
1543 3312 1630 3370 edifi-

83 3412 177 3457 umus
191 3400 317 3473 Legimus
331 3401 359 3457 in
383 3402 451 3458 isaia
465 3419 473 3458 ε
485 3403 601 3463 diutino
617 3403 719 3462 bouum
738 3408 781 3463 eri
834 3399 955 3458 cabimus
968 3399 1099 3470 templum
1115 3398 1138 3455 ci
1151 3399 1197 3472 qui
1211 3398 1287 3466 dicit,
1299 3408 1327 3456 et
1339 3416 1402 3457 uere
1416 3399 1483 3458 dicit
1497 3419 1504 3456 τ
1523 3402 1629 3460 Caelum

83 3502 120 3557 ut,
143 3489 185 3561 ι).
208 3486 317 3561 Duplici
332 3489 417 3564 igitur
435 3488 487 3548 sibi
517 3494 654 3550 coboerent
678 3490 783 3565 lapides
835 3487 1387 3562 stterromepoimptsot(lcrem.mu,
1403 3489 1633 3562 iti'l'ribularer

83 3577 147 3635 ilino
165 3577 329 3651 cognitionis
354 3579 441 3650 plcnae
464 3586 490 3637 et
511 3580 639 3653 perlectae
660 3580 782 3638 dilectio·
835 3577 924 3649 valde,
940 3583 969 3635 et
990 3576 1144 3634 anxiaretur
1166 3592 1249 3649 super
1271 3593 1317 3633 mc
1340 3577 1451 3650 spiritus
1472 3594 1564 3645 meus,
1579 3579 1633 3636 nisi

83 3672 138 3724 mio
153 3666 287 3740 siquidem
304 3669 399 3738 maiori
414 3669 448 3724 sd
462 3671 618 3727 seinvicem
638 3669 783 3727 dilectione
836 3665 909 3746 quod
927 3665 1008 3723 audio
1021 3682 1082 3722 eum
1098 3664 1131 3721 de
1145 3665 1260 3736 quodam
1276 3664 1436 3722 dicentem:
1453 3664 1524 3735 Quia
1538 3683 1585 3741 epo
1603 3672 1632 3725 et

83 3759 159 3820 ntur,
171 3763 272 3825 quanto
287 3753 340 3827 ipsi
363 3757 495 3827 charitati,
512 3773 572 3829 qum
585 3758 662 3815 Dens
676 3764 727 3825 est,
740 3755 784 3814 ui·
836 3755 965 3813 Paterae
973 3756 1198 3821 cumvenicmua,
1208 3758 1237 3812 et
1246 3755 1634 3829 mensioocmapudeumso-

83 3843 254 3900 eassistunt.
271 3844 323 3900 Sed
347 3859 397 3902 nec
417 3846 471 3902 ulla
486 3861 612 3919 separare
631 3862 679 3904 eos
697 3847 731 3902 sb
746 3847 785 3902 in·
836 3845 943 3903 ciamus
953 3846 1046 3916 (foco.
1060 3858 1121 3911 xrv,
1136 3844 1193 3914 23).
1208 3844 1303 3916 ltaque
1314 3844 1370 3915 jam
1385 3845 1452 3912 scio,
1468 3845 1514 3902 ubi
1528 3861 1633 3918 praepa-

90 3930 210 4003 ttuspicio
233 3939 333 4004 potest,
358 3934 404 3989 ribi
429 3933 495 3990 nibil
521 3935 632 3992 omnino
657 3936 729 4007 quod
755 3935 783 3992 in
838 3934 923 3990 nanda
947 3933 983 3989 sit
1004 3933 1103 3990 demus
1123 3931 1159 4002 ei,
1176 3932 1300 4006 quoniam
1323 3948 1379 3990 non
1402 3935 1475 4007 capit
1497 3951 1558 3992 eum
1582 3937 1635 3993 nisi

92 4020 138 4087 sit,
160 4021 275 4078 alterum
298 4023 383 4079 latere
402 4024 505 4094 patitur
529 4033 672 4096 penetrans
693 4023 783 4081 omnia
837 4023 926 4096 imago
941 4037 999 4101 sua:
1015 4020 1113 4077 linima
1126 4037 1211 4093 capax
1224 4019 1297 4079 illius
1318 4030 1372 4091 est,
1386 4040 1448 4098 quae
1462 4024 1588 4081 nimirum
1602 4027 1635 4082 sd

99 4108 231 4168 veritatis.
246 4109 382 4179 Quoniam
401 4111 490 4169 adhuc
505 4113 553 4186 qui
571 4110 698 4170 odbaerct
716 4112 782 4183 Deo,
837 4109 897 4182 ejus
910 4108 1056 4183 imaginem
1071 4117 1113 4166 est
1127 4117 1227 4168 creata.
1244 4112 1439 4188 Propterquod
1453 4114 1509 4185 jam
1525 4112 1633 4183 festino,

83 4199 191 4276 piritua
205 4208 249 4256 est
261 4216 325 4257 cum
340 4217 371 4259 co
386 4201 414 4272 (l
423 4203 474 4260 uer
484 4217 522 4270 rt,
536 4204 584 4273 ll,
596 4201 661 4256 nihil
671 4200 784 4256 dubium
803 4235 826 4314 u
841 4201 944 4257 adorna
973 4200 1118 4256 thalamum
1142 4205 1228 4270 tuum,
1253 4201 1334 4272 Sion,
1359 4203 1487 4275 quoniam
1517 4203 1636 4276 compla-

83 4286 110 4347 in
132 4286 250 4362 perfecte
265 4291 435 4350 adhaerentes
455 4291 481 4350 ei
495 4291 567 4348 besti
590 4290 701 4362 spiritus
725 4304 788 4347 cum
842 4289 898 4347 cuit
919 4288 1035 4347 Domino
1059 4289 1088 4346 in
1110 4297 1148 4360 te,
1161 4297 1190 4346 et
1212 4295 1283 4347 terra
1303 4299 1350 4347 tua
1365 4289 1568 4348 inhabitabitur.
1587 4291 1639 4348 Ex·

83 4378 137 4437 tter
150 4387 176 4437 ct
195 4381 222 4437 io
238 4396 271 4438 eo
286 4390 430 4452 penetrent
439 4381 577 4440 universa.
598 4381 639 4437 ild
658 4380 729 4437 hanc
739 4380 788 4438 do·
842 4379 914 4436 suita
927 4377 1003 4445 satis,
1020 4376 1074 4434 filia
1088 4377 1170 4445 Sinni
1183 4378 1314 4435 habitabit
1328 4379 1356 4434 in
1370 4387 1396 4436 te
1409 4380 1484 4438 Deus
1499 4387 1571 4437 tuus.
1587 4381 1639 4439 Dic

83 4466 254 4543 tiperuenire
267 4468 415 4539 desideras,
436 4471 476 4528 sic
495 4470 666 4544 concupiscat
679 4479 705 4527 et
718 4467 788 4526 defi·
844 4468 1024 4526 camaleria:
1041 4467 1232 4526 &scandito
1250 4468 1441 4539 Deraemistae
1458 4470 1640 4529 mibisccuo·

83 4556 145 4616 uma
165 4565 208 4615 tua
231 4557 258 4614 in
272 4557 340 4614 atria
354 4559 475 4629 Domini,
490 4561 560 4618 sicut
577 4559 711 4632 Propheta
729 4558 787 4615 cla·
842 4558 911 4615 dum
921 4558 1035 4616 nobum
1045 4568 1139 4615 tuum.
1153 4555 1284 4627 Dicjuxta
1294 4557 1379 4613 beatae
1389 4556 1524 4615 Elisabeth
1536 4559 1616 4615 serbe
1631 4575 1637 4616 :

83 4646 158 4705 item
168 4647 243 4721 petii
251 4650 488 4721 oDornioo,booc
497 4651 653 4724 requiram,
663 4648 787 4706 cttebc-
843 4645 960 4704 utnedc
969 4644 1641 4716 bocmibi,utocniotmajestssDomt'aiodme?

83 4736 789 4810 indmDominiomuibuadiebuaoa'toemeoeiPaui.
842 4721 922 4794 iius.
938 4750 958 4801 r,
974 4735 1019 4804 ³8,
1029 4735 1086 4805 ia.)
1100 4731 1207 4802 Quanta
1214 4734 1285 4790 enim
1295 4733 1347 4790 Dei
1359 4733 1522 4808 benignitas,
1539 4749 1637 4808 quanta

83 4825 122 4899 ι).
138 4826 231 4898 Ipsum
245 4826 419 4883 nibilominus
434 4824 539 4884 imitare
553 4829 724 4900 Prophetam,
744 4825 790 4898 qui
844 4821 974 4896 dignatio,
1001 4831 1102 4894 quanta
1132 4820 1261 4895 dignitus,
1285 4827 1388 4897 quanta
1419 4822 1506 4895 gloria
1537 4823 1641 4878 anima·

83 4912 331 4985 iurauitDootioo,
344 4915 693 4976 ooiumuocitlleolocob.
706 4916 737 4973 Si
750 4917 793 4972 io·
845 4927 916 4978 rum,
938 4908 1014 4982 quod
1036 4909 1168 4967 Dominus
1191 4909 1390 4978 universorum,
1416 4918 1444 4967 et
1468 4911 1514 4982 qui
1538 4910 1642 4968 nudem

83 5002 792 5077 oiotubernaculumdomusmeoe,etc.(Psal.cxxa1‚
845 5000 928 5054 habet
958 4997 1146 5073 indigentiam,
1172 4999 1301 5073 temptum
1333 4996 1385 5056 sibi
1416 4999 1477 5055 lieri
1507 4999 1584 5071 jubet
1615 4999 1642 5056 in

92 5088 144 5147 Sed
170 5091 234 5147 hinc
249 5091 301 5148 alio
325 5108 451 5150 sermone
465 5093 543 5150 nobis
560 5091 728 5149 tractandum
741 5089 795 5148 erit
846 5087 918 5144 illisi

83 5179 214 5239 Dominus
229 5180 287 5251 ipse
307 5180 455 5240 donarerit.
882 5177 986 5250 ltaque,
1001 5175 1106 5244 fratres,
1125 5182 1180 5233 toto
1194 5191 1255 5233 cum
1278 5174 1411 5232 desiderio
1432 5185 1460 5234 et
1481 5177 1567 5251 digna
1581 5190 1644 5251 gra·

312 5268 429 5326 sultuo
448 5270 482 5324 ll.
848 5266 945 5322 tiaram
972 5266 1078 5321 actione
1111 5267 1266 5321 studeamus
1299 5264 1323 5322 ci
1352 5268 1480 5338 templum
1513 5266 1647 5324 edificare

83 5356 174 5416 mnodo
192 5360 221 5414 ct
234 5357 352 5416 nobisct
367 5359 432 5416 eliis
446 5360 586 5418 ooboerere
600 5355 757 5416 debeamus.
849 5356 878 5412 in
902 5353 981 5412 nobis
1004 5371 1010 5412 :
1037 5353 1124 5425 primo
1149 5353 1259 5426 quidem
1282 5352 1390 5412 solliciti
1413 5363 1443 5412 ut
1466 5357 1493 5412 in
1521 5356 1647 5431 singulis,

83 5444 202 5507 >limma
217 5446 351 5522 gloriosus
369 5453 397 5502 et
419 5449 548 5521 propheta
567 5445 684 5514 Domini,
706 5443 795 5503 Dauid
849 5443 947 5501 deinde
971 5449 1001 5500 ut
1026 5439 1055 5496 in
1079 5441 1206 5500 omnibus
1234 5441 1315 5502 umal
1338 5443 1484 5518 inhabitet;
1507 5447 1572 5520 quia
1599 5462 1652 5504 nec

83 5535 256 5607 inreligiosa
270 5536 388 5611 medam
404 5536 485 5609 eoepit
502 5535 666 5609 copitsunue
680 5533 796 5604 moueri,
852 5531 976 5609 singulos
999 5530 1172 5607 dedignatur,
1195 5547 1246 5592 aee
1270 5533 1423 5594 umrersos.
1445 5535 1538 5594 ano
1568 5534 1653 5614 igitur

141 5641 450 5702 Persoucbxxxlll.
1474 5644 1509 5700 tu
