3734 5948
95 210 164 276 '595
606 207 634 266 S·
653 201 822 266 uolutant
834 200 972 265 tatutis
990 200 1310 266 amminiculata
1689 204 1761 271 '896

109 354 181 409 rere,
196 343 227 394 ιιι
241 333 361 393 addiscat
378 333 450 389 unde
471 330 616 405 aliquando
629 329 841 404 magnificetur:
864 327 906 386 sic
921 344 946 424 Α
963 329 1056 386 schola
1073 328 1220 388 salvatoris
1246 330 1298 388 sub
1326 328 1386 402 eius
1413 328 1558 405 praesentia
1583 333 1757 409 congregati,

108 435 138 486 et
155 425 273 483 muudus
290 420 493 481 vulthaminam
506 420 600 478 multis
618 418 756 477 laboribus
774 416 903 491 intricari,
933 428 936 432 ’
961 421 1111 477 hauserunt
1136 434 1223 494 aquas
1250 418 1401 494 in-qaudio
1437 420 1472 477 de
1499 419 1574 478 iente
1599 421 1757 492 Salvum,

110 525 141 576 ut
153 517 249 572 babeat
269 514 342 569 unde
359 509 509 583 superbiat,
524 510 596 568 unde
613 509 731 576 infletur,
745 517 773 564 et
792 507 907 581 desipiat
939 546 943 553 -
958 509 1049 583 ipsum
1061 508 1124 566 sitae
1145 508 1249 566 iontcm
1276 508 1304 566 in
1331 507 1391 581 ipso
1416 509 1505 568 fonte
1519 511 1661 569 bibentes.
1680 512 1757 570 Mi

110 608 146 663 de
164 605 281 662 vanitate
293 603 323 659 in
336 601 463 675 idipsum.
480 600 658 672 Sanguisugae
671 598 734 655 due
751 607 816 654 sunt
830 598 904 668 hlioe,
958 598 1031 658 oculi
1047 598 1095 673 qni
1108 599 1379 672 videruntlinuquid
1392 614 1449 657 non
1463 607 1492 655 ct
1504 614 1565 668 vos,
1574 612 1634 658 uon
1648 602 1678 658 ln
1691 614 1756 674 pre·

110 695 138 751 id
160 700 202 750 est
226 693 342 766 propriae
369 689 522 756 voluntatis,
555 705 617 760 qun
645 686 723 761 quasi
749 687 824 743 radix
854 693 904 758 ast,
959 689 1058 758 sentia,
1073 687 1162 745 sedin
1183 687 1305 745 absentia
1324 687 1428 760 ipsius;
1452 701 1510 745 nou
1536 688 1572 745 ad
1592 689 1680 747 verba
1702 690 1754 748 oris

110 784 172 841 dnae
185 781 248 839 filim
263 788 335 853 sunt,
350 779 456 840 vanitas
473 776 577 836 lm
597 784 625 834 et
637 778 771 849 voluptas,
787 777 906 833 alaman·
958 780 1029 850 eius,
1045 776 1094 834 sed
1117 779 1150 834 ad
1164 792 1261 835 vocem
1287 776 1445 834 nuntiarum
1455 777 1528 851 eius,
1552 774 1645 836 similo
1656 775 1754 853 aliquid

109 880 153 930 tes
168 888 175 931 :
193 871 279 941 Alter,
296 870 373 927 siler.
389 871 437 925 ilae
454 883 596 940 nunquam
611 866 754 935 satiantur,
770 881 906 939 nunquam
959 867 1084 924 lecistis?
1097 865 1241 923 Defendite
1256 865 1335 924 vobis
1352 867 1425 924 hanc
1443 866 1668 942 prerogativam,
1686 867 1753 943 quud

110 961 222 1021 dieunt:
236 959 352 1017 Sufficit.
363 958 392 1015 si
405 957 467 1031 quis
477 958 528 1013 bas
538 956 645 1029 plenius
655 956 683 1012 in
697 972 726 1012 sc
740 955 905 1023 contriverit,
960 956 998 1013 illi
1013 956 1047 1012 ad
1062 955 1151 1014 visum
1165 963 1192 1013 et
1207 955 1375 1024 adverbum,
1390 971 1440 1013 vos
1452 955 1486 1012 ad
1504 956 1627 1013 auditum
1642 964 1754 1014 et-nnn·

111 1067 165 1110 uon
175 1048 309 1107 immerito
319 1047 369 1105 sibi
384 1048 458 1103 illam
465 1062 561 1105 vocem
570 1046 669 1118 poterit
680 1054 808 1118 coaptare
819 1063 827 1103 r
839 1049 908 1118 Quo
960 1046 1026 1103 tium
1042 1045 1204 1103 credidistis.
1221 1045 1266 1102 Sic
1279 1053 1349 1103 state
1357 1044 1386 1101 in
1399 1044 1530 1114 Domino,
1542 1043 1711 1114 charissimi,
1728 1052 1755 1104 at

111 1134 908 1211 uiam,inquit‚paiarmcuscimalermcadcreliqucroul
962 1133 1191 1209 quemadmodum
1203 1133 1243 1190 illi
1256 1134 1284 1190 in
1294 1133 1364 1191 laune
1379 1139 1406 1190 et
1420 1132 1476 1200 siti,
1491 1133 1520 1189 iu
1536 1134 1638 1208 lriqore
1660 1142 1689 1193 at
1706 1150 1755 1192 nu·

90 1246 166 1299 ‘me,
182 1231 317 1288 Dominus
332 1230 430 1284 aulem
446 1226 600 1299 assumpsit
610 1225 751 1296 meteret.
765 1241 837 1293 xxvi,
850 1227 906 1298 ιιι).
961 1225 1056 1292 ditate,
1071 1223 1099 1279 in
1117 1223 1255 1280 laboribus
1270 1230 1296 1280 et
1306 1222 1431 1295 iejuniis,
1446 1228 1473 1279 et
1486 1222 1595 1298 vigiliis,
1605 1231 1635 1281 at
1656 1223 1756 1282 meris

148 1306 175 1379 3.
191 1319 354 1377 floucstaur‘t
366 1317 451 1374 illum
465 1318 496 1373 iu
508 1315 657 1373 laboribus.
669 1316 768 1374 Nonne
777 1331 827 1372 nos
842 1316 908 1373 etin
962 1312 1140 1372 observantiis
1151 1312 1263 1384 justitia
1276 1312 1348 1368 viam
1363 1312 1466 1386 regiam
1480 1319 1651 1372 tenuemt:
1680 1313 1722 1372 sie
1731 1319 1756 1370 et

110 1411 178 1483 ipsis
193 1406 333 1464 laboribus
347 1406 447 1464 uostris
466 1407 651 1475 honestamur,
666 1420 727 1461 cum
743 1405 908 1478 omniaque
962 1418 1021 1472 vos,
1044 1400 1095 1459 etsi
1108 1417 1165 1458 non
1181 1417 1277 1458 eorum
1299 1400 1414 1471 meritis,
1430 1409 1519 1459 tamen
1541 1401 1680 1460 exercitiis
1706 1403 1756 1459 ali-

108 1498 232 1566 iaeimus,
257 1496 291 1550 ad
324 1493 436 1550 unitatis
457 1492 594 1550 vinculum
614 1493 776 1568 adunamus,
799 1502 828 1550 ut
854 1511 908 1551 non
963 1502 1097 1566 quatenus
1110 1488 1249 1563 coaequati,
1262 1489 1485 1548 dicatis·Domino
1509 1491 1680 1561 Deorastro,
1696 1507 1756 1551 oum

110 1587 139 1643 in
161 1585 240 1642 nobis
257 1583 293 1640 sit
313 1583 421 1655 pondus
439 1592 467 1639 et
490 1583 605 1654 pondus,
626 1598 755 1640 mensura
776 1591 804 1641 et
830 1601 907 1641 men·
963 1580 1093 1638 veneritis
1104 1587 1166 1637 aute
1179 1580 1307 1636 thronum
1316 1579 1407 1652 qloriae
1421 1579 1527 1652 ipsius:
1543 1581 1649 1639 temti
1662 1594 1756 1639 smnus

113 1691 187 1744 sura,
211 1671 274 1747 qnia
289 1679 434 1744 utrumque
449 1670 627 1728 abominabile
641 1678 682 1728 est
703 1673 774 1744 apud
797 1674 907 1734 Deum?
923 1628 946 1708 Β
960 1687 1012 1746 pro
1022 1669 1287 1742 diebusquibusnos
1297 1669 1468 1741 humiliasti,
1479 1671 1564 1728 oanis
1571 1670 1674 1744 quibas
1687 1669 1756 1728 uidi·

112 1765 208 1822 Nonne
227 1767 254 1820 et
273 1761 331 1818 baec
354 1760 454 1828 vilitas,
479 1761 536 1816 baec
558 1759 726 1828 deformitas,
748 1762 807 1819 haec
820 1761 905 1818 semi·
960 1758 1208 1828 musmcla(Pscl.
1224 1758 1406 1831 mxime).
1419 1759 1450 1815 ln
1464 1759 1577 1816 variata
1591 1757 1657 1816 dico
1671 1759 1755 1828 vobis,

112 1852 210 1911 cinatia
230 1851 398 1907 honorentur
413 1857 441 1906 et
458 1849 602 1905 adorantur
625 1866 640 1904 a
663 1849 830 1922 principibus
848 1857 906 1906 ter·
959 1848 1022 1924 quia
1034 1848 1062 1903 in
1074 1847 1186 1905 veritate
1201 1845 1267 1903 estis
1280 1847 1309 1903 in
1324 1846 1367 1903 via
1389 1854 1474 1916 recu,
1490 1846 1689 1920 inviasancta,
1699 1863 1756 1922 qua

112 1956 150 1997 rra
164 1939 245 2014 (89)‘l
259 1938 306 1995 Va
324 1937 412 2007 nobis,
429 1937 452 1994 si
475 1937 697 1995 exsultaverimus
718 1937 770 1994 nisi
784 1939 810 1994 iu
825 1940 905 1996 Cbri-
960 1937 1089 2010 perducat
1108 1937 1142 1992 ad
1158 1935 1285 1994 Sanctum
1304 1944 1473 1995 sanctarum.
1492 1935 1608 1995 Mentior
1621 1936 1709 2010 (quad
1726 1936 1756 1992 ad

112 2037 166 2098 sto,
180 2035 207 2086 et
220 2043 271 2101 pro
285 2024 409 2083 Christo!
426 2041 468 2083 ve
482 2025 572 2092 nobis,
586 2024 610 2081 si
623 2025 786 2083 vendibilem
802 2028 906 2084 obtule·
960 2024 1169 2085 consolationem
1199 2031 1318 2083 vestram
1347 2025 1418 2097 dico)
1451 2024 1475 2081 si
1492 2040 1549 2082 non
1573 2041 1606 2081 ex
1633 2024 1758 2082 manibus

112 2115 198 2176 rimus
216 2112 420 2192 paupertatem!
443 2117 479 2172 lli
503 2114 653 2189 compleuit
674 2114 781 2174 laboras
801 2116 907 2175 illius:
959 2115 1042 2188 hujus
1074 2113 1233 2187 peccatoris,
1283 2115 1489 2182 monachorum,
1518 2113 1689 2171 novitiorum
1727 2119 1753 2170 ct

112 2207 155 2266 vel
167 2206 253 2265 bic'in
272 2202 480 2278 perseverantia,
495 2209 527 2260 nt
539 2219 626 2277 usqua
639 2200 668 2259 in
682 2203 763 2261 duem
774 2204 907 2276 justitiam
961 2219 1155 2264 couversarum
1182 2203 1279 2260 anime
1305 2203 1340 2258 ad
1368 2201 1489 2261 coelestia
1526 2202 1625 2277 gaudia
1650 2203 1759 2260 volam·

113 2310 171 2353 non
194 2293 361 2366 derelinquat
380 2291 446 2349 :vel
469 2290 527 2349 illic
541 2290 569 2347 in
589 2291 686 2367 gloria,
702 2299 731 2348 ut
750 2294 866 2365 gaudeat
880 2295 908 2351 in
962 2300 1034 2361 runt,
1050 2302 1106 2350 tam
1121 2292 1216 2349 liberae
1230 2308 1313 2364 quam
1327 2291 1450 2349 liberate
1466 2291 1499 2350 de
1525 2306 1633 2348 carcere
1661 2298 1759 2349 umbre

113 2387 253 2437 aeteruum.
265 2381 340 2436 Felix
354 2388 467 2453 utraque
482 2380 634 2452 somnialia,
651 2398 713 2438 cum
727 2387 755 2438 et
767 2383 811 2441 hic
824 2383 907 2440 mari-
962 2381 1142 2440 mortalitatis.
1158 2381 1186 2439 Si
1198 2380 1319 2452 quaeritis
1334 2382 1406 2438 uude
1419 2381 1448 2437 id
1462 2380 1557 2451 sciam,
1585 2379 1761 2456 miratetqais

114 2477 157 2525 tur
168 2469 259 2540 iustus
272 2469 369 2541 plenus
379 2470 494 2542 dierum,
505 2476 532 2526 et
542 2469 597 2528 illic
611 2471 697 2528 oritur
706 2469 733 2527 iu
743 2472 909 2545 plenitudiue
962 2470 1113 2532 certissima
1123 2470 1191 2527 mibi
1203 2469 1281 2544 signa
1300 2470 1445 2528 indeiecta
1459 2475 1524 2527 sunt
1537 2477 1564 2525 el
1579 2475 1701 2530 werten

94 2555 207 2631 ¹lolius,
222 2557 432 2633 longitudinem]
447 2557 555 2616 dierum
571 2574 578 2614 τ
594 2560 739 2632 utrobique
753 2562 868 2634 plenus3
882 2569 909 2618 et
1000 2558 1112 2618 ¹¹28
1129 2563 1156 2614 3.
1171 2559 1231 2616 Non
1261 2565 1302 2616 est
1327 2559 1410 2633 igitur
1434 2559 1505 2631 equod
1534 2557 1612 2615 vobis
1640 2559 1683 2616 rel
1710 2574 1759 2633 pro

111 2645 268 2718 hie‘gratla,
293 2650 321 2703 et
334 2646 388 2704 illie
401 2645 500 2720 gloria,
524 2647 587 2720 quia
604 2649 720 2720 gratiam
743 2655 771 2706 et
793 2650 908 2723 gloriam
963 2649 1040 2706 vobis
1055 2651 1166 2705 timeam
1181 2646 1306 2704 ariribus
1325 2649 1430 2704 Satauoe
1443 2657 1469 2705 et
1482 2646 1674 2704 ministrorum
1692 2649 1759 2720 aius,

112 2735 188 2793 dabit
200 2735 333 2793 Dominus
347 2735 435 2809 (Paul.
451 2751 566 2805 uxxxur,
583 2737 638 2810 12).
656 2739 752 2796 Amen.
963 2754 1025 2795 cum
1046 2737 1168 2794 nereum
1196 2735 1268 2792 illius
1288 2736 1472 2795 lardtudinem
1496 2752 1545 2806 par
1570 2736 1761 2811 Redemplotis

400 2825 518 2883 sonoro
539 2826 628 2885 xxlt.
963 2828 1077 2884 vulnera
1091 2826 1241 2882 traductam
1256 2827 1284 2882 et
1297 2825 1439 2883 deductam
1458 2825 1491 2881 ud
1506 2824 1632 2882 nihilum.
1647 2825 1681 2882 lu
1706 2824 1761 2901 spi·

327 2917 366 2973 m
382 2915 566 2991 quadruplici
587 2916 694 2978 debito.
926 2907 1014 2988 crito
1029 2915 1101 2971 enim
1117 2912 1283 2971 tortitudinis
1305 2913 1403 2971 fortem
1432 2914 1528 2972 iortior
1546 2913 1594 2971 illa
1620 2911 1758 2989 contrivit,

151 3008 177 3060 ι.
192 3004 222 3060 lu
247 3003 292 3062 via
314 3005 388 3074 estis,
408 3003 516 3079 iratres,
538 3023 599 3080 que
622 3007 694 3065 ducit
716 3007 750 3064 ad
773 3008 865 3079 sitam,
882 3009 908 3066 iu
944 2997 1054 3078 'portas
1072 3020 1161 3061 ereas
1179 3009 1206 3060 et
1221 3011 1311 3063 vectes
1333 3003 1437 3061 ferreos
1459 3001 1646 3076 confringens.
1661 3003 1686 3061 Δ
1701 3019 1759 3062 var·

114 3093 156 3149 ria
171 3101 245 3152 reela
260 3102 286 3152 et
299 3093 451 3168 impolluta,
467 3112 529 3170 quae
549 3096 623 3154 duait
640 3097 674 3152 ad
697 3097 829 3156 uilitatem
845 3116 910 3155 sau·
960 3094 1039 3151 sullis
1054 3103 1081 3150 et
1095 3092 1204 3150 astutiis
1219 3093 1291 3149 illius
1312 3091 1429 3149 formido
1451 3091 1518 3148 mihi
1531 3102 1573 3150 ast
1600 3107 1651 3164 pro
1673 3090 1760 3162 tobit,

113 3189 183 3240 cmm
203 3184 352 3241 Jerusalem
373 3184 457 3255 illam,
472 3202 534 3257 quae
556 3186 641 3243 libera
659 3196 709 3256 est,
727 3204 789 3261 quar
804 3205 910 3246 sursum
965 3185 992 3241 iu
1007 3184 1105 3257 quibus
1120 3182 1218 3255 partim
1241 3181 1391 3238 subtilitate
1413 3191 1526 3252 nature,
1555 3180 1656 3252 partim
1679 3195 1763 3254 expe·

114 3278 166 3337 est,
187 3286 247 3343 quae
261 3279 303 3328 est
317 3280 404 3330 mater
417 3282 519 3330 uestra.
535 3275 644 3332 Arduus
658 3275 769 3348 quidem
783 3294 912 3336 aseensus
965 3273 1061 3331 rientia
1075 3280 1227 3344 temporum
1243 3272 1294 3327 sub
1308 3279 1346 3326 tot
1365 3286 1497 3328 annorum
1522 3268 1648 3326 millibus
1668 3270 1761 3327 erudi·

115 3359 186 3429 ejus,
204 3365 299 3432 utpote
314 3376 361 3431 per
375 3361 461 3434 ipsam
475 3362 575 3419 montis
595 3365 775 3422 summitatem
794 3366 909 3438 incisus3
964 3371 1015 3429 tus,
1040 3360 1209 3435 fragilitatem
1224 3362 1348 3417 bumanae
1364 3370 1481 3429 naturae,
1499 3374 1720 3432 quaquaversum
1733 3375 1762 3415 ae

115 3445 165 3502 aad
188 3444 231 3504 via
258 3447 476 3518 compendiosior
498 3449 600 3505 laboris
629 3452 843 3525 magnitudinem
870 3454 912 3509 vel
948 3450 1085 3516 verterit,
1100 3448 1285 3522 noniquorat.
1310 3449 1355 3506 Sic
1378 3447 1423 3506 ille
1448 3447 1610 3506 insatiabilis
1623 3447 1762 3506 homicida

116 3541 260 3607 temperat,
283 3536 325 3592 vel
343 3535 472 3592 excludit.
487 3537 542 3594 Vos
563 3546 651 3595 autem
667 3549 721 3596 tam
736 3539 809 3597 felici
825 3541 911 3600 iecili-
966 3538 1061 3612 primis
1076 3539 1232 3609 parentibus
1252 3537 1354 3594 nostris
1375 3553 1431 3594 nou
1457 3551 1546 3605 ursos,
1571 3552 1628 3594 non
1659 3538 1760 3605 leones,

116 3632 182 3696 late,
206 3640 288 3697 quam
311 3624 382 3683 incili
403 3625 529 3684 felicitate
552 3627 624 3684 viam
648 3630 725 3686 istam
748 3646 802 3686 non
825 3633 912 3688 solum
964 3645 1023 3686 non
1037 3627 1116 3684 tortia
1130 3635 1208 3684 terrae
1223 3625 1350 3683 animalia
1369 3627 1519 3701 delegavit:
1536 3625 1587 3683 sad
1605 3631 1760 3683 mannaan

118 3714 173 3784 itis,
198 3714 245 3772 sed
264 3713 389 3787 curritis;
413 3715 477 3789 quia
499 3717 635 3773 exonerati
653 3717 719 3773 estis
741 3727 769 3775 et
790 3719 912 3790 accincti,
967 3727 995 3775 et
1011 3716 1138 3776 callidum
1165 3723 1329 3784 serpentem,
1357 3714 1404 3789 qui
1421 3731 1470 3787 per
1488 3715 1602 3772 sinuosa
1626 3714 1763 3772 volumina

117 3803 185 3860 nihil
200 3801 327 3875 ponderis
342 3818 424 3875 super
439 3804 519 3861 dorsa
532 3811 679 3877 portantes.
693 3807 752 3862 Non
768 3805 807 3865 sic
819 3807 912 3881 aliqui,
967 3823 1038 3863 nunc
1056 3814 1136 3876 eaput
1151 3806 1246 3876 canda,
1262 3820 1336 3862 nnnc
1348 3804 1463 3861 caudam
1477 3804 1567 3878 capite
1585 3810 1682 3878 tepere
1700 3817 1763 3862 oon·

118 3904 172 3945 non
187 3889 236 3957 sic,
252 3889 299 3960 qui
321 3889 468 3965 quadrigas
483 3899 510 3946 et
522 3891 695 3966 quadrigalia·
709 3909 791 3952 onera
809 3903 913 3969 pertra·
967 3897 1061 3952 suevit.
1072 3896 1194 3968 Denique
1207 3901 1234 3951 et
1252 3908 1364 3965 serpens
1378 3908 1434 3950 non
1448 3892 1543 3950 fortior
1556 3899 1625 3962 erat,
1639 3892 1689 3950 sed
1703 3893 1764 3952 ml-

119 3979 226 4044 bentes,
242 3979 342 4035 montis
359 3979 505 4035 circuitum
527 3981 629 4038 ambire
643 3983 800 4055 decernunt,
815 3993 843 4042 et
857 3987 914 4059 ple·
969 3985 1055 4042 lidior
1077 3986 1191 4042 cunctis
1213 3984 1406 4042 animantibus
1431 3986 1526 4050 ierroe,
1554 3980 1590 4038 ait
1612 3980 1761 4055 Scriptura.

120 4082 233 4140 rumque
256 4084 304 4140 per
322 4068 424 4126 devexa
447 4070 548 4126 montis
577 4073 788 4144 praecipitantur,
812 4082 842 4132 ut
868 4076 914 4132 vix
967 4076 1045 4132 Unde
1060 4083 1087 4131 et
1101 4075 1136 4130 ab
1150 4072 1359 4144 interrogatione
1375 4071 1496 4144 incaepit,
1509 4078 1628 4127 mentem
1642 4068 1761 4135 mulieris

119 4157 200 4214 finem
215 4157 352 4215 inveniant
366 4157 427 4216 vitae
441 4173 508 4216 suae.
523 4159 626 4216 Felices
640 4161 725 4236 igitur
737 4180 797 4226 vos,
806 4164 852 4237 qui
865 4180 914 4222 vos
968 4163 1122 4236 explorans,
1139 4161 1235 4233 sciens,
1250 4161 1370 4233 ingenio,
1385 4176 1440 4218 uon
1457 4160 1562 4218 viribus
1574 4158 1761 4216 laborandum.

120 4254 148 4303 et
169 4256 259 4304 vestra
281 4248 340 4305 sine
364 4247 438 4304 omni
461 4249 665 4321 exceptiuncula
688 4252 843 4327 reliquistis,
867 4271 915 4326 per
972 4256 1029 4313 Cur
1038 4254 1174 4329 pracepit
1184 4251 1256 4309 volis
1271 4252 1409 4310 Dominus
1423 4251 1505 4318 ocus,
1520 4247 1659 4321 inquiens,
1672 4264 1711 4308 aaa
1723 4260 1763 4306 ao

119 4338 209 4411 ipsam
231 4338 332 4397 montis
350 4339 480 4396 verticem
496 4338 545 4395 iter
569 4339 657 4398 facitis
676 4343 711 4410 ei,
728 4343 774 4415 qui
795 4344 916 4402 ascendit
968 4344 1118 4400 moderetis
1130 4342 1163 4400 dc
1174 4341 1248 4414 liquo
1262 4337 1391 4398 amende
1405 4339 1470 4399 boui
1483 4342 1511 4397 ct
1524 4339 1615 4396 mali?
1635 4339 1705 4408 Qua
1716 4353 1762 4397 ra·

118 4442 201 4498 super
215 4442 340 4486 occasum
352 4446 359 4486 :
371 4428 502 4487 Dominus
511 4444 611 4487 nomen
624 4430 663 4487 illi
677 4432 764 4505 (Psoi.
781 4448 864 4504 nuru,
874 4435 913 4506 5).
969 4433 1100 4506 spondit:
1113 4432 1152 4489 lia
1170 4432 1244 4502 soria
1259 4431 1419 4488 moriamur
1433 4428 1515 4502 (Gen.
1539 4443 1578 4499 ιιι,
1595 4427 1672 4498 1-3).
1685 4424 1762 4496 Quod

118 4516 160 4573 llli
175 4533 250 4585 vero,
266 4518 323 4593 qui,
339 4518 623 4594 quamvislligyptunr
637 4519 765 4596 lugerint,
781 4523 914 4580 tamenad
967 4522 1042 4577 Deus
1061 4528 1200 4593 procerte
1219 4527 1357 4592 posuerat,
1382 4517 1497 4575 dicens:
1526 4518 1697 4591 Quacuaque
1720 4515 1764 4573 die

118 4621 232 4682 quaque
249 4607 375 4683 AEqyptia
398 4609 541 4666 tenerrima
561 4609 737 4684 resuspirant,
757 4610 826 4668 viam
847 4610 915 4667 eivi-
967 4610 1156 4677 comederitis,
1167 4608 1429 4668 moriemoricmiai
1437 4607 1518 4680 (deu.
1532 4623 1562 4675 n,
1574 4605 1635 4678 l'l);
1650 4602 1763 4661 istasnb

117 4690 182 4752 latis
210 4695 355 4756 habitaculi
381 4713 437 4755 non
463 4699 641 4773 inveneruut;
672 4700 719 4757 sed
746 4701 914 4758 voluntatum
967 4700 1050 4757 dubio
1063 4698 1200 4772 supponit,
1211 4715 1248 4756 ae
1261 4702 1346 4771 forta,
1359 4696 1495 4772 inquiens,
1510 4698 1538 4754 sl
1549 4694 1762 4761 comederimus,

119 4798 229 4841 suarum
257 4784 425 4859 gravissimis
453 4784 567 4845 sarcinis
593 4788 766 4864 praegravati,
793 4791 836 4848 vel
862 4790 914 4846 sub
967 4791 1137 4851 moriamur.
1153 4788 1255 4845 Etaudi
1269 4787 1406 4864 ingenium
1423 4786 1603 4860 mabdamque
1618 4781 1761 4858 serpentis.

118 4886 209 4940 onere,
225 4875 269 4932 val
280 4890 342 4932 rum
356 4889 438 4932 onere
453 4875 562 4947 cadunt,
578 4885 608 4933 nt
621 4877 664 4933 vix
680 4877 714 4933 ad
729 4892 838 4934 cursum
853 4894 915 4952 per·
968 4883 1161 4956 Nequaquam,
1182 4878 1278 4952 iuquit,
1302 4878 1467 4936 moriamini
1481 4876 1549 4947 (dea
1563 4889 1607 4941 ur,
1624 4872 1664 4947 ι).
1691 4872 1764 4929 bnis

118 4962 226 5019 veniunt
240 4963 414 5022 destinatum.
967 4970 1091 5038 affirmat,
1117 4967 1213 5026 mulier
1233 4967 1346 5033 dubitat,
1367 4966 1448 5022 Satan
1462 4970 1562 5038 'negat
1585 4961 1630 5020 Sic
1658 4968 1687 5021 et
1705 4975 1763 5036 ego

152 5053 180 5109 ι.
195 5049 266 5122 Quid
289 5054 420 5112 animast
441 5052 553 5131 (gratias
573 5053 621 5126 illi,
645 5055 724 5126 cujus
747 5054 835 5128 gralia
861 5057 913 5114 hoc
966 5061 1060 5130 timeo,
1076 5075 1111 5116 ua
1125 5057 1194 5116 sicut
1214 5062 1327 5130 serpens
1344 5054 1427 5112 livam
1455 5049 1690 5111 seduxitttsthtia'
1705 5064 1761 5117 tua,

117 5145 202 5194 toturn
219 5136 319 5197 iactum
341 5145 392 5215 est)
407 5144 481 5217 qnod
500 5144 556 5202 vita
575 5152 664 5202 vestra
686 5145 765 5203 vitam
780 5147 913 5219 apostoli·
966 5149 1006 5205 sie
1019 5155 1046 5206 et
1059 5162 1156 5205 sensus
1178 5146 1259 5205 vestri
1287 5151 1494 5217 corrumpantur
1515 5141 1679 5210 acastitsta,
1702 5153 1762 5214 qnae

116 5244 177 5285 cam
196 5239 372 5301 representet
386 5234 482 5307 (89·)ι
496 5234 537 5291 illi
551 5235 719 5309 reliquerunt
733 5237 834 5306 omnia,
849 5246 876 5294 et
884 5237 912 5294 in
965 5247 1005 5295 est
1023 5238 1050 5294 in
1064 5237 1171 5296 Christo
1185 5238 1248 5293 taso
1263 5237 1301 5308 lli
1315 5236 1376 5294 Cor.
1392 5251 1432 5303 ur,
1448 5233 1487 5306 ι).

153 5358 209 5442 (ιι)
238 5357 285 5415 llis
297 5358 402 5443 ,verbis
419 5359 585 5442 ‘designatur
598 5360 821 5421 cisterciensium
849 5362 912 5421 vilis
1000 5363 1070 5445 (δι’)
1084 5363 1114 5418 ld
1136 5359 1249 5434 explicat
1270 5358 1429 5419 'bernardus
1443 5357 1515 5433 inira
1527 5356 1660 5439 Sermdm
1672 5356 1709 5417 ιι
1720 5356 1764 5414 -de

115 5428 233 5497 habitus,
247 5446 261 5485 r
297 5429 359 5487 rbus
371 5430 545 5490 nibilominus
567 5432 740 5495 venerabilia.
756 5434 822 5495 Vide
835 5450 911 5509 pre·
962 5435 1095 5504 Diversus,
1114 5451 1191 5493 nuru.
1207 5435 1224 5493 3
1239 5438 1267 5494 et
1278 5430 1408 5492 Sermone
1422 5431 1469 5503 ot,
1483 5445 1561 5490 num.
1573 5431 1605 5487 ι.

113 5497 242 5558 iationem
302 5503 375 5560 bunc
392 5511 506 5575 tomum,
520 5519 599 5563 num.
612 5507 660 5564 tt.
