3734 5948
100 177 153 239 481
395 249 397 251 ι
529 173 561 234 tlt
580 170 740 234 'lileSlTU
764 173 794 232 Se
811 172 988 234 nebnoffle
1007 173 1154 238 EPISGOPI
1167 174 1317 239 subnot.
1679 181 1754 244 ‘tat

101 301 291 377 fragilitatem.
307 301 393 358 Vobis
411 299 485 355 enim
500 298 607 372 loquor,
622 298 669 374 qui
691 298 719 355 in
732 298 828 356 eadem
843 304 905 356 ten·
920 319 943 399 Ι
958 301 1067 359 nebras.
1082 304 1282 377 Interpretatur
1293 301 1365 360 enirn
1375 303 1507 378 AEgypms
1522 305 1655 379 tenebre,
1671 308 1754 366 lsrael

100 392 205 450 tatione
232 390 335 463 luistis;
366 389 411 463 qui
441 390 552 446 eosdem
578 390 725 460 superastis
751 388 902 460 conflictus,
959 409 1022 450 vcro
1050 394 1151 452 Videres
1184 397 1271 452 Deum
1287 414 1296 451 .·
1311 404 1392 464 atque
1424 393 1485 450 ideo
1502 395 1656 468 ubicunque
1671 398 1754 456 lsrael

102 484 215 539 eosdem
230 482 341 555 laqueos
363 480 486 547 erasistis
502 498 508 535 :
525 479 572 553 qni
588 478 719 536 didicistis
733 496 766 537 ex
784 479 826 536 bis
842 497 903 552 quaa
954 490 1021 550 erat,
1038 483 1082 538 lux
1097 491 1163 540 erat.
1180 483 1240 538 Non
1264 483 1303 540 sic
1317 490 1409 539 noster
1430 482 1511 540 iesus
1526 485 1645 542 crucifixi
1660 503 1755 544 secam

100 573 177 644 passi
191 571 270 643 estis,
286 571 513 642 compassionem.
545 567 657 625 Confido
675 568 801 641 equidem
820 577 846 625 et
869 569 903 626 de
954 569 1065 627 latronis
1093 573 1180 644 potuit
1204 572 1349 629 oblivisci:
1374 571 1474 630 lactum
1499 582 1540 629 est
1563 575 1658 647 utique
1682 579 1755 650 quod

100 660 221 735 angelis,
241 658 317 732 quod
341 675 390 716 nco
403 658 455 732 ipsi
478 675 551 714 suam
584 656 693 714 uisitare
720 659 838 730 speciem
852 658 902 714 de·
955 663 1118 731 promissum
1131 672 1188 730 est;
1210 661 1319 732 ipsadie
1337 677 1390 733 qua
1404 678 1566 735 compassus
1580 673 1632 732 est,
1648 672 1675 720 et
1690 682 1755 722 con·

100 751 260 824 dignentur,
285 749 401 804 maxime
431 748 493 820 quia
519 747 740 819 scriptumest:
776 748 902 807 Viritobt's
956 750 1077 824 regnarit
1093 753 1169 822 (Luc.
1186 752 1250 823 xx).
1264 752 1318 807 Nos
1332 767 1441 823 quoquc
1456 753 1479 808 si
1495 768 1653 808 nonsumus
1668 754 1754 826 ipsius

100 841 223 914 speeiem
236 844 327 905 tuom,
338 841 367 896 et
381 854 438 894 reon
447 837 574 911 peccabis
584 836 643 905 (too
655 853 682 904 r,
694 839 751 908 et).
767 836 903 894 Caeterum
954 840 1050 910 capitis
1063 841 1184 897 membra
1196 882 1204 908 ,
1218 841 1295 911 cujus
1321 848 1348 896 et
1371 841 1469 910 sancti,
1485 843 1556 898 uude
1583 842 1622 898 eis
1636 851 1689 898 tam
1705 860 1753 899 so·

101 929 154 985 etsi
173 928 208 985 de
227 928 267 985 eis
294 927 360 984 mihi
383 926 498 983 arbitror
521 927 740 997 presumendum
758 928 793 982 ob
822 927 903 998 spiri·
955 926 1277 1001 lemnibusbodiouotis‚
1295 936 1321 984 et
1345 937 1418 985 tanto
1443 930 1755 1000 gratnlmnurailectn?

102 1019 187 1076 tualis
204 1018 364 1074 substantie
377 1027 404 1072 et
419 1014 664 1073 rationalislormae
674 1015 899 1084 similitudinem
955 1015 1086 1072 Caeternm
1097 1017 1143 1089 qni
1154 1018 1219 1072 dixit
1231 1037 1238 1073 :
1250 1019 1280 1075 Si
1288 1020 1469 1091 plorifiooiur
1484 1036 1574 1077 uuum
1585 1022 1752 1092 membrum,

100 1107 229 1179 ampliori
254 1117 344 1162 tamen
367 1104 467 1161 fiducia
480 1105 514 1162 ad
537 1121 584 1161 eos
598 1105 662 1159 mibi
682 1121 744 1161 reor
771 1105 900 1163 utendum
955 1107 1130 1178 oonpouderrt
1154 1109 1252 1164 omnio
1274 1109 1417 1176 membru,·
1434 1110 1485 1165 hoo
1499 1126 1609 1183 qnoque
1625 1111 1755 1167 nibilomi-

101 1193 396 1269 [aliosvertenduml
411 1210 479 1265 quos
493 1195 593 1251 babere
614 1210 657 1251 me
685 1196 807 1251 nouerim
827 1205 852 1251 et
873 1194 901 1251 in
954 1209 986 1249 us
1005 1193 1064 1252 ait:
1084 1195 1199 1264 Quodsi
1217 1196 1333 1267 potitur
1359 1212 1451 1252 onum
1467 1197 1625 1254 membrum
1647 1215 1756 1272 compu-

102 1284 164 1357 ipsa
177 1284 346 1341 humanitate
361 1293 514 1352 consortes,
531 1294 559 1340 nt
574 1289 698 1356 oporteat
723 1300 772 1341 eos
786 1283 901 1341 familia·
956 1285 1071 1341 timetur
1084 1285 1181 1343 omnio
1193 1283 1319 1341 membro
1336 1285 1362 1354 (l
1372 1286 1433 1342 Cor.
1453 1300 1502 1352 stt,
1518 1289 1571 1356 26).
1589 1288 1650 1344 llaec
1672 1287 1755 1360 igitur

100 1374 160 1430 rius
173 1383 201 1429 et
216 1372 360 1446 specialius
379 1372 503 1430 misereri
526 1372 582 1430 ossi
597 1373 631 1429 de
656 1373 763 1431 ossibus
785 1373 851 1442 suis,
874 1381 902 1429 et
954 1381 1046 1429 nostra
1055 1383 1082 1429 et
1091 1387 1186 1428 eorum
1197 1373 1362 1430 cohaerentia
1371 1382 1420 1443 est,
1433 1382 1463 1430 ut
1476 1390 1526 1431 nos
1536 1376 1756 1450 congratulamur

101 1462 178 1519 carni
188 1463 223 1518 de
238 1478 318 1519 carue
336 1479 397 1520 sua.
956 1461 1005 1533 eis,
1017 1462 1068 1533 ipsi
1077 1463 1276 1536 compatiantur
1289 1463 1387 1520 nobis:
1405 1479 1457 1520 nos
1472 1464 1568 1521 deuota
1582 1467 1755 1522 meditatione

139 1556 185 1607 ll.
210 1551 332 1623 Denique
351 1559 522 1608 transeuntes
541 1568 573 1608 ex
590 1552 642 1607 hoo
669 1550 771 1608 mundo
794 1549 828 1605 ad
847 1552 899 1606 Pa·
917 1508 940 1586 B
955 1568 1101 1625 regnemus
1119 1553 1213 1621 ineis,
1230 1553 1283 1626 ipsi
1300 1552 1328 1608 in
1344 1555 1432 1623 nobis,
1447 1562 1474 1610 et
1486 1569 1535 1625 pro
1548 1555 1756 1611 nobismilitent

101 1648 183 1709 trem,
200 1649 293 1698 sancta
307 1642 385 1698 nobis
410 1642 524 1714 pignora
546 1643 720 1714 reliquerunt.
749 1641 830 1714 apae
850 1655 901 1699 nos
955 1640 998 1712 pia
1013 1641 1217 1700 interventione.
1239 1644 1296 1699 Neo
1309 1650 1351 1699 est
1371 1643 1444 1716 quod
1459 1644 1493 1699 de
1516 1659 1612 1700 eorum
1631 1645 1676 1716 pia
1690 1659 1758 1717 erga

103 1731 239 1804 siqnidem
253 1746 368 1803 corpora
382 1731 517 1789 commin
540 1747 605 1803 paoe
619 1731 727 1802 sepulta
741 1739 814 1800 sunt,
830 1746 901 1804 quo·
956 1745 1007 1785 nos
1035 1731 1215 1788 sollicitudine
1252 1732 1416 1798 dubitemus,
1447 1732 1664 1807 quandoquidem
1702 1750 1757 1790 non

104 1838 166 1878 rum
180 1821 292 1877 nomina
311 1821 402 1876 vivent
425 1821 451 1875 in
477 1822 617 1888 sarculum,
649 1820 677 1876 id
709 1827 759 1892 est,
788 1836 902 1893 quorum
957 1822 1168 1878 consummandi
1191 1821 1249 1878 sine
1276 1820 1365 1889 nobis,
1390 1821 1457 1878 siem
1471 1838 1556 1893 supra
1570 1823 1755 1892 meminimus,

104 1928 245 1983 nunquam
255 1909 341 1985 gloria
359 1909 497 1982 sepelitur.
514 1909 601 1977 Absit,
612 1911 713 1967 absita
736 1910 827 1980 vobis,
845 1909 904 1966 ani·
956 1918 1113 1982 exspectant
1154 1927 1205 1969 nos
1235 1927 1321 1983 usqne
1353 1911 1419 1966 dnm
1447 1911 1611 1968 retribuatur
1637 1912 1718 1968 nobis
1747 1928 1755 1966 ε

103 2017 156 2056 mre
175 2009 282 2068 sanotae,
299 2000 425 2071 AEgyptia
439 2000 484 2055 illa
506 2000 651 2057 cmdelitas
669 1999 804 2072 pincernae
833 2000 904 2056 Pha·
958 2006 989 2055 ut
1015 1999 1142 2058 videlicet
1168 1999 1196 2055 in
1225 1999 1373 2056 novissimo
1401 1999 1445 2055 dia
1474 2016 1576 2073 magno
1603 2000 1757 2056 festivitatis

101 2090 206 2158 raonis,
221 2088 439 2164 quiingradum
458 2090 604 2162 pristinum
631 2089 785 2158 restitutus,
815 2089 904 2145 statim
959 2088 1050 2144 omnio
1074 2089 1153 2144 simul
1181 2088 1208 2143 in
1235 2087 1323 2144 virum
1361 2090 1509 2160 perlectum
1542 2103 1604 2144 oum
1628 2104 1678 2144 suo
1703 2100 1757 2145 tam
1852 2110 1853 2114 ¹

101 2178 368 2250 oblitusestlosepb
384 2178 478 2246 sancti,
494 2178 540 2251 qni
562 2181 590 2234 in
616 2193 722 2235 carcerc
744 2177 902 2234 tenebatur}
959 2176 1064 2233 excelso
1092 2178 1178 2249 eapite
1217 2178 1338 2232 membra
1375 2186 1549 2242 concurrant,
1582 2186 1609 2233 et
1634 2177 1758 2234 landetur

102 2268 185 2338 (Gen.
199 2268 258 2337 xa).
275 2266 336 2323 Non
359 2268 430 2323 enim
448 2275 525 2323 erant
544 2267 624 2322 unius
648 2265 744 2337 capitis
774 2268 902 2337 membra,
961 2262 1075 2321 1048
1103 2282 1165 2321 curn
1184 2265 1343 2320 haereditate
1359 2281 1410 2320 sua
1423 2266 1502 2320 Jesus
1517 2265 1641 2322 cbristus
1667 2266 1759 2321 Domi·

102 2371 152 2412 neo
166 2358 256 2428 aliqua
271 2371 334 2427 pars
353 2352 426 2409 fideli
440 2371 502 2411 cum
517 2353 631 2424 iulidcli,
647 2362 694 2410 aut
720 2354 776 2410 ulla
788 2353 906 2411 societas
959 2369 1013 2408 nus
1031 2361 1135 2425 noster,
1150 2353 1197 2426 qui
1212 2365 1253 2409 cst
1267 2370 1351 2425 super
1364 2355 1455 2410 omnia
1466 2353 1638 2424 benedictus,
1649 2363 1676 2411 et
1695 2355 1758 2411 lau-

102 2445 233 2502 lsraelitae
251 2445 284 2500 ad
299 2445 468 2517 AEgyptium,
487 2461 539 2500 uon
559 2444 715 2515 plusquam
736 2442 792 2498 luci
805 2443 838 2497 ad
861 2450 906 2499 te·
959 2441 1068 2513 dabilis,
1084 2450 1111 2499 et
1125 2442 1262 2513 gloriosus
1277 2444 1304 2498 in
1319 2445 1429 2501 saecula.
1439 2443 1537 2500 Amen.

551 2573 588 2634 ΙΝ
604 2571 798 2636 Tunnsmu
812 2572 845 2636 S.
863 2571 1080 2636 mnencfflAE
1099 2571 1287 2636 Ertscurt.

422 2681 539 2739 SEllth
558 2683 579 2738 l.
899 2691 900 2694 ’
920 2696 942 2776 e
958 2683 1028 2753 apud
1044 2697 1095 2737 nos
1109 2681 1167 2738 dies
1187 2681 1251 2738 lecit
1265 2683 1293 2738 in
1309 2681 1494 2740 incolumitate
1515 2701 1574 2756 sna,
1590 2687 1656 2743 dum
1670 2686 1760 2745 socios

143 2779 169 2831 l.
200 2776 239 2830 De
258 2775 327 2831 ooelo
355 2774 434 2830 uobis
461 2772 552 2838 hodic,
581 2771 759 2834 dilectissimi,
792 2770 903 2841 copiosa
958 2773 1170 2842 praestolaretur,
1187 2772 1232 2844 qui
1248 2771 1362 2844 dispcrsi
1384 2773 1412 2828 in
1434 2775 1532 2850 buglis
1557 2775 1672 2845 inerant,
1698 2794 1760 2836 cum

104 2865 229 2936 quaedam
247 2870 288 2920 ost
301 2861 453 2920 benedictio
477 2861 633 2916 destinata:
661 2871 687 2915 et
711 2859 826 2916 fideliter
845 2875 904 2916 eam
960 2861 1031 2934 regis
1051 2861 1123 2917 illius
1139 2876 1209 2917 vana
1232 2860 1351 2935 suspicio
1370 2862 1418 2918 Dei
1440 2864 1576 2920 bominem
1601 2865 1759 2937 impediret.

104 2971 161 3010 non
177 2952 312 3018 distribui,
328 2953 406 3008 uobis
421 2949 533 3023 quidem
547 2950 707 3005 damnosum
736 2954 822 3016 esset;
838 2945 903 3001 mibi
958 2948 1071 3022 Jamque
1099 2950 1224 3005 omnibus
1239 2949 1273 3005 ad
1292 2966 1355 3006 eum
1383 2950 1512 3020 collectis,
1538 2955 1570 3009 ad
1598 2954 1759 3023 Romanam,

104 3060 171 3101 vero
187 3042 378 3114 periculosum,
400 3043 443 3096 cui
466 3039 593 3095 nimirum
608 3040 665 3095 haeo
680 3038 846 3109 dispensatio
867 3037 905 3092 ri·
962 3055 1010 3109 pro
1024 3055 1076 3110 qua
1096 3047 1216 3107 venerat,
1246 3039 1348 3095 curiam
1375 3040 1488 3111 parabat
1504 3041 1554 3097 iter
1570 3060 1577 3101 :
1593 3059 1655 3099 oum
1671 3045 1759 3103 subito

106 3133 188 3189 detur
201 3130 527 3187 essecommissa.'limeo
539 3128 629 3199 itaque
639 3129 904 3192 damnumvestrum,
961 3126 1114 3183 infirmitate
1139 3136 1305 3200 praeventus,
1330 3128 1415 3184 sensit
1440 3132 1564 3199 protinus
1592 3131 1626 3186 ad
1646 3134 1759 3191 coelesta

107 3224 190 3278 timeo
205 3219 404 3276 damnationem
423 3235 519 3284 meam,
535 3217 559 3272 si
573 3217 770 3274 iortcdicatur:
787 3215 906 3272 Parvuli
961 3217 1049 3290 magis
1063 3231 1122 3273 sese
1146 3215 1272 3287 palatium
1300 3219 1418 3274 evocari.
1448 3218 1506 3276 Deo
1531 3219 1629 3277 melius
1652 3221 1758 3295 aliquid

104 3312 254 3383 petierunt
266 3324 381 3381 ponem,
397 3312 425 3365 et
441 3324 499 3364 non
521 3308 581 3378 [uit
604 3306 655 3379 qui
669 3307 826 3379 porriperet
846 3305 906 3362 iltis
962 3305 1120 3378 providente
1135 3320 1184 3376 pro
1199 3305 1288 3379 nobis,
1304 3322 1338 3364 ne
1353 3307 1456 3364 anobis
1471 3324 1601 3382 egressus
1614 3311 1677 3368 alibi
1688 3327 1758 3369 con·

106 3397 223 3469 (ibren.
234 3413 274 3461 tv,
290 3396 329 3469 i).
348 3397 409 3452 Seio
430 3395 502 3450 enim
517 3411 597 3467 quam
613 3395 766 3451 necessaria
781 3391 858 3450 vobis
872 3399 908 3450 srt
960 3404 1147 3452 summaretnr.

107 3485 210 3542 ecnelo
233 3483 344 3540 veniens
366 3484 525 3552 consolatio,
551 3498 619 3555 quos
647 3489 751 3538 constat
775 3480 908 3538 illecebris
998 3489 1024 3542 2.
1046 3486 1154 3541 Nullum
1170 3483 1280 3556 quidem
1308 3485 1336 3543 in
1364 3501 1408 3555 eo,
1438 3502 1494 3542 non
1509 3487 1570 3544 dico
1589 3491 1696 3563 mortis,
1712 3489 1762 3549 sed

106 3573 260 3631 carnalibus
287 3583 314 3630 et
345 3574 548 3629 oblectamentis
579 3570 755 3628 saecularibus
792 3569 908 3628 viriliter
963 3576 1004 3632 vel
1019 3573 1109 3646 gravis
1123 3572 1294 3647 aegritudinis
1317 3574 1425 3647 signum
1454 3576 1566 3633 medicis
1588 3580 1760 3650 apparebat:

106 3666 321 3722 abrenuntiasse.
338 3665 423 3720 Nemo
438 3678 503 3720 sane
518 3659 643 3718 beneficii
658 3676 719 3716 esse
735 3661 862 3726 ooelestis‚
879 3666 907 3716 et
963 3663 1008 3719 ille
1036 3661 1132 3719 tamen
1156 3662 1322 3718 exhilaratus
1344 3662 1456 3734 spiritu,
1486 3664 1573 3720 aiebat
1596 3667 1762 3725 omnimodis

107 3771 229 3828 superno
252 3755 356 3810 dubitet
382 3751 496 3809 consilio
523 3747 673 3817 definitum,
705 3756 734 3805 nt
766 3748 909 3822 episcopus
964 3751 1452 3826 oportere,uthocanuollalaobias
1468 3755 1502 3809 nb
1518 3754 1763 3830 bacritaegrede·

108 3845 256 3900 blalaclrias
268 3841 351 3898 hodie
362 3844 490 3898 intervos
505 3837 672 3896 obdormiret
687 3846 714 3895 et
729 3837 904 3894 desideratam
963 3849 1046 3900 retur,
1080 3840 1241 3896 Laboratum
1264 3849 1305 3896 est
1329 3850 1450 3910 econtra,
1467 3850 1493 3898 ct
1512 3843 1615 3900 devotis
1636 3846 1762 3917 precibus

108 3933 180 3990 inter
190 3948 238 3990 ros
252 3932 363 3988 haberet
381 3933 557 4004 sepulturam.
573 3929 642 3985 Cum
656 3929 728 3986 enim
743 3944 795 3985 neo
809 3928 905 3984 lolium
961 3932 1032 4006 apud
1047 3932 1133 3984 urum
1146 3969 1153 3994 ,
1168 3938 1196 3986 et
1210 3929 1417 4002 quibuscunque
1434 3932 1571 4003 potuimus
1586 3935 1674 3991 modis
1689 3954 1696 3995 ;
1713 3935 1763 3994 sed

108 4022 338 4096 qnidamarboris
360 4022 419 4076 sine
438 4019 530 4076 divino
545 4026 613 4075 nutu
636 4019 714 4074 cadat
742 4017 769 4072 in
789 4025 904 4089 terram3
922 3981 945 4059 Β
963 4021 1035 4077 illius
1048 4019 1216 4091 prevalnrre
1237 4019 1346 4084 merita,
1366 4028 1396 4076 ut
1413 4021 1578 4078 desiderium
1598 4025 1688 4080 cordis
1701 4027 1762 4096 ejus

111 4115 172 4184 quis
188 4120 242 4167 tam
257 4112 348 4176 hebes,
365 4117 462 4166 utnon
478 4109 615 4165 evidenter
632 4107 754 4177 inhujus
775 4105 846 4161 beati
860 4104 910 4161 siri
965 4110 1128 4166 tribueretur
1142 4107 1177 4175 ei,
1197 4115 1222 4164 ot
1245 4123 1300 4163 non
1324 4107 1499 4166 fraudaretur
1513 4112 1649 4168 voluntate
1672 4113 1761 4172 labit·-

111 4202 229 4259 adrentu
244 4209 271 4255 ot
285 4186 540 4270 transitumagnum
562 4212 672 4270 prorsus
699 4195 843 4253 concilium
871 4210 911 4249 sn·
964 4215 1023 4255 mm
1039 4211 1160 4254 suorum.
1176 4197 1220 4252 Sic
1234 4197 1306 4253 enim
1317 4199 1760 4276 provotisomniaeiconcurrerc,

111 4306 205 4365 pernae
220 4290 327 4362 pictatis
343 4289 484 4346 advertat?
499 4289 520 4343 Α
536 4287 636 4344 finibus
646 4281 734 4355 terrae,
754 4294 853 4342 terram
867 4285 911 4344 iric
964 4295 992 4344 ut
1015 4289 1086 4343 buno
1100 4287 1218 4342 maxime
1238 4286 1337 4351 locum,
1361 4287 1454 4345 divina
1469 4289 1522 4345 sibi
1536 4288 1686 4361 inspiranto
1702 4293 1761 4350 cle·

111 4383 253 4454 positurus
267 4379 387 4448 advenit,
407 4378 459 4433 alia
474 4377 582 4450 quidem
597 4377 740 4434 occasione
766 4375 907 4442 testinans,
963 4377 1073 4444 mentia,
1090 4375 1218 4448 elegisset
1232 4393 1240 4447 ς
1257 4386 1284 4431 et
1297 4377 1489 4450 huncquoque
1510 4393 1543 4432 ex
1556 4377 1641 4453 longo
1656 4389 1762 4454 optaret

111 4470 279 4542 quamsisob
299 4469 441 4540 specialem
456 4484 520 4543 erga
533 4484 583 4525 nos
601 4465 756 4524 charitatem
775 4465 802 4521 id
822 4465 909 4539 pluri·
964 4469 1108 4538 sepulturae
1121 4464 1223 4520 habere
1235 4464 1318 4536 diem,
1331 4481 1385 4536 quo
1399 4466 1517 4523 fidelium
1532 4469 1655 4524 omnium
1674 4487 1762 4544 geue-

113 4577 186 4616 mum
201 4559 368 4615 desiderasse
391 4563 528 4616 noscatur.
544 4556 624 4614 ltlnlra
642 4555 753 4628 qnidam
767 4555 795 4610 iu
815 4555 911 4612 itinera
964 4557 1026 4612 ralis
1038 4553 1167 4609 memoria
1180 4553 1341 4610 celebratur.
1357 4555 1411 4610 Sed
1436 4563 1462 4610 ct
1487 4555 1554 4612 illud
1582 4565 1676 4615 nostra
1704 4561 1763 4618 haeo

112 4649 172 4722 ipso
188 4647 378 4719 impedimenta
387 4645 524 4712 sustinuit,
541 4661 590 4700 nec
603 4644 778 4700 transfretare
797 4644 910 4716 permis·
964 4643 1064 4718 gaudia
1078 4641 1177 4699 merito
1204 4642 1361 4710 cnmrdauit,
1385 4645 1457 4717 quod
1473 4644 1587 4702 fratrum
1606 4657 1763 4706 nostrorum

112 4755 159 4795 sus
181 4746 231 4805 est,
252 4737 340 4794 donec
362 4736 590 4810 appropinquaret
615 4741 720 4808 tempus
740 4748 910 4791 consumma·
964 4733 1080 4803 ossibus,
1100 4732 1135 4787 de
1147 4730 1236 4803 priore
1255 4733 1411 4789 ooemeterio
1426 4734 1478 4789 buc
1492 4737 1664 4806 asportandis
1678 4745 1706 4794 et
1721 4753 1763 4795 re·

111 4827 194 4883 tionis
208 4827 279 4897 rjus,
294 4838 321 4883 et
336 4826 467 4885 terminus
491 4825 536 4899 qui
560 4839 617 4880 non
639 4832 743 4894 poterat
768 4822 909 4895 praeteriri.
964 4821 1113 4880 condendis
1127 4823 1195 4894 (73),
1207 4822 1303 4878 eadem
1314 4821 1391 4878 uobis
1401 4823 1587 4892 dies,nuotore
1596 4824 1653 4883 Deo
1663 4826 1763 4884 luisset

112 4918 197 4985 Quem
217 4916 325 4987 quidem
338 4920 429 4973 multis
443 4916 475 4971 ad
486 4930 536 4971 nos
547 4914 745 4985 pervenientem
762 4912 910 4986 laboribus,
965 4911 1132 4982 electatione
1143 4907 1273 4969 nimirum
1284 4911 1588 4984 deportantibusnobis,
1600 4923 1627 4970 et
1643 4932 1676 4972 ex
1687 4932 1762 4976 more

113 5012 242 5078 tanquam
256 5006 385 5080 angelum
399 5006 450 5063 Dei
464 5021 514 5078 pro
525 4990 674 5060 reverentia
690 5000 841 5058 sanctitatis
855 5014 911 5056 suae
965 5001 1153 5073 psallentibus,
1180 5002 1251 5060 idem
1284 5002 1450 5058 virsanotus
1465 5002 1613 5075 plurimum
1637 5021 1699 5063 sese
1716 5008 1762 5063 illo

113 5096 367 5169 suscepimuszsed
388 5105 414 5152 et
427 5111 477 5153 nos
490 5095 550 5166 ipse
565 5108 615 5165 pro
629 5108 677 5148 sua
703 5088 911 5148 mansuetudine
966 5101 1045 5147 cantu
1075 5091 1202 5149 delectari
1222 5092 1327 5149 dicebat
1345 5108 1351 5149 :
1368 5098 1395 5148 et
1423 5107 1477 5148 non
1506 5094 1591 5151 multo
1618 5103 1681 5168 post
1701 5095 1762 5167 ipse

111 5194 141 5246 et
156 5186 305 5243 bumilitate
318 5186 399 5242 altius
412 5186 539 5255 radicata,
553 5184 635 5258 longe
649 5198 731 5253 supra
754 5196 834 5253 qnam
853 5195 914 5237 me-
969 5194 1077 5252 qnoque
1091 5191 1198 5235 secutus
1208 5190 1259 5247 est,
1275 5196 1371 5236 somno
1386 5181 1548 5239 suavissimo
1562 5192 1589 5240 et
1609 5183 1765 5244 felicissimo

112 5293 244 5348 reramnr,
274 5277 373 5335 daroto
395 5276 557 5350 suscipiebat
571 5272 680 5330 ellectu.
696 5272 800 5328 Paucos
819 5269 916 5328 deindo
969 5277 1120 5342 soporatus.
1137 5267 1351 5344 Agimnsitaque
1365 5271 1532 5344 qratiaslbao
1545 5273 1765 5344 superomnibus

150 5385 208 5460 (72)
223 5385 296 5444 Obiit
309 5401 380 5444 anno
395 5388 477 5446 titt.
492 5385 578 5442 Vitam
589 5382 741 5454 e'ushabes
758 5389 830 5438 tomo
843 5377 879 5439 ΙΙ.
911 5422 914 5427 .
970 5376 1117 5450 primorum
1128 5375 1235 5434 illorum
1246 5384 1403 5460 'muotorum
1414 5379 1611 5436 monachorum
1626 5381 1766 5453 insacallo

112 5472 114 5477 ’
150 5460 210 5534 (73)
225 5458 389 5556 visebantur
396 5456 479 5547 molina
493 5455 573 5534 ⁴apud
595 5403 823 5513 &laram-Vallem
842 5463 917 5551 ²osse
970 5450 1158 5524 subterraneo,
1178 5449 1211 5506 ad
1225 5453 1354 5526 pietatem
1369 5457 1501 5509 tanetoto
1515 5451 1686 5541 composita,-
1718 5497 1720 5500 .
