3734 5948
44 226 99 291 825
676 214 899 278 sabbatismi
918 215 1070 277 nautica.
1641 215 1695 278 826

46 353 107 407 tbro
127 354 246 420 reuocat,
261 346 398 421 quomodo
416 346 522 404 blandae
540 353 568 403 et
583 343 669 402 fidelis
683 342 845 416 promissio·
860 354 885 435 Α
901 341 992 414 potius
1005 340 1049 397 illa
1059 341 1223 400 immensitas
1233 357 1295 417 qne
1304 342 1508 413 repromittitur.
1521 343 1623 403 Oculus
1637 361 1696 404 aaa

44 441 89 495 nis
109 436 188 494 melle
209 440 370 493 moerentem
389 435 556 504 conmtntur,
572 433 654 507 eripit
666 430 843 490 diffidentem.
900 430 980 496 uidit,
994 434 1077 499 Deos,
1089 432 1190 505 Daque
1201 433 1493 506 fe,qaoeprreparanti
1514 433 1695 507 dilipeatibaa

45 528 91 585 Ait
106 543 153 596 per
171 525 332 598 propbetam
349 545 356 580 ι
377 527 431 596 Epo
450 522 601 596 infrenabo
614 538 644 579 aa
659 525 743 578 feam
759 522 845 580 bade
899 524 928 578 fe
943 519 1019 592 (lsai.
1040 536 1117 588 nxrr,
1133 521 1172 593 l).
1188 522 1240 578 Dic
1253 521 1332 578 nobis
1353 532 1383 577 tu
1405 520 1454 592 qui
1469 537 1615 594 praeparas,
1631 525 1696 595 quid

46 631 163 679 meane
172 615 297 671 intereas
311 613 390 683 (lsai.
403 626 496 683 xnvrrr,
508 612 547 683 9).
560 611 619 666 Hoc
629 617 687 675 θοις
698 609 845 670 Neintuitu
899 611 1057 683 praepares?
1071 611 1223 676 Credimus,
1246 610 1418 681 confidimns,
1442 627 1535 667 revera
1547 612 1618 669 sicut
1632 629 1696 684 pro-

47 702 197 760 facinorum
214 710 320 757 tuorum
334 702 446 757 nimiam
470 699 593 756 incurras
606 698 750 765 tristitiam,
766 706 846 770 atqua
899 699 1004 754 mittis:
1021 700 1199 772 lieplebimur
1209 702 1240 756 ia
1256 700 1334 757 boam
1348 699 1603 770 commeantium
1617 717 1695 767 nxrv,

47 790 132 847 instar
145 789 256 846 effrenis
270 788 331 860 eqni
355 790 513 859 desperatus
533 789 561 845 in
586 802 706 860 praeceps
725 803 798 855 ruas,
819 792 846 843 et
899 787 937 858 5).
963 787 1017 842 Sed
1031 788 1140 859 quibus,
1154 802 1254 860 quaeso,
1279 789 1369 854 bonis,
1391 787 1433 844 vel
1452 787 1601 859 qualibus?
1615 788 1697 845 Forte

47 893 162 949 pereas;
182 875 260 934 freno
274 887 309 943 te,
325 877 421 948 inquit,
437 876 565 932 inhibebo
580 875 753 949 indulgentiae
765 889 845 939 mem,
900 875 1047 948 frumento,
1062 877 1124 932 rino
1139 884 1165 932 et
1175 878 1245 944 olro,
1259 883 1583 950 auroetatqueargento,
1596 877 1698 949 lapidi-

47 975 75 1024 et
103 966 170 1022 meis
193 965 320 1022 laudibus
347 966 461 1039 erigam,
490 966 690 1037 respirabisque
712 965 740 1020 in
769 964 848 1019 bouis
900 963 986 1019 basae
1009 963 1160 1034 pretiosis?
1183 964 1235 1020 Sed
1256 967 1315 1022 haec
1338 967 1505 1024 novimuset
1520 965 1657 1034 ridimns;
1673 978 1701 1024 et

48 1054 127 1119 meis,
152 1055 199 1126 qui
213 1055 247 1110 de
261 1055 314 1110 tuis
336 1053 509 1110 confunderis
531 1053 619 1119 malis,
637 1054 700 1109 dum
717 1068 761 1109 me
783 1067 848 1107 sune
902 1051 1031 1116 ridemus,
1053 1059 1080 1107 et
1099 1051 1259 1110 fastidimus.
1275 1053 1304 1108 ld
1321 1056 1480 1127 querimus,
1505 1054 1577 1126 qnod
1604 1055 1700 1111 oculus

49 1142 249 1217 benigniorem,
268 1158 349 1215 quam
369 1152 394 1199 tc
413 1142 618 1211 culpabiliorem
642 1141 774 1200 invenies.
791 1142 849 1196 lloc
901 1154 957 1195 non
979 1139 1056 1205 vidit,
1080 1155 1132 1197 nec
1154 1141 1228 1196 auris
1250 1142 1361 1211 audivit,
1387 1159 1437 1200 nec
1465 1143 1492 1198 in
1517 1158 1564 1200 cor
1584 1142 1700 1200 hominis

49 1231 128 1289 freno
151 1233 174 1288 si
196 1231 342 1288 infrenatus
356 1231 452 1288 fnisset
466 1231 543 1302 Cain,
563 1246 734 1303 nequaqnam
747 1230 848 1301 despe-
901 1227 1031 1285 ascendit.
1048 1229 1104 1286 lloc
1120 1230 1217 1301 placet,
1240 1232 1293 1288 hoc
1311 1232 1389 1303 sapit,
1405 1234 1458 1289 boc
1474 1232 1590 1289 delectat
1607 1234 1700 1303 inquis

52 1321 136 1377 rando
150 1321 264 1376 dixisset
281 1338 288 1375 :
305 1322 393 1394 Major
410 1325 453 1379 est
471 1323 611 1394 iniquitas
625 1337 699 1390 areo,
716 1335 802 1393 quam
815 1322 849 1373 ot
902 1332 974 1384 rere,
994 1319 1175 1390 quodcunque
1199 1329 1242 1375 est
1260 1320 1337 1375 illud.
1359 1325 1461 1391 lirant,
1485 1322 1580 1394 inquit,
1605 1335 1701 1379 omncs

50 1413 165 1468 veamm
188 1427 300 1468 merear
314 1409 395 1479 (Gen.
416 1426 453 1474 rr,
476 1411 532 1480 ta).
556 1409 645 1475 Absit,
668 1407 747 1463 absit.
765 1407 849 1475 major
902 1407 1033 1464 docibiles
1043 1408 1185 1472 Deiffoon.
1194 1425 1233 1478 vr,
1250 1410 1307 1481 aa),
1319 1414 1410 1484 etipse
1419 1413 1476 1468 crit
1490 1412 1586 1470 amam
1597 1413 1628 1467 in
1638 1427 1700 1467 om·

53 1499 126 1555 enirn
149 1505 190 1555 est
211 1499 272 1568 ejus
297 1498 393 1570 pietas,
413 1515 493 1569 quam
514 1493 850 1568 querisiniqntus.1deo
905 1497 986 1552 aibas
1004 1497 1030 1565 (l
1044 1498 1103 1554 Cor.
1121 1512 1171 1561 xv,
1196 1497 1253 1568 28).
1282 1499 1316 1555 Ut
1338 1501 1431 1569 audio,
1460 1497 1601 1569 plenitudo
1619 1513 1702 1572 quam

49 1586 144 1656 iustus
166 1601 221 1643 non
242 1587 379 1652 continue,
398 1586 445 1642 sed
465 1591 568 1641 mutum
591 1585 618 1640 in
641 1584 775 1657 principio
797 1598 854 1638 ser·
906 1594 1092 1655 exspectamus
1111 1585 1208 1653 aDeo,
1223 1589 1343 1645 nouerit
1356 1587 1409 1643 nisi
1423 1588 1456 1643 de
1472 1590 1541 1644 Deo.

55 1675 146 1730 monis
167 1683 306 1731 accusator
330 1684 373 1731 est
395 1674 436 1730 sui
459 1673 554 1746 (Pron.
577 1687 655 1744 xrrrr,
680 1672 725 1743 17)
746 1630 891 1743 :porro⁸
942 1676 968 1728 5.
985 1670 1052 1744 Quis
1068 1689 1133 1730 vero
1155 1676 1379 1748 comprehendat,
1403 1691 1484 1748 quam
1498 1691 1595 1749 magna
1614 1675 1704 1732 multi-

55 1770 145 1820 autem
161 1764 188 1817 in
203 1763 251 1818 Dei
265 1762 359 1818 laudes
373 1768 494 1818 extrema
507 1762 639 1817 sermonis
649 1760 773 1818 claudere
785 1775 853 1816 con-
906 1760 973 1817 tudo
991 1761 1141 1818 dulcedinis
1163 1763 1192 1819 in
1211 1763 1285 1819 brevi
1303 1763 1356 1820 isto
1379 1779 1504 1822 sermone
1527 1763 1561 1820 sit
1574 1778 1703 1835 compre-

55 1850 151 1908 saerit.
168 1850 263 1907 Videte
275 1850 392 1921 deniqne
405 1851 510 1920 iustum
524 1850 575 1906 hoe
588 1849 684 1905 ordine
698 1848 852 1921 proceden-
907 1852 991 1907 bensa
1003 1867 1009 1906 :
1022 1852 1085 1907 Erit
1095 1853 1167 1909 Deus
1180 1854 1276 1908 omnia
1285 1857 1318 1908 ia
1327 1851 1480 1910 omnibus?
1494 1852 1530 1908 Ut
1543 1853 1577 1909 de
1591 1867 1705 1924 corpore

57 1945 122 1995 tem.
140 1939 271 2011 Capitoni,
286 1939 331 2003 ait,
345 1941 407 1995 vias
416 1955 504 2005 meat,
518 1943 547 1997 et
556 1939 679 1997 converti
688 1937 770 2012 pedae
779 1953 854 1997 meos
908 1949 1020 2008 eccam,
1037 1937 1064 1994 in
1083 1937 1172 1994 anima
1191 1938 1243 1994 tria
1255 1937 1365 1995 intueor
1385 1957 1392 1993 ι
1417 1939 1562 2005 rationem,
1578 1940 1705 1998 volunta·

57 2029 89 2083 iu
104 2028 334 2084 testimoniatus
349 2028 539 2099 (Profertur,
555 2024 855 2098 59):utquividelicet
907 2033 972 2096 tem,
1000 2026 1169 2094 memoriam
1198 2027 1302 2099 etjbaeo
1329 2028 1379 2084 tria
1397 2028 1483 2099 ipsam
1501 2028 1618 2085 animam
1633 2045 1704 2087 esse.

56 2117 245 2173 contritionem
260 2124 287 2172 et
299 2116 482 2173 infelicitatem
497 2116 524 2170 in
540 2117 592 2173 riis
605 2114 724 2188 propriis
740 2129 854 2187 perpes·
907 2113 1043 2184 Quantum
1057 2115 1158 2187 cuique
1170 2117 1265 2173 horum
1281 2116 1308 2171 in
1323 2116 1448 2187 praesenti
1467 2116 1570 2173 seculo
1584 2116 1656 2174 desit
1671 2118 1706 2176 de

56 2222 106 2263 sus
125 2205 266 2268 lucretia
286 2205 330 2262 ria
352 2204 572 2262 testimoniorum
594 2204 644 2261 Dei
665 2204 853 2272 delectaretur,
908 2203 1060 2276 integritate
1083 2220 1131 2260 sua
1153 2213 1181 2260 et
1199 2205 1377 2276 perfectione,
1402 2204 1483 2262 sentit
1500 2205 1595 2279 [alian
1610 2208 1706 2280 norit]
1754 2237 1759 2244 ·

56 2295 125 2350 sicut
139 2294 167 2350 in
180 2294 306 2352 omnibus
319 2293 428 2351 divitiis.
440 2295 474 2350 Et
487 2309 536 2351 ros
549 2293 632 2366 igitur
642 2291 765 2364 exemplo
777 2293 853 2363 justi,
908 2292 998 2347 omnis
1011 2291 1058 2363 qui
1073 2293 1192 2348 ambulat
1212 2293 1240 2348 in
1263 2292 1368 2364 spiritu.
1383 2292 1474 2363 Quare
1487 2295 1550 2365 boc,
1570 2294 1621 2351 nisi
1643 2297 1704 2369 quia

36 2380 40 2385 ’
56 2383 81 2439 si
95 2383 129 2438 de
144 2383 228 2462 robis·
240 2382 268 2438 in
292 2382 441 2439 bumilitate
462 2382 577 2450 mutilis,
590 2380 689 2439 sentito
701 2388 729 2437 et
749 2382 784 2438 de
798 2382 855 2436 Do·
909 2381 981 2437 Deus
995 2381 1115 2437 nondum
1131 2391 1173 2439 est
1187 2381 1277 2439 omnia
1289 2383 1317 2438 in
1332 2383 1482 2439 omnibus?
1501 2384 1568 2440 ilinc
1578 2392 1620 2441 est
1632 2385 1703 2459 quod

56 2471 131 2528 mino
145 2472 171 2525 in
187 2471 317 2527 bonitate.
336 2470 381 2527 Sic
395 2471 468 2527 enim
483 2469 572 2546 legitis
586 2469 657 2541 apud
672 2469 853 2540 Sapientem:
909 2479 937 2525 et
957 2470 1026 2527 ratio
1045 2470 1195 2544 saepissimo
1216 2471 1244 2527 in
1269 2471 1381 2542 judiciis
1404 2472 1516 2544 fallitur,
1540 2481 1566 2530 et
1581 2473 1704 2531 voluntas

56 2561 168 2618 Sectile
176 2561 327 2618 dabamino
334 2560 366 2616 iu
374 2559 534 2629 bmtitoteet
540 2559 855 2630 insintplict'fotecordia
909 2559 1077 2632 quadruplici
1094 2562 1293 2631 perturbatione
1304 2562 1431 2631 iactatur,
1448 2570 1474 2615 et
1488 2561 1617 2618 memoria
1631 2562 1708 2618 mul-

55 2651 176 2723 qaoerite
198 2651 284 2707 illum
302 2651 378 2722 (Sap.
405 2666 422 2716 r,
449 2651 488 2720 i).
503 2650 561 2705 Hoc
575 2656 664 2704 autern
683 2648 759 2705 facile
773 2648 855 2704 menti
910 2646 993 2718 tiplici
1016 2648 1151 2704 obliuione
1172 2648 1356 2706 confunditur.
1379 2648 1492 2721 Triplici
1517 2650 1580 2707 huic
1598 2651 1708 2711 sanitati

56 2740 201 2808 persuadet
214 2738 313 2795 diuina
327 2737 519 2795 munificentie
533 2737 627 2811 [oties
639 2736 855 2810 magnificentiae]
909 2736 1269 2809 nobiliscreatnrasubjecta
1279 2738 1529 2810 estnonrolens,in
1538 2755 1586 2810 spe
1596 2744 1706 2794 tamem.

56 2827 198 2900 frequens,
213 2827 270 2884 imo
284 2829 411 2886 coninua
427 2827 588 2884 recordatio.
602 2825 731 2898 Alioquin
745 2842 855 2898 quomo·
907 2827 976 2883 Nam
1003 2826 1049 2900 qni
1069 2829 1172 2901 repelet
1191 2827 1219 2883 in
1242 2829 1323 2884 bonis
1336 2829 1501 2885 desiderium
1521 2831 1629 2894 animae,
1648 2828 1708 2900 ipse

56 2918 93 2972 do
108 2917 263 2991 implebitur
278 2917 455 2988 apostolicam
470 2916 535 2972 illud
546 2934 553 2974 ι
565 2919 597 2973 lu
607 2916 735 2973 omnibus
749 2917 858 2989 pretim
873 2907 895 2986 Β
909 2917 1007 2973 rationi
1030 2915 1140 2973 futurus
1163 2924 1205 2973 est
1230 2917 1370 2989 plenitudo
1392 2917 1470 2988 lucis,
1493 2917 1553 2989 ipae
1577 2917 1708 2975 voluntati

57 3011 171 3079 apeates
193 3008 220 3076 (1
240 3008 329 3065 Tbess.
352 3025 378 3062 v.
401 3009 457 3076 ti),
482 3006 505 3061 si
524 3022 557 3062 ea
580 3021 629 3076 pro
650 3005 749 3076 quibus
763 3008 857 3077 gratim
911 3005 1055 3063 multitudo
1070 3006 1152 3076 pacis,
1172 3005 1230 3078 ipse
1248 3005 1387 3062 memoriae
1409 3005 1574 3062 continuatio
1598 3007 1709 3063 aeterni-

57 3094 201 3159 debentur,
224 3112 239 3150 a
262 3097 344 3152 corda
368 3093 555 3153 recesserint?
578 3093 648 3149 Nolo
673 3108 721 3149 ros
744 3093 857 3150 ludaico
912 3093 1028 3152 tntis.0
1058 3095 1166 3160 raritas,
1187 3095 1314 3167 chadtsa,
1341 3094 1494 3151 eternitas!
1527 3093 1551 3152 0
1576 3096 1655 3150 beata
1683 3100 1711 3151 et

58 3183 146 3238 notari
161 3183 319 3255 opprobrio,
334 3184 368 3241 de
390 3184 493 3256 quibus
505 3183 644 3254 Scriptura
658 3189 773 3240 testatur
785 3182 858 3254 quod
911 3182 1066 3239 beatificans
1079 3180 1212 3239 Trinitas!
1229 3183 1262 3238 sd
1277 3193 1303 3239 te
1317 3197 1375 3238 maa
1390 3182 1489 3239 misera
1505 3181 1610 3239 trinitas
1624 3183 1710 3239 mise-

59 3287 113 3326 nnn
128 3271 228 3327 fuerint
249 3287 386 3328 memores
400 3272 602 3329 benefactorum
617 3271 687 3340 ejus,
704 3278 732 3326 et
746 3269 857 3325 mirabi-
911 3271 1063 3329 serabiliter
1076 3271 1204 3343 suspirat,
1225 3271 1353 3343 quoniam
1364 3287 1380 3328 a
1393 3279 1420 3328 te
1435 3271 1578 3329 infeliciter
1595 3273 1709 3328 emolat.

60 3359 128 3415 lium
140 3360 201 3431 ejus
216 3376 276 3432 quae
292 3360 409 3417 ostendit
422 3361 463 3415 eis
477 3359 562 3432 (Paul.
577 3374 679 3425 suver,
697 3360 749 3426 tt).
911 3360 1063 3419 Discedens
1084 3376 1100 3416 a
1115 3368 1140 3416 te
1154 3361 1263 3434 quantis
1277 3377 1306 3417 sa
1320 3361 1453 3418 intricavit
1467 3362 1619 3433 erroribus,
1631 3361 1710 3419 dolo·

96 3451 122 3507 3.
143 3451 241 3507 Verum
260 3449 391 3521 quoniam
410 3450 491 3520 bona,
514 3464 574 3520 quae
588 3447 682 3523 largiri
701 3447 858 3504 mortalibus
910 3449 998 3521 ribus,
1019 3446 1178 3505 timoribus!
1196 3450 1252 3506 Heu
1271 3449 1332 3504 mel
1354 3450 1459 3523 quialcm
1480 3455 1570 3521 prote
1588 3464 1710 3506 commu·

60 3554 115 3594 non
137 3548 225 3595 cessat
239 3538 394 3594 misericors
410 3545 437 3594 et
455 3536 598 3593 miserator
620 3536 764 3604 Dominus,
779 3552 857 3594 reco-
912 3540 1026 3596 unimus
1041 3538 1202 3596 trinitatem!
1220 3541 1272 3598 Cor
1291 3555 1388 3596 meum
1402 3539 1606 3596 conturbatam
1617 3543 1671 3601 cat.
1685 3547 1712 3595 et
1732 3567 1742 3579 ·

60 3627 115 3684 lere
129 3637 155 3684 et
178 3627 336 3702 recolligere
362 3625 463 3693 omnia,
480 3624 554 3700 omni
571 3625 673 3682 homini
687 3625 859 3699 impossibile
911 3628 973 3684 inde
982 3629 1236 3703 dolor3dereliqot'f
1245 3646 1291 3686 nae
1304 3630 1396 3685 virtus
1409 3644 1484 3696 meo,
1494 3634 1520 3682 et
1530 3627 1602 3693 inde,
1611 3641 1711 3698 paror,

60 3727 119 3785 est;
143 3716 215 3789 (quis
232 3715 303 3771 enirn
321 3716 444 3787 loquetur
468 3715 601 3786 potentias
614 3712 734 3781 Domini,
755 3712 859 3770 auditas
912 3721 941 3775 ct
953 3719 1049 3776 lumen
1065 3721 1212 3776 coeloram
1224 3732 1354 3775 meorum
1368 3731 1426 3772 aaa
1436 3720 1479 3772 est
1497 3731 1608 3772 mecam
1621 3714 1700 3786 (Psoi

60 3805 140 3862 faciet
153 3820 248 3861 omnes
270 3804 371 3861 laudes·
386 3805 469 3876 ejus?
491 3803 579 3877 (Paul.
596 3818 641 3869 cr,
663 3803 690 3872 D)
710 3801 737 3857 id
755 3802 859 3871 salem,
912 3821 1024 3872 xnxru,
1053 3808 1111 3873 ll),
1134 3811 1162 3860 et
1190 3804 1253 3860 inde
1281 3819 1366 3861 error.
1383 3804 1424 3858 Eu
1449 3818 1531 3876 quarn
1553 3802 1712 3860 dissimilem

60 3894 133 3968 quod
157 3894 305 3968 praecipum
330 3901 372 3949 est
399 3901 425 3950 et
452 3891 709 3964 maximumopus
736 3889 860 3947 videlicet
914 3894 1070 3959 trinitatem,
1090 3908 1107 3950 o
1126 3894 1223 3949 animae
1245 3908 1314 3950 mere
1335 3892 1452 3963 trinitas,
1469 3892 1602 3949 exsulans
1621 3900 1715 3949 osten·

60 3991 160 4041 nostrae
180 3983 385 4056 redemptionis,
408 3980 569 4040 ememoria
583 3979 784 4051 redemptorum
806 3979 859 4035 ali·
912 3981 989 4038 disti.

60 4082 192 4148 quatenus
203 4090 256 4130 non
272 4074 391 4131 recedat.
408 4072 502 4144 lnquo
513 4085 597 4143 opere
611 4070 666 4125 duo
679 4067 856 4139 potissimum,
948 4073 975 4126 6.
1004 4069 1196 4128 Verumtamen
1219 4085 1302 4143 quare
1321 4069 1406 4128 tristis
1432 4086 1472 4140 rs,
1488 4069 1579 4126 anima
1598 4084 1670 4136 mea,
1686 4078 1712 4125 et

62 4178 122 4232 quae
137 4178 210 4218 nunc
223 4170 373 4226 occurrent,
389 4162 486 4219 restris
496 4158 595 4217 studiis
610 4159 734 4216 intimare
746 4160 857 4218 carabo.
875 4174 995 4265 nqunre
1009 4160 1156 4215 conturbes
1169 4158 1237 4214 rnef
1259 4157 1345 4228 Spera
1369 4158 1400 4214 in
1413 4159 1471 4214 Deo
1485 4156 1612 4230 quoniam
1628 4156 1718 4214 adhuc

63 4252 95 4305 lit
108 4250 160 4305 hoc
174 4265 253 4321 quam
270 4251 362 4322 paucis
376 4250 410 4305 ad
430 4248 620 4320 compendium
635 4254 739 4320 potero,
756 4261 859 4303 memor
912 4244 1063 4303 confitebor
1077 4245 1117 4301 illi
1136 4246 1223 4316 (Paul.
1252 4260 1317 4314 xer,
1327 4246 1370 4316 d);
1389 4260 1450 4300 cum
1465 4259 1542 4299 error
1561 4243 1717 4301 videlicets

64 4339 136 4394 illius
149 4338 289 4394 sententiae
299 4357 305 4394 :
317 4343 359 4397 Da
373 4340 546 4397 occasionem
560 4338 693 4411 sapienti,
705 4337 858 4410 etrapicn-
914 4334 1025 4401 ratione,
1042 4350 1057 4389 a
1082 4334 1220 4390 voluntate
1241 4333 1330 4403 dolor,
1346 4342 1429 4405 atque
1450 4348 1464 4386 n
1488 4331 1621 4388 memoria
1633 4332 1717 4389 timor

64 4431 120 4485 tior
131 4429 186 4485 crit
200 4427 294 4496 (Prae.
314 4443 351 4492 rx,
372 4431 410 4498 9).
425 4429 484 4482 Duo
498 4442 563 4499 ergo
578 4426 624 4484 illa
637 4433 709 4492 sunt,
724 4426 821 4482 modus
834 4432 861 4481 et
915 4424 1004 4481 omnis
1018 4423 1171 4488 recesserit,
1186 4429 1213 4478 et
1227 4421 1390 4480 successerit
1407 4420 1454 4477 illa
1468 4423 1557 4493 'qnam
1575 4436 1716 4493 speramus

63 4519 173 4574 fructus.
184 4516 218 4571 Et
232 4515 329 4572 modus
339 4517 446 4588 quidem
459 4517 508 4572 Dei
521 4516 669 4573 exinanitio
684 4514 861 4585 est;fructns
915 4513 984 4569 mira
1007 4510 1147 4580 serenitas,
1172 4511 1253 4582 plena
1281 4509 1408 4579 suavitas,
1441 4515 1543 4566 aeterna
1575 4508 1715 4564 securitas.

62 4622 137 4672 uero,
164 4605 248 4662 nostri
268 4604 302 4660 de
324 4604 369 4660 illo
388 4605 512 4677 repletio.
528 4605 586 4662 Hoc
604 4604 741 4669 meditari,
764 4614 862 4662 sanctae
918 4602 1038 4657 Primum
1047 4599 1112 4655 illud
1123 4598 1205 4655 faciet
1214 4597 1315 4655 veritas
1325 4599 1410 4668 Dens;
1424 4598 1586 4668 secundum,
1596 4597 1715 4655 anantes

63 4696 121 4767 spei
141 4694 317 4750 seminarium
343 4700 400 4762 est;
418 4693 484 4749 illud
507 4693 605 4751 summi
630 4693 730 4750 amoris
745 4693 862 4750 inuenti·
917 4691 1009 4755 Deus;
1024 4687 1144 4756 tertium,
1164 4702 1269 4744 summa
1293 4693 1413 4757 potestas
1434 4687 1520 4758 Deus,
1543 4694 1573 4742 ut
1590 4686 1625 4743 sit
1641 4688 1715 4744 Deus

62 4801 137 4840 rum.
155 4785 304 4854 Utrumque
323 4782 490 4854 profectibus
504 4785 606 4841 nostris
620 4783 815 4851 necessarium,
829 4798 864 4840 ne
918 4777 1007 4836 omnia
1017 4775 1193 4843 inomnibus,
1204 4774 1308 4831 ratione
1318 4775 1464 4846 recipiente
1480 4776 1569 4832 lucent
1583 4774 1714 4831 inexstin-

62 4882 111 4930 aut
129 4890 190 4945 spes
211 4872 375 4930 mercenaria
399 4873 444 4942 sit,
465 4871 488 4928 si
509 4887 601 4929 amore
624 4887 679 4929 non
703 4872 862 4942 comitetur;
918 4867 1058 4941 guibilem,
1078 4865 1215 4923 voluntate
1240 4880 1332 4936 pacem
1346 4863 1592 4936 imperturbabilem
1616 4879 1715 4922 conse·

64 4969 110 5017 unt
124 4977 200 5020 amor
213 4969 342 5033 tepescat,
360 4960 382 5017 si
397 4959 582 5017 infructuosas
596 4968 713 5032 putetur.
917 4967 1025 5030 querite,
1050 4955 1179 5013 memoria
1201 4953 1269 5010 fonti
1291 4953 1454 5010 indeficienti
1482 4952 1645 5010 eternaliter
1668 4953 1712 5008 in-

104 5049 220 5107 1296
230 5052 256 5104 i.
272 5050 356 5105 Porro
370 5048 485 5106 fructum
498 5049 577 5104 talem
587 5052 864 5119 exspectamusnostri
918 5049 1048 5104 haerente.
1065 5044 1191 5101 llideritis
1205 5058 1265 5108 vos,
1289 5049 1399 5099 rectene
1419 5042 1536 5114 primum
1550 5041 1615 5098 illud
1634 5041 1712 5108 Filio,

64 5138 290 5210 amoris,qualcm
302 5138 451 5212 ipsequem
462 5136 746 5208 amamus,promisit:
760 5138 866 5194 Mensa·
918 5136 1020 5207 Spiritu
1047 5142 1139 5191 sancto
1167 5148 1295 5204 sequens,
1324 5131 1396 5188 Patri
1414 5131 1539 5188 ultimum
1559 5132 1712 5204 assignetis,

65 5244 139 5290 rain,
151 5226 416 5300 inquiens,plcaam
428 5232 457 5287 et
465 5229 673 5299 confertamef
682 5228 862 5300 sospitatum,
917 5227 956 5279 sic
980 5230 1069 5278 tamen
1098 5229 1127 5277 ut
1150 5218 1216 5275 nibil
1237 5221 1333 5277 horum
1347 5219 1389 5277 rel
1412 5219 1495 5287 Pnui,
1521 5221 1563 5277 rel
1577 5220 1656 5286 Filio,
1672 5220 1713 5292 rel

65 5316 864 5390 afsupereffluentemdabuntiusiaamocttramlducmr,
919 5309 1030 5382 Spiritui
1049 5317 1143 5366 sancto
1167 5308 1344 5380 subtrahatis3
1373 5323 1408 5365 ne
1430 5309 1475 5369 cui
1499 5309 1566 5367 forte
1586 5323 1714 5381 persona·

66 5408 124 5478 38).
139 5408 264 5463 blensura
285 5408 347 5476 ista,
363 5414 395 5463 ut
410 5406 503 5472 audio,
521 5405 573 5466 erit
585 5406 645 5464 sinc
659 5421 795 5463 memora.
811 5405 865 5464 Sed
918 5416 976 5458 rum
1006 5406 1053 5455 aut
1077 5394 1285 5472 plenitudinem.
1297 5394 1401 5455 minam
1422 5397 1568 5466 ditlissclitl.
1585 5406 1633 5458 tul
1649 5413 1713 5472 pto·

10 5555 12 5559 ¹
62 5495 146 5557 ,velim
169 5496 252 5566 seire,
270 5496 350 5568 cuius
366 5493 407 5554 rei
426 5495 516 5556 futura
536 5496 572 5556 sit
593 5494 641 5555 illa
659 5509 798 5570 nemra,
822 5494 864 5556 rel
900 5490 1058 5567 ,prietatem
1081 5485 1158 5546 tollat
1184 5485 1325 5560 perfectio.
1347 5487 1433 5545 Simul
1451 5495 1478 5546 et
1499 5488 1552 5546 hoc
1569 5487 1710 5560 aduente,
