3734 5948
169 263 225 326 alu
652 259 680 317 S.
701 256 867 321 BERNlRDi
886 256 1023 319 tenetls
1041 255 1358 317 uteletltntdsts
1770 254 1831 318 82⁰

166 387 266 449 existit.
292 386 385 450 Perea
408 385 545 459 siqnidem
569 397 620 440 nos
633 383 753 441 vindicas
773 399 788 439 a
809 383 964 440 carnalibus
980 397 1005 478 g
1019 381 1072 438 sibi
1096 394 1162 437 uero
1189 381 1267 437 obest
1293 381 1449 452 plurimum.
1478 384 1565 441 Porro
1593 397 1653 441 sese
1678 382 1825 459 ingerere.

168 475 320 543 desideriis,
339 489 399 547 quae
427 471 546 529 militant
572 470 703 529 adversus
725 470 862 545 animam3
883 467 966 541 eripis
1020 476 1128 542 quantae
1147 467 1322 540 impudentia
1334 470 1397 527 esti

168 563 280 633 mundo,
295 569 322 618 et
336 561 455 635 acquiris
472 558 543 617 Deo.
560 561 616 618 lloc
635 574 701 632 ergo
721 567 763 616 est
777 559 849 631 quod
863 559 936 615 aiunt
956 574 963 613 ε
1056 561 1083 612 2.
1098 555 1150 617 Sed
1162 557 1306 613 redeamus
1318 556 1351 614 ad
1366 559 1452 616 ubera
1466 573 1587 632 sponsae,
1607 575 1638 616 ac
1657 574 1710 633 pro
1726 559 1827 616 diver·

172 653 243 722 Quia
253 651 453 708 meliorarent
466 652 554 708 ubero
564 653 615 706 tuo
627 648 704 706 sino.
715 648 819 720 Carnis,
831 647 965 718 inquiunt,
1020 645 1099 703 silete
1112 645 1236 716 uberum,
1249 645 1369 703 diversae
1382 654 1408 703 et
1418 647 1493 705 lactis
1503 646 1610 722 species
1622 662 1838 723 proponamus..

169 740 345 810 voluptatem,
373 753 427 810 qua
447 735 525 808 paulo
549 742 623 808 ante,
645 746 773 808 tanquam
792 734 864 806 vino,
885 735 967 792 ebriae
1019 735 1086 791 Num
1104 735 1298 809 congratulatio
1311 736 1423 808 quidem
1442 736 1650 805 exhortationis,
1666 738 1827 810 compassio

171 824 341 889 tenebamur,
359 822 473 881 vincunt
487 825 539 893 bae,
555 840 623 897 quas
644 832 689 879 tua
703 823 781 879 nobis
803 824 888 879 ubera
905 822 967 879 stil-
1021 838 1086 879 vero
1100 822 1293 880 consolationis
1308 824 1350 880 lac
1369 824 1469 883 tundit.
1491 826 1577 884 Porro
1599 833 1745 900 utramque
1759 842 1826 899 spe-

171 914 236 980 lant,
253 913 355 971 deliciae
370 913 539 983 spirituales.
1021 913 1090 968 ciem
1104 911 1219 968 ubertim
1233 913 1340 970 coelitus
1353 914 1463 971 irrorari
1478 914 1522 986 pio
1545 914 1648 988 pectori
1666 931 1718 973 suo
1737 915 1825 990 spiri-

211 1000 319 1059 1201
344 1005 388 1058 lo.
404 1001 438 1056 Et
452 1000 564 1072 pulchre
587 1000 650 1056 vivo
664 1009 820 1073 comparant
834 1001 967 1057 carnalem
1024 1000 1101 1056 tualis
1123 1011 1210 1057 mater
1231 1000 1311 1058 toties
1335 1003 1425 1070 sentit,
1451 1007 1557 1076 quoties
1579 1005 1702 1063 osculum
1731 1007 1824 1067 sumit

170 1091 309 1148 allectum.
322 1089 356 1145 Ut
369 1090 442 1147 enim
454 1089 601 1147 nvasemel
617 1102 743 1160 expressa
758 1103 811 1145 non
823 1089 968 1158 babetjam
1024 1087 1122 1145 videas
1136 1105 1194 1144 eam
1208 1104 1271 1146 mox
1289 1091 1378 1161 plenis
1397 1092 1527 1149 uberibus
1549 1094 1669 1166 parvulis
1690 1093 1825 1152 incubare

172 1179 245 1252 quud
261 1180 351 1235 denuo
373 1178 476 1247 tundat,
497 1177 544 1232 sed
565 1185 696 1248 perpetua
719 1176 841 1231 ariditate
861 1178 970 1233 damna·
1023 1175 1167 1241 lactendis;
1183 1188 1209 1233 et
1231 1194 1263 1232 ex
1287 1194 1341 1234 uuo
1356 1179 1464 1250 quidem
1484 1179 1671 1249 consolatoria,
1688 1199 1724 1237 ex
1738 1184 1826 1240 altero

173 1277 232 1333 tur;
248 1269 286 1323 sic
304 1280 367 1322 caro
390 1267 417 1321 in
443 1281 569 1337 pressura
593 1266 687 1321 mortis
710 1264 743 1320 ab
768 1265 841 1319 omui
860 1281 971 1336 prorsus
1025 1279 1090 1320 vero
1104 1264 1287 1324 exhortatorie
1302 1269 1414 1325 uberius
1429 1269 1596 1333 ministrare,
1613 1280 1691 1340 prout
1705 1271 1827 1345 singulis

172 1371 222 1411 sua
240 1354 419 1411 delectatione
437 1354 564 1420 siccatur,
589 1368 640 1409 noc
668 1353 737 1407 ultra
768 1353 909 1409 revirescit
936 1353 970 1407 ad
1026 1353 1173 1410 convenire
1184 1353 1292 1412 ridebit.
1310 1357 1393 1415 Verbi
1407 1374 1490 1416 causa
1516 1359 1538 1414 si
1554 1375 1633 1432 quem
1649 1358 1719 1416 iorte
1734 1376 1767 1418 ex
1783 1361 1826 1416 his

173 1441 309 1499 libidines.
331 1443 406 1499 Unde
425 1444 581 1514 propbeta:
609 1443 704 1499 Omnes
727 1458 790 1499 coro
817 1443 926 1513 senum,
947 1449 973 1500 et
1026 1441 1199 1515 quosgenuit
1211 1443 1237 1497 iu
1252 1444 1411 1518 Evangelio,
1428 1445 1636 1518 deprehenderit
1654 1447 1719 1505 lorti
1733 1449 1826 1522 aliqua

174 1532 439 1603 omnisqlorioejus
454 1531 727 1604 tanquamtiosserai.
740 1531 921 1588 desiccatum
931 1535 974 1588 ert
1026 1531 1175 1587 tentatione
1194 1546 1365 1599 concussum,
1384 1541 1412 1591 et
1428 1533 1492 1591 inde
1510 1534 1646 1592 turbatum
1661 1551 1693 1592 ac
1707 1537 1824 1604 tristani,

174 1621 285 1692 senum,
301 1623 330 1676 et
344 1619 446 1676 cecidit
457 1620 509 1688 llos
523 1617 599 1689 (lsai.
612 1632 659 1684 ιιι,
675 1622 701 1686 6,
713 1618 742 1689 i)
752 1633 759 1686 ;
771 1616 970 1690 etripostolus;
1026 1618 1280 1692 pusillanimemque
1299 1620 1408 1689 iactum,
1422 1638 1477 1680 non
1502 1638 1581 1695 possa
1597 1624 1652 1694 iam
1676 1624 1750 1682 ferre
1770 1625 1824 1682 viru

178 1708 518 1777 Quireatnctinrarue
533 1707 702 1764 decorasset
715 1710 971 1781 metetcorrrrptio-
1027 1707 1195 1777 tentationis3
1219 1712 1356 1783 quomodo
1378 1713 1512 1778 condolet,
1541 1714 1678 1785 quomodo
1703 1715 1826 1772 mulcet?

173 1811 240 1855 rtem
250 1795 453 1866 (calarentur
465 1803 493 1851 et
502 1810 608 1850 rursum
621 1812 628 1852 :
641 1798 710 1852 drea
721 1798 824 1864 ueratri,
836 1801 973 1855 ctuerrter
1025 1796 1162 1868 quomodo
1181 1798 1293 1872 plangit,
1309 1800 1446 1870 quomodo
1468 1802 1643 1858 consolaturi
1657 1812 1725 1874 quot
1738 1820 1823 1879 argu·

174 1884 259 1951 asom
275 1885 454 1942 Dwsuutern
469 1886 496 1938 et
512 1881 597 1949 buno,
613 1885 644 1939 et
664 1884 713 1939 bus
727 1883 855 1941 destruct
868 1884 895 1954 (l
909 1887 971 1942 Cor.
1026 1893 1117 1942 menta
1138 1885 1245 1957 pietatis
1267 1903 1330 1944 mor
1354 1888 1464 1959 reperit,
1487 1888 1586 1961 quibus
1609 1889 1696 1962 erigat
1718 1890 1822 1948 desola-

172 1988 213 2038 vr,
240 1973 294 2042 ta).
320 1971 390 2027 Vide
406 1981 496 2026 autem
513 1970 707 2026 uenoncarni
734 1978 848 2044 tantum,
872 1972 921 2028 sed
946 1985 973 2029 et
1026 1975 1103 2029 lum?
1127 1976 1245 2032 licontra
1270 1977 1293 2033 si
1319 1986 1483 2049 promptum,
1509 1979 1531 2032 si
1555 1978 1682 2041 alacrem,
1707 1979 1823 2036 sibene

172 2060 274 2116 mundo
297 2059 367 2116 iorte
389 2066 524 2130 competat
547 2059 596 2114 ista
614 2059 765 2130 proportio.
785 2057 923 2132 Siquidem
946 2069 971 2117 et
1024 2059 1214 2131 proficientem
1228 2064 1401 2135 cognoverit;
1424 2066 1556 2139 exsultat3
1571 2067 1734 2141 aggreditur
1746 2069 1832 2126 satu--

173 2149 233 2221 ipsa
252 2148 358 2218 transit,
379 2155 408 2204 et
432 2147 650 2218 coucupiscentia
668 2148 730 2218 ejus
747 2156 794 2203 :et
808 2162 868 2204 cum
882 2149 972 2205 omnia
1025 2147 1129 2206 taribus
1151 2149 1272 2220 monitis,
1298 2152 1420 2208 accendit
1442 2151 1566 2224 amplius,
1580 2154 1688 2211 instmit
1709 2156 1821 2230 dequi-

172 2252 234 2312 quae
248 2237 275 2293 in
290 2236 392 2294 mundo
405 2243 478 2301 sunt,
493 2234 576 2292 linem
590 2236 715 2302 babeant,
732 2235 794 2292 linis
808 2251 903 2293 eorum
916 2252 971 2295 non
1025 2236 1074 2292 bus
1096 2245 1187 2309 potest
1209 2245 1239 2294 ut
1262 2248 1428 2308 perseveret,
1443 2247 1529 2314 utque
1552 2242 1579 2298 iu
1602 2243 1699 2300 melius
1713 2260 1823 2317 semper

173 2327 227 2382 erit
245 2325 325 2382 line.
351 2324 451 2381 Verum
473 2325 557 2381 ubera
588 2339 643 2382 nou
663 2325 713 2380 sic.
733 2325 797 2382 ilaec
814 2325 884 2381 enim
909 2342 971 2384 cum
1026 2323 1137 2383 1992
1153 2326 1273 2399 prolicial
1287 2329 1452 2387 exhortatur.
1469 2330 1602 2389 Omnibus
1616 2349 1646 2390 se
1660 2334 1822 2401 conformat·

173 2415 302 2472 exhausta
326 2412 434 2483 luerint,
453 2428 562 2469 rursum
577 2413 611 2467 de
631 2413 707 2470 iente
722 2414 834 2470 materni
854 2415 971 2484 pectoris
1025 2413 1145 2469 omnium
1161 2415 1189 2471 in
1204 2429 1234 2472 se
1251 2417 1382 2474 transfert
1395 2416 1520 2485 allectus,
1536 2427 1647 2476 matrum
1663 2436 1692 2478 se
1706 2420 1821 2495 denique

173 2513 283 2560 ιιιιιιιιιι
301 2502 373 2574 quod
394 2502 539 2576 propinent
555 2503 726 2576 sugentibus.
749 2502 845 2559 lierito
859 2502 973 2574 proinde
1025 2502 1123 2574 probat
1149 2518 1204 2561 nou
1232 2505 1321 2562 minus
1354 2504 1536 2564 deficientium
1567 2523 1648 2580 quam
1676 2508 1821 2581 prolicien-

174 2591 289 2648 meliora
312 2590 412 2659 curnis,
444 2589 569 2648 saeculive
593 2605 686 2647 amore
712 2597 867 2645 asseruntur
888 2590 972 2646 ubera
1026 2592 1102 2648 tium.

173 2692 294 2752 sponsae,
312 2692 373 2752 quae
388 2674 464 2736 nullo
479 2692 597 2751 unquam
609 2679 766 2735 lactentium
782 2692 895 2736 numero
910 2693 971 2736 are·
1061 2684 1089 2736 3.
1106 2681 1205 2751 Quanti
1230 2682 1310 2739 bodie
1334 2698 1414 2740 secus
1438 2683 1549 2742 allectus
1563 2701 1593 2741 se
1607 2686 1776 2744 ostendunt?
1788 2688 1820 2744 dc

173 2766 251 2839 narr,
267 2767 315 2826 sed
330 2780 440 2840 semper
452 2765 592 2824 abundant
606 2765 641 2822 de
661 2764 812 2824 visceribus
822 2766 970 2835 charitalis,
1026 2768 1069 2824 bis
1083 2769 1155 2840 dico,
1171 2771 1216 2842 qui
1228 2771 1332 2826 animas
1348 2785 1443 2845 regere
1456 2782 1644 2844 susceperunt.
1658 2773 1738 2841 Quod
1753 2774 1822 2830 cuitu

176 2866 208 2915 ut
221 2857 317 2913 itemm
333 2855 428 2913 fluant.
444 2855 566 2912 flumina
577 2855 714 2927 siquidem
728 2853 816 2912 tanat
830 2855 865 2914 de
879 2865 973 2915 ventre
1027 2857 1087 2912 sine
1104 2856 1251 2914 miserabili
1275 2858 1378 2930 gemitu
1401 2858 1548 2917 dicendum
1571 2877 1625 2918 non
1648 2869 1700 2932 est,
1725 2861 1823 2919 Christi

176 2946 248 3016 eius,
266 2944 352 3019 litque
366 2945 394 3000 in
414 2957 447 3000 ea
460 2943 522 3000 lons
535 2958 614 3016 aque
631 2943 698 3000 virae
713 2941 834 3000 salientis
847 2943 875 3000 in
893 2945 977 3001 vitam
993 2945 1015 3027 c
1030 2944 1186 3017 opprobria,
1197 2954 1286 3016 sputa,
1300 2945 1417 3018 flagella,
1440 2948 1540 3018 clavos,
1557 2950 1690 3016 lanceam,
1716 2967 1824 3007 omrem

179 3040 308 3090 aeternam
329 3033 421 3104 (toea.
435 3046 487 3102 ιιι,
508 3034 557 3103 38;
573 3046 614 3095 tv,
635 3034 690 3102 ll).
706 3031 866 3089 Cumulatur
877 3033 976 3091 deinde
1027 3041 1053 3090 et
1068 3040 1192 3100 mortem,
1208 3033 1266 3090 beo
1281 3035 1369 3090 omnia
1386 3034 1413 3089 irr
1427 3035 1538 3092 fornace
1551 3037 1670 3093 avaritiae
1693 3039 1824 3107 condant,

179 3120 239 3179 laus
257 3122 371 3178 uberum
386 3120 535 3194 fragrantia
547 3127 757 3192 ungnentorum,
773 3121 845 3192 quod
863 3135 975 3178 uonso-
1027 3132 1055 3180 et
1075 3121 1222 3197 proiligant
1242 3121 1270 3176 ia
1294 3122 1496 3192 acquisitionem
1519 3123 1606 3192 turpis
1629 3135 1769 3195 quaestus,
1800 3135 1827 3185 et

178 3210 236 3268 lum
249 3210 394 3270 verborum
411 3224 508 3282 sapora
525 3215 648 3283 pascant,
666 3210 752 3267 sedet
769 3210 900 3268 tactorum
914 3210 975 3284 opi·
1027 3212 1142 3284 pretium
1158 3208 1338 3268 universitatis
1351 3211 1407 3266 suis
1430 3210 1574 3281 marsupiis
1596 3209 1735 3268 includere
1749 3215 1828 3273 festi·

178 3298 263 3357 uioue
280 3299 429 3355 redoleant.
453 3298 511 3353 lam
532 3312 595 3372 quae
609 3298 666 3355 sint
688 3299 784 3370 ubere,
800 3314 854 3371 quo
874 3298 974 3355 tumida
1027 3306 1114 3355 nant:
1138 3299 1191 3356 lroc
1211 3298 1271 3354 solo
1295 3313 1361 3355 saue
1383 3297 1480 3355 eluda
1502 3298 1636 3357 iscariotis
1654 3298 1826 3378 dilirreutes,

180 3382 262 3457 lacte,
277 3386 404 3458 qualibus
416 3385 536 3444 delibuta
556 3388 714 3460 unguentis,
733 3389 784 3445 sub
797 3388 851 3444 alio
864 3402 973 3444 sermo·
1027 3385 1100 3456 quod
1115 3385 1161 3442 ille
1179 3387 1277 3443 horum
1292 3400 1374 3443 omne
1388 3387 1600 3444 emolumentum
1616 3401 1767 3459 paucorum
1780 3392 1826 3448 de·

178 3476 223 3533 nia
239 3474 374 3549 principio
391 3474 499 3534 cbristo
514 3472 659 3547 adiuvante
674 3475 907 3534 'monstrabimun
928 3475 974 3548 qui
1026 3475 1163 3533 uariorum
1178 3490 1291 3533 rrumero
1305 3475 1506 3550 compensarit3
1526 3474 1571 3533 isti
1586 3475 1718 3534 voraciori
1734 3478 1825 3551 inglu·

177 3579 239 3625 oum
258 3565 337 3621 Patre
349 3573 377 3620 et
390 3563 492 3637 Spiritu
505 3571 598 3622 sancto
611 3563 679 3624 vivit
692 3573 824 3638 streguel
836 3563 909 3621 Deua
922 3580 975 3638 par
1026 3565 1069 3622 rie
1090 3564 1227 3623 lucrorum
1250 3563 1368 3623 infinitas
1390 3566 1501 3638 exigunt
1524 3565 1662 3638 pecunias.
1682 3565 1731 3622 His
1749 3567 1825 3624 insa·

175 3655 266 3714 omnia
280 3653 380 3712 secula
394 3653 565 3712 seculorum.
583 3655 680 3713 emen.
1027 3653 1113 3711 tiabili
1126 3653 1258 3711 desiderio
1271 3652 1386 3723 inhient,
1402 3667 1453 3727 pro
1467 3654 1510 3710 bis
1523 3653 1698 3719 neamittaut‚
1717 3655 1821 3724 ιίιιιιιις

491 3760 604 3819 sgppqo
622 3760 660 3816 x,
1029 3754 1056 3800 et
1068 3759 1129 3801 cum
1146 3743 1282 3812 amittunt,
1297 3743 1406 3812 dolent;
1419 3744 1514 3798 harum
1528 3741 1555 3798 iu
1570 3757 1661 3799 amore
1674 3742 1820 3813 quiescunt,

177 3852 215 3909 ile
240 3849 329 3907 tribus
349 3852 502 3924 unquentis
519 3849 725 3924 spirttrrutttns,
744 3849 852 3909 scilicet
872 3854 977 3910 contri·
1029 3840 1158 3905 ‘limium
1180 3831 1310 3889 dunum
1331 3831 1446 3888 “belum
1465 3830 1504 3887 ⁰5⁸
1518 3838 1559 3887 ⁰⁸¹
1585 3848 1602 3887 ὓ
1624 3830 1762 3900 ‘e'iffldir
1782 3831 1823 3889 '⁸¹

356 3919 620 3988 easaetenatone
633 3922 797 3996 etpietutia.
1029 3919 1224 3996 augmentandi
1247 3934 1320 3976 cura.
1340 3920 1496 3975 Animarum
1516 3934 1566 3975 nec
1578 3934 1657 3976 casus
1676 3926 1823 3992 reputatur,

214 4012 241 4064 ι.
256 4008 317 4083 Non
332 4024 391 4066 sum
407 4023 459 4082 ego
477 4009 606 4084 proluudi
621 4024 727 4080 sensus,
741 4024 830 4084 neque
840 4009 908 4066 adeo
916 4025 976 4082 per·
1031 4026 1082 4068 nec
1102 4011 1183 4068 salus.
1206 4009 1266 4066 Noa
1290 4016 1354 4065 sunt
1367 4007 1487 4081 prolecto
1501 4016 1610 4077 matres,
1624 4008 1670 4080 qui
1694 4024 1756 4066 cum
1773 4010 1826 4066 sint

178 4097 294 4171 spiracis
312 4097 425 4173 ingenii,
441 4105 473 4155 ut
490 4100 553 4156 novi
563 4097 701 4171 quidpiam
715 4113 749 4154 ex
764 4112 808 4154 me
821 4096 976 4155 adinvenire
1030 4101 1064 4156 dc
1081 4097 1207 4156 crucilixi
1230 4096 1391 4168 patrimonio
1416 4096 1528 4152 nimium
1553 4097 1704 4166 incrassati,
1724 4099 1825 4170 impiu-

179 4187 302 4259 possim3
330 4188 378 4244 sed
403 4195 444 4244 est
468 4188 529 4244 tons
557 4202 675 4261 magnus
698 4193 726 4241 et
758 4184 919 4241 indeficiens
945 4201 977 4241 os
994 4188 1115 4297 ngnati,
1136 4184 1249 4251 dilatati,
1274 4199 1328 4240 non
1349 4185 1645 4257 compatiuntursuper
1663 4184 1826 4244 contritione

177 4276 264 4348 Pauli,
292 4276 365 4349 quod
388 4273 674 4348 praetruncabo
703 4273 762 4343 ipso
783 4272 878 4329 haurio
910 4279 976 4330 ιιιιιιι
1030 4275 1140 4346 loseph.
1156 4272 1222 4342 Quae
1235 4279 1324 4328 mater
1338 4280 1386 4345 est,
1401 4288 1454 4330 uou
1469 4272 1620 4330 dissimulat
1636 4293 1643 4329 :
1659 4274 1741 4330 babet
1760 4277 1827 4333 nbe·

176 4363 258 4424 etiam
280 4380 354 4422 nunc
367 4364 393 4421 in
412 4363 567 4421 ostensione
590 4363 703 4418 ubemm
722 4375 841 4434 sponsae,
862 4359 931 4416 deut
947 4367 977 4418 et
1030 4375 1069 4425 ra,
1089 4367 1116 4416 et
1139 4372 1193 4415 uon
1216 4373 1310 4416 vacua.
1335 4358 1460 4417 Gaudere
1478 4375 1540 4416 cum
1555 4360 1746 4434 gaudentibus,
1762 4363 1827 4420 itere

177 4455 332 4528 trequentar
344 4454 430 4510 soleo.
444 4451 581 4520 Gaudere,
592 4450 689 4524 inquit,
701 4464 767 4508 cum
779 4449 974 4523 pandentibus,
1029 4447 1231 4504 tundentibus
1244 4447 1329 4515 novit,
1345 4464 1397 4505 nec
1410 4458 1498 4506 cessat
1516 4451 1668 4523 exprimere
1693 4450 1727 4508 de
1740 4451 1827 4508 ubere

176 4547 322 4617 timerem
336 4540 468 4614 rieebbrss
484 4540 573 4610 (Rom.
590 4553 642 4607 ιιι,
659 4541 716 4610 to).
731 4538 842 4596 blaternl
857 4538 975 4596 breviter
1027 4536 1138 4608 quidem
1150 4536 1391 4610 cougratulationis
1409 4537 1451 4594 lac
1468 4537 1679 4605 exhortationis;
1695 4538 1731 4597 de
1743 4540 1827 4598 ubere

176 4633 363 4706 exprimuntur
377 4628 502 4695 struae
517 4629 581 4702 quia
599 4643 649 4686 nec
668 4629 761 4686 dolero
785 4627 901 4701 parvuli,
925 4643 976 4686 nec
1030 4640 1094 4681 voro
1108 4624 1302 4694 compassionis
1323 4626 1363 4682 lac
1385 4625 1587 4682 consolationis.
1611 4625 1645 4684 Et
1664 4625 1827 4700 desponsa

178 4722 268 4782 valere
294 4728 399 4795 queunt
422 4718 523 4791 absque
549 4718 595 4775 illa
617 4734 678 4791 que
696 4717 809 4792 genuit:
833 4716 977 4791 utrobique
1029 4714 1158 4771 ubrnbus
1171 4715 1212 4771 vel
1227 4713 1337 4772 ubemm
1353 4714 1423 4772 lacte
1437 4713 1487 4770 ista
1501 4713 1645 4772 sufficiant.

176 4826 289 4871 neceam
311 4806 423 4867 estsuis
437 4821 496 4865 earn
516 4804 678 4864 conformari
698 4806 858 4864 visceribus.
879 4807 974 4879 igitur,
1065 4806 1091 4862 i.
1117 4804 1175 4860 lam
1197 4803 1323 4877 qualibus
1346 4804 1426 4860 etium
1451 4804 1593 4877 unguentis
1618 4805 1714 4861 eadem
1741 4805 1828 4862 ubera

172 4903 251 4975 iuxta
272 4898 351 4959 renti
373 4897 533 4958 sententiam
565 4896 666 4971 [alios.
692 4895 882 4969 sapientiaml,
907 4895 975 4951 duas
1030 4893 1177 4961 redoleant,
1203 4891 1340 4962 indicabo,
1368 4892 1390 4947 si
1416 4899 1506 4948 tamen
1532 4891 1628 4947 vestris
1656 4893 1827 4950 orationibus

175 4991 235 5048 illas
248 4987 406 5048 allectioues
418 4982 526 5044 duobus
539 4999 648 5057 sponse
668 4981 797 5038 uberibus
812 4981 973 5056 assignabo;
1027 4982 1115 5052 juver,
1131 4989 1162 5039 ut
1175 4980 1249 5055 quod
1262 4981 1326 5038 inde
1339 4980 1406 5036 milri
1419 4979 1520 5036 sentire
1533 4979 1624 5036 datum
1639 4990 1691 5050 est,
1707 4981 1789 5039 detur
1802 4991 1828 5038 et

174 5077 392 5150 compassionem
413 5073 470 5142 uni,
484 5082 512 5132 ct
520 5070 779 5147 congratulationem
790 5069 877 5129 alteri.
895 5068 974 5128 Alin-
1027 5069 1120 5143 eloqui
1133 5070 1216 5143 digna
1230 5068 1264 5124 ad
1288 5068 1452 5143 audientium
1475 5067 1628 5126 utilitatem.
1643 5069 1704 5127 lilia
1718 5071 1824 5142 sponsi.

175 5168 240 5240 quin
253 5164 376 5240 ⁴parvula
398 5176 451 5236 est,
474 5175 500 5222 et
522 5161 643 5222 nondum
670 5160 780 5231 nubilis,
800 5161 823 5217 si
852 5161 973 5219 nondum
1029 5167 1110 5233 atque
1125 5159 1176 5215 alia
1191 5173 1300 5233 sponsae
1313 5165 1451 5231 unguenta
1466 5167 1538 5231 sunt,
1555 5160 1786 5232 quemadmodum
1799 5171 1825 5217 ct

176 5256 261 5314 irbera
272 5255 356 5322 misit,
370 5255 394 5311 si
408 5271 437 5311 se
450 5253 576 5311 videlicet
590 5269 678 5327 noque
700 5252 733 5308 ad
749 5250 973 5327 congaudendum
1028 5263 1077 5304 sua
1091 5248 1190 5322 cuique
1203 5248 1295 5304 ubera.
1308 5247 1360 5302 Sed
1372 5247 1406 5302 de
1419 5247 1513 5318 sponsi
1521 5262 1576 5321 quo
1592 5248 1620 5303 in
1633 5247 1694 5306 loco
1708 5255 1813 5306 tractau

117 5340 121 5349 “
175 5344 273 5402 sentiat
293 5351 458 5418 promptam,
479 5358 567 5416 neque
586 5357 699 5414 proram
714 5340 749 5396 ad
763 5339 974 5397 condolendum.
1028 5337 1092 5394 dum
1110 5337 1156 5410 sit,
1179 5335 1303 5410 superius
1323 5334 1462 5407 prefixum
1483 5341 1525 5393 est
1540 5351 1549 5394 t
1565 5349 1826 5408 nuncsponsreun·

177 5430 289 5490 iblissi
307 5433 376 5490 iorte
385 5430 419 5487 ad
438 5429 565 5503 remman
579 5431 740 5498 animarum,
751 5445 801 5488 seu
810 5429 845 5486 ad
854 5427 974 5486 ortuum
1028 5427 1135 5498 guentis
1157 5425 1338 5489 intendamus,
1362 5423 1446 5497 idque
1468 5424 1605 5490 attentius,
1630 5433 1760 5500 tanquam
1783 5425 1827 5483 llis

177 5518 377 5594 predicationis
394 5517 549 5587 assumitur,
565 5517 627 5577 aliis
644 5517 752 5592 quidem
773 5532 828 5575 non
851 5516 973 5591 prodest,
1012 5532 1092 5588 quae
1102 5515 1240 5586 Scriptura
1262 5528 1316 5571 non
1334 5512 1505 5572 medmmiter
1522 5513 1730 5583 commendavit,
1744 5514 1784 5572 ita
1797 5521 1826 5571 ut
