3734 5948
17 116 26 271 ἒ
69 190 117 257 m
578 191 614 247 ΙΝ
634 192 804 255 uouttttut
820 194 1014 256 altuttttltt
1030 193 1148 254 suello
1165 195 1213 253 ttt.
1673 197 1727 259 m

13 382 16 393 1
62 309 140 366 luitis
166 316 267 365 nostrae
295 311 480 368 conversionis
508 312 579 369 loret
606 313 659 370 ista
681 316 813 389 dignatio,
836 323 866 373 ut
882 332 906 410 Α
922 319 983 375 Non
998 327 1040 375 est
1056 318 1209 376 voluntates
1223 317 1312 375 carnis
1326 324 1354 372 et
1375 314 1514 390 sangttinis
1530 316 1597 386 hec,
1612 317 1726 375 aeduo-

12 396 15 425 ¹
61 401 179 470 primum
196 414 228 454 ex
244 398 439 454 ancillalilium
454 417 627 471 generemus.
645 404 755 459 Solutus
770 414 811 460 est
830 405 866 463 ad
922 407 1012 463 luntas
1032 408 1128 479 Patris,
1159 416 1186 464 et
1206 403 1383 463 sanctificatio
1397 410 1505 461 nostra.
1530 404 1665 477 Denique,
1696 400 1728 465 Sl

60 489 220 541 mandatum
235 487 342 542 Domini
356 489 402 558 qui
416 497 496 544 antea
513 491 667 561 tenebatur,
684 503 730 548 ant
745 509 800 549 non
816 512 865 549 ra-
922 513 978 553 noc
991 499 1085 552 lacero
1096 496 1315 565 te,altl)omiuus
1325 493 1360 548 ad
1380 492 1493 547 Petrum
1504 492 1630 548 obnixius
1638 494 1723 567 repul

58 575 131 643 lens,
148 583 196 630 aut
210 590 264 629 uon
278 576 372 631 volens
386 577 564 650 benefacere3
581 588 626 634 aut
641 589 756 654 utroque
770 581 866 637 lortius
921 591 1062 656 guantem,
1073 602 1131 642 uon
1143 586 1251 642 dolebo
1263 588 1373 657 portent
1386 597 1496 638 mecum
1511 582 1602 649 (loon.
1616 586 1725 654 xur,8).

59 663 169 720 vinculo
194 662 327 735 alligatus,
353 680 405 720 nec
429 666 524 722 volens
551 667 663 736 scilicet,
688 685 740 725 nec
762 671 865 727 valens.
922 671 1123 728 Scimusautem
1134 672 1195 746 quis
1204 672 1404 729 dixeritthum
1414 667 1546 742 potamii
1555 670 1593 726 cd
1602 687 1658 741 me,
1668 689 1726 729 non

59 753 122 808 Non
138 752 212 807 norit
225 751 334 807 iuterim
350 752 443 824 purius
456 753 485 809 in
499 755 616 812 Domino
631 757 772 830 gratulari.
797 760 866 814 Per·
921 762 1135 831 cjtcicmsorcs;
1146 763 1213 835 quio
1223 759 1349 817 ducendi
1367 759 1400 814 dc
1414 759 1493 823 coelo,
1503 761 1604 815 conat
1620 761 1727 830 socium

59 857 172 896 suasum
186 849 261 896 tenet
275 841 385 913 placere
400 843 425 897 ei
440 843 512 914 quod
527 845 593 916 agit,
608 852 636 900 et
661 846 817 902 consolatur
840 847 867 901 in
922 848 1098 907 voluntatem
1108 848 1268 915 mourmaed
1279 849 1456 907 volunlatem
1467 848 1529 918 ejus
1539 848 1725 920 quimisilme

60 945 95 985 eo
110 930 184 1000 quod
203 929 254 984 sibi
279 944 340 985 eum
360 932 560 1002 quodammodo
586 949 616 989 se
645 933 735 990 lacere
760 941 868 1007 reputet
922 938 1013 1006 (loon.
1026 953 1064 1008 vr,
1078 941 1123 1003 37,
1135 940 1191 1009 33).
1206 937 1366 1008 Opportune
1382 945 1482 1001 autem,
1496 941 1523 990 et
1538 933 1633 1007 ntique
1647 951 1723 993 more

60 1016 228 1080 debitorem,
244 1017 344 1089 saepins
359 1033 513 1076 memorans
528 1021 590 1092 quia
603 1023 737 1079 Dominus
748 1024 789 1078 lris
799 1041 868 1095 opus
922 1040 982 1090 suo,
1002 1034 1063 1095 post
1075 1024 1231 1098 exemplum
1247 1024 1348 1096 operis,
1363 1022 1579 1079 exhortationem
1593 1039 1727 1082 semonia

61 1105 156 1162 hahet.
171 1107 240 1162 Nam
254 1121 385 1177 processu
400 1108 531 1179 temporis
545 1109 572 1164 iu
584 1126 617 1166 eo
627 1111 714 1185 magis
724 1111 865 1179 allicietur,
920 1112 1054 1182 adjunxit.
1063 1113 1137 1168 lnter
1146 1112 1431 1186 loquendumquoque
1441 1108 1725 1182 (namcopiosissimns

61 1203 90 1250 ut
105 1210 156 1249 sno
171 1193 330 1250 sollicitetur
347 1194 450 1261 debito,
467 1204 494 1252 et
509 1197 614 1265 timeat,
630 1215 663 1254 nc
692 1198 761 1257 lorte
786 1199 868 1255 lautis
921 1200 1022 1256 exstitit
1030 1200 1133 1272 sermo)
1147 1201 1238 1257 multis
1256 1216 1305 1257 eos
1315 1198 1538 1271 promissionibus
1553 1207 1665 1270 propter
1683 1202 1725 1257 in·

62 1281 205 1338 beneficiis
232 1281 384 1338 inveniatur
407 1284 538 1356 ingratus,
554 1286 664 1342 dicens:
681 1286 749 1356 Quia
772 1304 868 1345 servus
921 1296 1037 1345 stantem
1052 1289 1168 1346 maxime
1193 1289 1347 1360 passionem
1371 1286 1496 1342 refovere
1520 1290 1549 1341 et
1571 1286 1724 1346 refocillare

62 1372 165 1427 inutilis
178 1386 249 1437 sum,
266 1380 294 1427 et
310 1371 442 1428 banorum
462 1389 585 1429 meorum
598 1390 652 1430 non
667 1391 745 1448 eges.
762 1380 796 1442 At
809 1376 868 1434 haec
921 1377 1032 1444 curavit,
1042 1378 1077 1433 de
1088 1378 1356 1445 resurrectionesua,
1367 1375 1401 1430 de
1412 1374 1525 1431 adverto
1536 1375 1678 1447 Paracleti,
1690 1377 1725 1434 de

61 1458 174 1531 quidem
189 1475 272 1516 verax
285 1459 396 1517 allectio
420 1475 447 1518 et
472 1461 579 1518 tidelis:
604 1463 648 1519 hic
668 1463 738 1520 lilius
762 1463 865 1531 liberae,
922 1481 1015 1522 eorum
1031 1466 1246 1533 contirmatione,
1264 1473 1291 1522 ct
1311 1462 1460 1535 aliquando
1483 1463 1668 1535 assumptione
1689 1463 1725 1519 ad

61 1565 124 1603 cum
138 1563 194 1619 quo
221 1547 326 1604 ancillae
349 1548 418 1605 lilius
442 1549 530 1607 haeres
551 1567 612 1608 esse
638 1567 694 1608 non
720 1552 815 1624 possit.
829 1553 867 1609 lta
921 1552 1052 1625 seipsum.
1069 1554 1224 1611 Neomulto
1239 1561 1301 1627 post
1315 1558 1427 1609 ventum
1442 1551 1533 1606 estad
1560 1552 1722 1618 orationem,

60 1652 128 1711 ergo
144 1637 171 1692 in
187 1638 238 1692 hac
252 1638 438 1708 processione.
884 1643 906 1719 Β
923 1648 950 1695 et
963 1657 1049 1716 usque
1065 1643 1144 1700 tertio
1159 1643 1245 1700 lactus
1258 1643 1287 1697 in
1301 1639 1399 1713 agonia
1413 1639 1518 1696 orabat.
1532 1637 1583 1694 Ubi
1613 1639 1724 1713 quidem

97 1729 124 1781 3.
134 1727 269 1781 Ceterum
279 1731 342 1781 ante
353 1726 507 1796 passionem
517 1725 761 1785 affectuosissimus
772 1729 866 1802 lotias,
923 1746 977 1785 non
993 1730 1057 1786 solis
1069 1729 1165 1797 oculis,
1181 1732 1230 1788 sed
1245 1729 1323 1804 quasi
1337 1727 1605 1786 membrisomnibus
1616 1727 1726 1787 flavisse

62 1810 250 1886 affectuosius]
274 1811 474 1870 Paterfamilias
497 1814 675 1874 relectionem
704 1817 761 1874 suis
788 1834 868 1874 cura·
923 1818 1040 1885 videtur,
1057 1827 1086 1876 nt
1109 1826 1192 1876 totum
1212 1835 1311 1889 corpus
1332 1820 1403 1889 eius,
1426 1817 1500 1890 quod
1526 1822 1568 1872 est
1593 1816 1725 1886 Ecclesia,

61 1901 100 1957 rit
115 1902 274 1958 domesticis
297 1903 446 1962 exhihere:
473 1913 501 1960 ct
528 1904 555 1962 in
583 1906 635 1963 hoc
663 1922 869 1979 quoqueappa-
924 1907 1006 1963 totius
1027 1905 1152 1980 lacrymis
1177 1908 1299 1982 corporis
1326 1915 1501 1979 purgaretur.
1529 1904 1599 1960 llam
1626 1904 1661 1962 de
1682 1920 1725 1961 sa-

62 1991 115 2046 rnit
137 1990 301 2064 benegnitas
315 1993 510 2048 ethumanitas
524 1992 679 2051 Salvatoris.
706 1997 773 2052 Cum
795 1997 868 2050 enim
923 2004 1065 2053 eramento
1093 1996 1203 2068 quidem
1239 1995 1361 2068 eorporis
1390 2002 1417 2050 et
1458 1990 1544 2048 884
1586 1993 1725 2065 sanguinis

61 2079 205 2135 dilexisset
219 2093 295 2145 suos,
312 2080 338 2135 in
353 2080 435 2136 linem
450 2082 544 2139 dilexit
558 2099 617 2153 eos,
633 2090 661 2140 et
674 2083 801 2140 dicebat:
817 2088 869 2141 Dc·
923 2084 965 2139 sui
993 2100 1075 2142 nemo
1104 2093 1145 2141 est
1172 2084 1218 2157 qui
1246 2082 1361 2150 nesciat,
1387 2083 1580 2152 huncquoque
1597 2087 1681 2138 totam
1695 2089 1723 2137 et

59 2169 163 2226 siderio
178 2167 334 2226 desiderari
349 2170 398 2227 hoc
411 2171 517 2244 poscito
533 2173 706 2231 manducare
716 2171 867 2239 vobiscum,
924 2181 978 2228 tam
1004 2173 1171 2245 singularum
1192 2172 1347 2228 alimoniam
1368 2186 1401 2226 ea
1421 2169 1538 2239 primum
1552 2168 1597 2226 die
1611 2168 1720 2225 erhibi·

59 2263 214 2331 antequem
227 2260 325 2331 potior
348 2258 427 2329 (Luc.
442 2275 514 2328 xxu,
531 2264 588 2332 ttt).
612 2260 764 2333 Oportebat
786 2263 867 2321 cuim.
924 2269 977 2317 tam
992 2262 1102 2332 (llcllh.
1119 2276 1202 2329 xxvr;
1219 2262 1303 2317 llcrc.
1320 2272 1385 2327 xtv3
1403 2259 1721 2325 luc-xxu310art.xtn-

60 2346 219 2418 Expetierat
233 2360 281 2402 eos
296 2348 422 2415 Satanas,
439 2357 468 2403 nt
488 2350 619 2405 cribraret
644 2349 714 2406 sicut
731 2350 866 2408 triticum:
922 2351 1015 2421 xrru),
1031 2365 1065 2405 ea
1078 2350 1123 2406 die
1147 2348 1365 2406 commendatam
1378 2354 1406 2404 et
1420 2344 1578 2402 mandatam
1592 2346 1724 2417 deinceps

59 2450 130 2506 opus
143 2443 204 2491 erat
218 2434 369 2506 praevenire
384 2436 582 2497 relectionem..
593 2437 718 2512 Denique
734 2438 779 2510 qni
795 2439 868 2494 relc·
921 2437 1099 2511 frequentari.

62 2524 97 2579 cti
111 2523 195 2596 paulo
209 2523 298 2580 minus
316 2525 491 2594 deiecerunt,
515 2527 580 2599 quid
606 2527 695 2596 ieiuni
718 2525 867 2584 iecissent?
957 2530 984 2582 5.
1013 2527 1054 2583 Ex
1081 2527 1132 2582 hoc
1159 2526 1216 2597 jam
1241 2524 1300 2582 dies
1319 2523 1442 2597 sequitur
1460 2523 1608 2594 Passionis,
1624 2525 1652 2580 in
1667 2539 1720 2600 qna

63 2612 131 2669 llinc
145 2613 197 2668 init
211 2613 285 2687 quod
313 2628 368 2669 uon
382 2613 465 2671 modo
479 2630 605 2687 corpora,
622 2615 671 2671 sed
686 2615 767 2671 etiam
785 2616 868 2671 corda
921 2615 1047 2671 nimirum
1075 2615 1145 2673 sicut
1173 2622 1259 2671 totum
1282 2613 1420 2670 bominem
1447 2613 1552 2671 salvum
1578 2611 1652 2683 lecit,
1682 2614 1720 2673 sie

64 2700 173 2770 reiecit,
188 2709 217 2759 ct
231 2716 264 2759 ea
279 2717 360 2774 quam
376 2702 501 2760 maxime.
516 2703 612 2776 Neque
627 2704 700 2760 enim
719 2703 867 2777 corporalis
921 2704 956 2760 de
971 2711 1026 2760 toto
1041 2720 1072 2760 se
1100 2703 1165 2760 lecit
1191 2701 1307 2759 hostiam
1322 2701 1477 2770 salutarem,
1509 2712 1608 2773 corpus
1636 2716 1722 2774 expo-

63 2789 164 2860 passio,
175 2791 225 2848 sed
237 2791 349 2848 lenutio
359 2791 506 2864 spiritualis
516 2792 643 2861 instabat,
662 2793 734 2865 quod
749 2793 868 2865 singula-
921 2809 990 2848 nens
1017 2792 1099 2848 tantis
1125 2790 1264 2864 suppliciis
1290 2800 1318 2847 et
1362 2790 1478 2861 injuriis,
1508 2790 1627 2846 animum
1658 2805 1724 2847 vero

62 2879 130 2935 riter
142 2877 191 2936 ille
205 2878 313 2936 laturus
332 2888 405 2937 esset
417 2880 507 2937 donec
521 2880 658 2937 transiret.
675 2883 714 2936 Ea
741 2881 866 2937 nimirum
921 2881 1037 2954 geminas
1051 2880 1193 2953 cujusdam
1208 2878 1412 2936 humanissime
1438 2878 1637 2951 compassionis
1651 2877 1706 2936 alie

64 2967 150 3026 hostia
165 2967 306 3025 sicntsola
320 2969 452 3040 prodesse
466 2970 564 3043 potuit,
588 2969 628 3026 sic
655 2970 712 3027 sola
739 2970 863 3027 sullccit:
882 2939 996 3028 cetui:
1026 2969 1089 3025 hino
1117 2968 1228 3042 quidem
1256 2982 1340 3038 super
1381 2982 1498 3023 inoerore
1538 2964 1724 3027 inconsolabili

28 3068 30 3072 ·
62 3072 113 3115 nec
126 3057 265 3115 Christum
279 3057 370 3115 decuit
384 3058 463 3115 simul
478 3068 505 3117 et
518 3058 638 3129 Petrum,
654 3066 700 3115 aut
724 3060 865 3127 Jacobum,
920 3066 1075 3114 sanctarum
1102 3055 1275 3125 laminarum,
1308 3054 1373 3111 inde
1414 3069 1499 3126 super
1530 3053 1724 3126 desperatione

61 3145 103 3203 rcl
118 3147 257 3205 loannem
269 3162 320 3218 pro
335 3145 422 3206 salute
441 3147 581 3204 homiuum
600 3148 665 3220 pati.
683 3147 808 3204 Crucilixi
824 3155 865 3203 ta·
921 3155 950 3204 et
985 3144 1155 3217 dispersione
1176 3142 1381 3215 discipulorum.
1409 3141 1439 3198 ln
1454 3140 1496 3196 his
1523 3148 1642 3214 mutuor
1655 3157 1722 3198 crux

63 3251 127 3293 men
141 3235 221 3293 luere
245 3250 306 3292 cnm
321 3249 354 3293 eo
369 3235 413 3291 alii
436 3237 501 3304 duo,
525 3236 574 3294 sed
604 3236 656 3294 duo
678 3252 808 3309 nequam,
831 3236 866 3292 de
921 3233 1061 3292 [lominica
1089 3232 1161 3292 luit:
1192 3239 1219 3289 et
1246 3232 1305 3288 haec
1331 3230 1423 3287 omnia
1450 3236 1563 3301 propter
1586 3244 1637 3286 nos
1660 3246 1724 3303 pas-

61 3325 163 3398 quibns
176 3323 251 3380 unlla
264 3340 376 3396 prorsus
391 3325 510 3398 suspicio
518 3336 614 3398 posset
623 3326 726 3394 baberi,
737 3333 866 3398 tanquam
920 3331 1040 3389 maest,
1072 3321 1117 3395 qui
1142 3328 1216 3377 tanta
1230 3318 1364 3376 charitate
1391 3325 1550 3391 compassus
1574 3325 1616 3375 est
1631 3317 1721 3376 nobis.

59 3428 94 3469 ea
109 3413 151 3470 eis
164 3414 252 3469 minus
266 3411 363 3471 efficax
377 3413 539 3470 sacnlroium
554 3414 736 3485 suppleretur.
921 3412 1113 3470 Verumtamen
1137 3424 1199 3483 quae
1231 3409 1266 3465 de
1280 3408 1339 3480 ipso
1363 3413 1451 3475 erant,
1480 3405 1563 3463 hnem
1587 3405 1724 3478 habuere,

96 3503 124 3557 1.
139 3499 244 3572 Quibtu
257 3516 325 3577 ergo
344 3501 459 3575 panibus
482 3503 510 3558 in
534 3517 612 3560 coena
636 3502 732 3562 refecit
755 3509 865 3576 aposto·
919 3502 989 3559 sicut
1016 3498 1075 3575 ipse
1089 3497 1302 3556 lamentantibus
1320 3495 1480 3555 mulieribus
1503 3495 1541 3552 a'it
1555 3497 1725 3570 (locunt,

58 3587 124 3646 lost
139 3593 176 3648 ut
200 3590 395 3662 egoarbitror.
413 3589 546 3664 quinque.
565 3592 649 3659 Meus,
664 3590 764 3665 inquit,
788 3593 866 3649 cibos
919 3592 977 3662 28),
1005 3588 1087 3646 tinem
1113 3588 1206 3662 utique
1233 3586 1404 3644 celerrimum
1432 3592 1461 3641 et
1500 3583 1721 3651 celeberrimum,

59 3683 113 3748 est,
128 3684 163 3736 al
181 3680 289 3751 sociam
312 3680 492 3738 voluntatem
512 3683 619 3756 Patris
635 3682 692 3738 mei
719 3682 808 3752 (loon.
824 3693 864 3749 tv,
920 3678 1008 3751 primo
1023 3677 1133 3750 quidem
1148 3676 1279 3748 requiem,
1295 3673 1397 3731 deinde
1408 3671 1650 3730 resurrectionem.
1665 3670 1723 3730 Nos

59 3769 119 3839 31).
147 3767 230 3823 Cibus
268 3767 373 3839 utique,
395 3767 444 3825 sed
471 3768 548 3825 cibus
575 3769 674 3824 cordis.
704 3767 776 3838 Quid
791 3768 865 3824 enim
920 3782 1040 3841 qnoque,
1055 3765 1252 3822 silestinamus
1266 3761 1381 3818 inillam
1395 3760 1504 3834 ingredi
1518 3760 1651 3832 requiem,
1672 3776 1723 3834 per

58 3872 139 3929 aque
164 3854 305 3915 confirmat
329 3863 357 3914 et
370 3859 530 3916 corroborat
544 3874 592 3915 cor
618 3858 775 3924 humanum,
799 3857 863 3931 quid
919 3857 1017 3913 multas
1036 3853 1222 3913 tribulationes
1240 3850 1320 3907 nobis
1343 3847 1549 3907 meminerimus
1572 3855 1721 3907 transeun-

57 3947 96 4003 ita
117 3946 148 4002 iu
176 3946 250 4002 omni
277 3947 440 4004 necessitate
467 3947 604 4005 confortat
618 3955 646 4004 et
659 3953 805 4018 sustentat,
833 3956 863 4004 ut
920 3945 994 4003 dum.
1010 3945 1046 4000 Et
1060 3943 1137 4017 prius
1152 3940 1261 4014 quidem
1275 3939 1363 3998 donec
1377 3953 1471 3996 sumus
1484 3938 1513 3995 in
1533 3936 1719 4007 tribulatione,

57 4034 161 4092 divinae
189 4035 339 4092 voluntatis
366 4035 515 4104 exsecutio,
543 4036 617 4094 velut
653 4036 681 4092 in
717 4035 863 4108 quemdam
920 4049 1050 4106 magnum
1064 4026 1371 4103 nobisridetur1olias,
1385 4026 1536 4103 videretur]
1550 4027 1671 4100 aspirare
1685 4026 1723 4086 tid

56 4123 157 4180 animae
170 4129 304 4193 ventrem,
320 4123 514 4182 conscientiam
529 4124 632 4183 scilicet
646 4128 717 4197 ejus,
732 4124 862 4201 ingesta?
919 4119 1052 4194 requiem,
1077 4128 1205 4194 tanquam
1219 4117 1284 4175 nihil
1298 4117 1381 4175 simus
1396 4114 1512 4189 amplius
1531 4112 1719 4175 desideraturi.

58 4212 104 4269 Sic
132 4218 161 4267 et
174 4228 330 4270 sermonem
348 4213 447 4270 divinae
475 4213 685 4280 exhortationis,
704 4221 731 4271 et
745 4213 861 4285 promis-
879 4255 901 4331 n
918 4211 1019 4269 Verum
1033 4225 1089 4268 non
1103 4207 1155 4266 erit
1173 4208 1251 4265 nobis
1265 4206 1431 4281 requieque
1445 4205 1473 4262 in
1491 4206 1586 4280 requie
1609 4204 1720 4277 quidem

56 4301 165 4357 sionum
180 4301 240 4372 ejus
253 4302 477 4368 consolationem,
494 4310 523 4358 et
537 4301 673 4360 orantium
688 4302 782 4376 [olim.
797 4318 861 4359 ora·
917 4300 988 4371 ipsa,
1003 4315 1019 4355 a
1041 4297 1179 4356 desiderio
1193 4295 1296 4371 gloriae,
1313 4294 1481 4353 adesiderio
1499 4293 1718 4353 resurrectionis.

58 4389 174 4462 donum]
188 4390 332 4464 lacrymas,
348 4406 434 4463 panes
448 4390 538 4447 cordis
552 4407 613 4448 esse
628 4391 701 4448 solus
716 4390 759 4448 ille
784 4391 862 4464 igno·
919 4387 1034 4457 amodo,
1049 4386 1145 4462 inquit,
1155 4389 1217 4461 jum
1232 4385 1305 4444 dicit
1319 4385 1453 4459 Spiritus,
1469 4385 1720 4460 utreqas'cscorsto

57 4487 110 4543 rat,
125 4480 273 4550 culusiam
301 4481 372 4536 aruit
395 4496 453 4551 cor,
468 4495 517 4552 pro
535 4495 569 4537 eo
583 4482 656 4553 quod
671 4497 749 4536 snum
777 4479 863 4552 ipsius
920 4477 1058 4536 laboribus
1085 4481 1143 4534 rac
1182 4475 1279 4548 (lpoc.
1307 4487 1368 4541 xiv,
1385 4472 1443 4544 13).
1470 4473 1495 4528 Α
1522 4471 1616 4531 labore
1652 4487 1719 4547 ergo

57 4582 158 4638 panem
184 4568 330 4626 comedere
353 4569 388 4625 sit
411 4569 521 4626 oblitus.
546 4570 636 4641 Super
664 4569 755 4625 omnia
774 4576 863 4624 autem
918 4565 1094 4638 requiescunt
1118 4562 1211 4637 quiin
1239 4561 1355 4618 Domino
1392 4559 1557 4634 moriuntur3
1587 4559 1718 4645 sednon

57 4671 122 4712 caro
135 4656 244 4713 homini
257 4673 323 4715 vere
345 4666 388 4716 est
401 4658 488 4725 cibus,
503 4663 531 4714 et
542 4657 620 4713 cibus
634 4657 706 4724 vitae,
730 4656 808 4729 panis
828 4657 863 4713 de
919 4654 1093 4727 requiescunt
1107 4649 1215 4708 interim
1229 4666 1246 4706 a
1260 4648 1388 4707 clamore.
1406 4647 1533 4720 Denique
1546 4648 1597 4704 sub
1619 4649 1719 4706 throno

56 4744 127 4802 coelo
143 4745 327 4818 rivusllocn.
344 4761 382 4817 vr,
400 4749 444 4819 bb,
460 4749 504 4814 ts,
520 4749 577 4818 51).
593 4746 700 4802 Nullum
717 4762 752 4803 ex
777 4745 862 4801 bisin
916 4742 967 4799 Dei
995 4742 1111 4799 clamant
1133 4740 1230 4797 animae
1258 4739 1423 4808 censorum
1461 4735 1526 4811 quia
1559 4735 1611 4794 atsi
1652 4735 1718 4792 nihil

60 4834 111 4891 bac
127 4842 181 4889 tam
196 4833 312 4891 solemni
326 4835 526 4893 coenallomini
539 4834 659 4892 defuisse
688 4833 863 4908 reperies‚si
919 4832 1039 4888 habeant
1053 4831 1125 4903 quod
1141 4829 1275 4898 molestet,
1288 4828 1407 4885 nondum
1418 4832 1509 4883 tamen
1520 4831 1604 4883 totum
1615 4826 1718 4882 haberit

56 4922 206 4996 diligenter
227 4923 364 4981 advertas.
383 4923 612 4982 liecumhentibus
635 4924 723 4981 adbuc
744 4923 862 4996 discipu·
918 4921 991 4994 quod
1009 4919 1138 4988 delectet,
1162 4917 1251 4976 donec
1279 4916 1400 4992 requiem
1428 4914 1605 4986 resurrectio,
1628 4914 1716 4972 donec

56 5008 100 5080 lis,
117 5013 236 5089 surgite
250 5029 339 5082 coena,
356 5015 531 5087 praecingitur
545 5013 640 5077 linteo,
664 5029 763 5086 aquam
785 5013 862 5085 ponit
917 5009 1065 5067 Sabbatum
1078 5009 1181 5067 Pascha
1196 5014 1335 5081 sequatur.
1351 5008 1447 5061 lmen.

55 5100 82 5156 in
106 5099 222 5176 pelvim,
254 5102 447 5175 discipulorum
469 5104 555 5175 pedes
584 5100 670 5158 abluit
691 5109 720 5160 et
734 5102 861 5173 extergit,

790 5276 996 5293 ῳ
