3734 5948
103 240 154 296 387
412 183 415 187 ¹
560 226 579 284 S
605 223 777 283 emanet
814 219 1316 286 aeearts=ceattattaLbattsts
1707 214 1759 284 388

102 363 161 419 sola
174 359 297 417 mundus
306 356 399 419 babet,
410 351 655 423 concupiscentiam
666 349 766 415 carnis,
775 349 902 420 concupi·
917 362 941 441 Α
955 349 1014 405 zelo
1023 349 1227 423 indignationis.
1244 350 1409 422 iustumque
1424 357 1505 407 estut
1519 350 1638 424 legimus·
1651 351 1760 408 intrro-

103 446 440 508 scentiam·ocuion1m,=et
455 442 610 514 superbiam
623 439 694 496 ritae.
706 438 754 492 iiis
767 437 902 493 abstractu
956 440 1051 510 pirata:
1069 442 1194 505 Domum,
1203 442 1235 496 iu
1244 440 1518 496 cebrnisers'ccrds‘e
1532 445 1594 507 tue,
1604 439 1635 498 'et
1651 443 1776 499 emine

102 547 130 594 et
147 538 235 594 illecta
263 530 475 588 misericordiam
490 543 599 584 omnem
620 526 740 582 crudelis
755 532 842 581 mater
858 527 903 580 ab
957 533 1006 583 tuo
1022 544 1108 601 usque
1121 528 1259 584 ud'ttules
1272 531 1362 597 (Paul.
1378 537 1469 593 xxxr,
1491 529 1529 599 b).
1546 526 1652 585 lieditts
1665 530 1759 587 erilem

102 627 176 698 jecit.
193 625 238 680 Sis
252 629 279 679 et
292 621 388 687 Adam,
404 620 451 691 qui
464 614 659 672 mulierimale
671 615 798 670 misertus
813 622 856 670 est
872 622 902 669 ut
958 617 1035 672 Pater
1049 616 1181 671 luminum
1196 614 1344 678 residebat,
1362 624 1389 671 et
1403 624 1520 688 utraque
1537 622 1592 688 pr'o'
1608 619 1687 688 perse
1710 624 1774 674 sea'

103 730 164 771 eum
179 718 362 784 aspectaret,
387 709 457 763 bene
477 705 562 762 noluit
579 703 711 767 misereri,
734 707 763 757 ul
793 717 902 774 paenam
956 705 1046 758 utilius
1061 705 1134 776 quod
1150 705 1266 760 babebat
1279 704 1452 777 loquebatur,
1468 704 1535 774 Quis
1548 712 1633 777 putes
1643 702 1681 761 tib
1698 706 1758 763 cul·

102 801 250 858 sustineret
277 799 372 879 [olion
402 805 448 851 aut
474 808 584 865 poenam
613 790 755 864 sustinere]
781 806 829 861 pro
858 805 900 848 ee.
956 793 1047 864 loquio
1074 793 1174 848 meruit
1193 793 1337 858 interesse,
1358 802 1386 850 et
1408 793 1541 850 indicabit·
1572 794 1671 852 adimi
1698 795 1760 868 quis

103 891 210 948 vaata
238 898 280 945 est
307 889 387 942 etiam
412 884 511 938 mulier
532 881 656 946 veritate,
681 880 769 951 primo
793 881 902 950 quidem
956 881 1067 945 audivit,
1083 889 1112 938 et
1130 880 1286 936 enarrabit?
1304 881 1385 938 Forte
1411 881 1604 938 inenarrabilia
1627 890 1702 950 snut,
1731 890 1760 940 el

103 979 350 1048 maledetorquens
361 973 432 1044 quod
444 971 576 1036 audierat,
590 971 810 1026 Mortemorieris
820 970 900 1035 (Gen.
956 985 1010 1024 aon
1025 970 1089 1026 iicet
1104 969 1205 1024 bomini
1230 970 1313 1041 loqui.
1329 971 1430 1025 Sumne
1453 979 1551 1026 tamen*
1566 971 1760 1028 eontroresiae

102 1084 133 1136 ιι,
151 1068 210 1139 tt);
227 1072 256 1122 et
269 1064 373 1127 dicens,
392 1062 431 1117 Ne
440 1062 515 1130 sorte
529 1061 702 1114 moriemur:
717 1057 827 1111 demum
845 1071 903 1110 ser·
957 1058 1108 1113 totius-haee
1123 1057 1206 1113 luisse
1221 1057 1340 1114 ridetur.
1359 1059 1426 1128 liget
1439 1059 1619 1114 miseratione
1631 1054 1778 1129 creaturas

102 1156 180 1229 penti
192 1154 318 1221 credens,
334 1149 441 1221 penitus
456 1146 602 1218 abneganti
619 1152 647 1200 et
660 1143 771 1204 dicenti,
788 1144 901 1216 Neque·
956 1145 1103 1211 rationalis,
1130 1145 1166 1200 ait
1192 1146 1384 1212 Misericordia,
1410 1148 1537 1216 quoniam
1560 1145 1658 1202 misera
1686 1136 1778 1202 lacta¹

103 1260 190 1317 quum
204 1241 376 1299 moriemini.
387 1237 506 1292 Privatus
517 1245 559 1291 est
574 1243 601 1289 et
616 1233 699 1287 idam
714 1232 838 1296 veritate,
854 1231 901 1287 ubi
956 1241 1007 1296 est,
1033 1240 1061 1288 et
1082 1232 1248 1288 miserabilis
1269 1233 1360 1288 uelde.
1386 1233 1468 1289 Venit
1489 1238 1596 1307 tempus
1608 1232 1761 1290 miserendi
1774 1246 1779 1260 ··

102 1347 164 1389 eam
178 1329 301 1386 confiteri
315 1325 434 1393 erubuit,
457 1323 531 1394 lolia,
555 1325 606 1378 hoc
634 1329 675 1377 est
697 1321 901 1375 excusationum
956 1323 1026 1391 ejus,
1040 1321 1172 1392 quiajam
1186 1322 1316 1392 praeteriit
1342 1328 1459 1391 tompus.
1492 1325 1613 1377 deontia*
1632 1323 1775 1378 Ver-itast·

101 1417 282 1493 operimenta,
298 1415 480 1488 pretendens.
497 1411 635 1484 Siquidem
656 1410 717 1482 ipsa
737 1408 817 1464 dicit:
849 1411 902 1478 Qui
955 1409 1080 1480 Oportet,
1096 1410 1193 1481 inquit,
1209 1410 1315 1481 impleri
1331 1420 1485 1466 samonem
1502 1406 1773 1482 ‹qaemiooutdsest'

103 1509 249 1567 erubuerit
275 1521 321 1563 me
335 1521 430 1561 cerem
447 1503 616 1565 bominibus,
631 1501 792 1556 erubescam
803 1502 834 1554 et
854 1512 901 1568 eqo
956 1499 1078 1554 bormne.
1095 1499 1179 1554 Totus
1192 1499 1323 1554 moriatur
1334 1499 1420 1554 adam
1439 1506 1613 1556 neeemest
1624 1506 1761 1556 cambitu

103 1609 170 1651 eum
185 1607 282 1649 eorem
299 1593 385 1645 Putre
398 1603 460 1645 meo
474 1587 552 1657 (lue.
564 1600 605 1650 ιιι,
616 1584 671 1654 st).
684 1583 781 1638 Pacem
791 1595 900 1653 quoque
955 1587 1035 1642 nibus
1049 1587 1095 1658 qui
1109 1587 1137 1641 iu
1156 1601 1191 1642 eo
1214 1595 1302 1653 erant,
1323 1600 1377 1658 que
1394 1586 1443 1643 die¹
1467 1585 1580 1643 voutam
1603 1586 1761 1658 potitamin

102 1665 227 1756 protinus
245 1678 406 1741 amiserunt,
423 1675 486 1747 quie
499 1690 558 1730 uon
576 1677 693 1744 estpars
704 1673 811 1745 impiis,
832 1671 901 1727 dieu
917 1660 941 1746 Ι
955 1675 1178 1748 praevaricatione
1197 1675 1324 1746 gustam.
1341 1675 1440 1747 thuid
1455 1689 1532 1750 erge,
1548 1675 1585 1731 ait
1600 1674 1761 1733 ldiseridcr²
1781 1688 1784 1695 ’

104 1771 244 1827 Dominus
258 1768 332 1836 (lsai.
349 1779 452 1827 xtvtrr,
468 1762 525 1831 illl.
540 1761 638 1818 Nonne
652 1761 723 1816 enim
738 1758 903 1815 contrariam
956 1765 1009 1830 dia,
1027 1764 1121 1835 utquid
1137 1780 1183 1820 mo
1198 1764 1317 1834 genuisti
1330 1771 1406 1834 peter
1419 1763 1680 1835 citiusperitutaml
1703 1762 1761 1820 Stat

102 1857 194 1934 legem
207 1857 368 1912 inuenerant
390 1852 419 1907 in
438 1851 567 1907 membris
588 1850 653 1917 suis,
682 1863 751 1920 quos
771 1848 807 1903 de
833 1861 904 1903 noro
958 1854 1029 1910 enen
1045 1851 1160 1908 Veritus¹
1175 1852 1233 1923 ipsa
1247 1852 1379 1925 quonlam·
1397 1851 1585 1908 misericordia
1599 1860 1645 1908 tea
1664 1853 1783 1924 perlit‚'

102 1946 208 2020 pudere
218 1940 501 2015 coeperatnuditatis‘i
516 1941 671 2010 limuiepo,
682 1937 778 2010 inquit,
791 1951 822 1993 es
832 1935 903 2008 quod
957 1951 983 1998 et
1004 1941 1078 1997 uirile
1089 1948 1141 2007 est,
1165 1941 1188 1996 si
1203 1956 1258 1997 noe
1273 1940 1427 2013 aliquando·
1439 1940 1605 1998 miser-siriae
1629 1941 1763 1997 Similiter

104 2034 203 2092 nudus
216 2049 305 2091 esseut
318 2031 399 2103 (deo.
417 2032 470 2098 ιιι).
486 2027 596 2083 Nonsic
606 2027 699 2094 miser,
711 2041 766 2082 nou
775 2024 814 2081 sic
824 2025 903 2096 paulo
955 2035 1048 2085 autem
1070 2045 1087 2086 s
1110 2029 1245 2087 contrado
1260 2038 1288 2084 et
1310 2029 1354 2085 illa
1383 2029 1557 2101 loquebatur:
1586 2028 1653 2098 Quis
1680 2028 1760 2085 enim

104 2132 168 2180 sote
192 2122 323 2178 timebas:
348 2133 409 2174 non*
428 2117 576 2188 quoerebas
605 2115 677 2180 lolia,
706 2112 769 2170 lieet
789 2124 903 2184 corpore
957 2117 1146 2190 nescietquod
1160 2118 1183 2173 si
1197 2117 1355 2191 praedictam
1369 2117 1419 2172 sibi
1436 2116 1759 2188 praevaricatorsenle'lt*

104 2212 205 2279 nudus,
221 2211 293 2265 sicut
306 2215 334 2263 et
344 2206 434 2262 modo.
957 2206 1021 2260 tiam
1037 2206 1131 2260 mortis
1157 2206 1283 2275 ament
1299 2205 1394 2277 periit,
1406 2214 1458 2261 nee
1472 2205 1649 2277 permanebit·
1654 2205 1713 2276 iam
1727 2204 1758 2261 in

140 2304 167 2357 9.
182 2301 222 2354 Ex
247 2299 298 2353 boc
321 2311 388 2351 sane
411 2296 452 2365 (ut
475 2293 618 2364 Prophetae
638 2291 734 2364 ipsius·
747 2290 904 2362 parabolem
957 2303 1088 2351 aeternnm
1103 2295 1206 2351 ueritas
1222 2303 1277 2360 tur,
1293 2294 1432 2352 Mitte?
1781 2301 1783 2305 '

104 2400 313 2460 prosequamur,
338 2384 385 2455 qui
400 2381 658 2446 sibiobviasseees·‚
675 2380 905 2436 otreconciliatas
994 2385 1125 2440 ii.·licce
1139 2398 1205 2440 vcro
1224 2393 1294 2439 unus
1311 2383 1346 2438 ds
1366 2380 1648 2456 meministisne
1671 2383 1758 2451 olias,

104 2476 133 2531 in
148 2476 241 2533 osculo
256 2473 424 2540 memoravitl
442 2471 533 2543 gravis
547 2470 672 2541 quaedam
697 2469 769 2524 ieter
790 2469 904 2526 virtutes
957 2473 985 2528 id
1000 2481 1042 2528 est
1056 2472 1264 2544 magnitconsilii
1279 2471 1410 2544 angelus]
1426 2471 1462 2526 ad
1476 2480 1572 2543 rqrem
1583 2469 1760 2528 Stlbaionem

103 2564 213 2622 ridetur
227 2569 286 2619 orta
300 2560 449 2618 contentio.
465 2557 604 2630 Siquidem
621 2557 722 2612 veritas
749 2564 776 2612 et
802 2556 904 2628 justitia
957 2561 1150 2633 suggeritesse
1164 2560 1323 2624 narrandas-5
1340 2558 1566 2633 quoniam'trptto,
1590 2558 1690 2632 imis,
1704 2558 1788 2614 m:

104 2653 233 2709 miserum
247 2651 424 2722 affligebant3
440 2661 492 2719 pax
507 2657 535 2701 et
549 2645 736 2701 misericordia
748 2645 798 2701 zeli
822 2647 904 2714 liujus
957 2657 1014 2705 tum
1029 2657 1072 2705 est
1084 2662 1167 2705 omne
1178 2648 1414 2721 judicium=(loert-.
1427 2659 1454 2713 r,
1465 2651 1524 2718 iil.
1539 2647 1761 2722 Btineiaser'gu

105 2747 232 2813 expertes
254 2738 414 2809 judicabant
441 2734 531 2806 magis
551 2749 613 2790 esse
638 2735 814 2804 parcendum
836 2734 904 2788 Sunt
957 2745 1104 2810 conspectu
1125 2737 1352 2794 Misericordia-et
1368 2736 1474 2792 Veritas
1497 2736 1684 2793 ornaveram
1693 2735 1760 2802 stibi,z

104 2829 207 2886 etenim
222 2827 401 2884 collactaneae
417 2827 459 2878 bae
473 2823 535 2878 duae
555 2822 617 2890 sibi,
642 2822 856 2893 quemamodum
875 2829 904 2876 et
958 2827 1054 2883 eadem
1077 2840 1139 2898 qnae
1167 2837 1249 2897 supra
1270 2825 1450 2882 meminimus
1466 2825 1550 2882 verba
1578 2823 1762 2896 qsledtdmiss

103 2917 221 2990 priorest
235 2915 316 2972 Unde
333 2913 475 2969 etinctum
491 2918 518 2966 et
532 2918 562 2965 ut
585 2909 831 2981 perseverantibus·
848 2909 902 2964 illis
958 2923 1128 2986 repetentes·
1142 2915 1248 2985 Fateor,
1262 2914 1299 2970 ait
1319 2914 1435 2981 Veritas,-
1451 2913 1547 2970 reium'
1557 2914 1659 2970 bonam
1674 2913 1760 2969 Nise·

103 3005 131 3061 in
146 3006 260 3066 neure,
276 3011 304 3060 er
318 3000 554 3075 prevaricatorem
568 3000 630 3055 hine
645 2999 709 3055 inae
722 2997 900 3065 cedentibus,
918 2959 941 3042 ⁰
957 3004 1076 3061 ricorde·
1097 3005 1187 3071 babet,
1217 3004 1272 3060 sed·
1289 3003 1398 3059 numn-
1421 3003 1583 3061 reundum
1602 3000 1758 3062 mentum.
1783 3012 1789 3027 ⁴

104 3101 133 3151 et
155 3101 305 3167 presentes
329 3087 416 3147 82¹5
440 3088 579 3144 molestias
599 3086 682 3142 luturi
705 3086 904 3143 cumulantibus
956 3095 1137 3150 stuperatem
1152 3092 1224 3164 qaid·
1241 3091 1445 3164 praemrioatcrl
1460 3090 1761 3163 posiusqmrarsoruri

103 3182 314 3240 comminatione
328 3179 461 3251 supplicii,
477 3179 529 3234 ille
539 3178 700 3235 secederent
710 3175 902 3242 incoriatris,
955 3182 1135 3253 judicat-esse
1145 3180 1341 3253 percenseam?
1351 3183 1385 3236 itt
1401 3187 1439 3246 tu,
1455 3179 1542 3252 inquit
1555 3177 1760 3243 llisemocrrbet
1787 3193 1790 3197 ·

107 3271 262 3327 redeuntes
275 3269 309 3324 ad
323 3268 468 3324 Dominmo
483 3267 530 3338 qui
544 3266 700 3323 illaadedil.
716 3266 798 3322 Seius
816 3265 903 3337 siqni-
956 3270 1049 3327 neutri
1061 3269 1160 3341 parcis,
1176 3269 1224 3324 sed
1239 3275 1320 3324 taam*
1331 3266 1763 3342 indignatione‘serlsinpreua·

104 3359 169 3414 dem
183 3357 241 3428 ipse
254 3355 393 3427 cogitabat
406 3354 588 3425 cogitationes
602 3353 688 3425 paee,
703 3369 764 3410 cum
773 3353 902 3409 alilictio-
955 3359 1110 3423 nicatorem,
1124 3366 1154 3412 ut
1166 3357 1288 3415 involves
1300 3357 1403 3428 pariter
1417 3353 1762 3425 etmremmrouldmrlt

104 3448 147 3503 nis
163 3445 241 3516 plena
257 3443 348 3500 omnia
366 3441 534 3498 riderentur.
550 3441 690 3509 Siquidem
703 3442 903 3497 nuneessabet
956 3446 1067 3502 meruli
1077 3446 1106 3501 Si
1120 3445 1280 3518 quidbabes
1290 3445 1435 3501 aduersum
1452 3456 1508 3512 me‘,
1522 3443 1612 3500 dicitu
1620 3442 1761 3499 miae-siu

103 3552 167 3607 par,
183 3548 237 3590 non
257 3532 282 3588 ei
306 3529 490 3587 inisermordia
515 3529 597 3585 dabat
616 3528 761 3597 silentium,
787 3531 835 3586 scd
859 3530 904 3601 pio
956 3543 1059 3600 antem,
1074 3535 1141 3606 quid
1154 3550 1197 3590 me
1213 3533 1406 3606 persequeris?
1421 3533 1539 3589 Grandis
1558 3531 1759 3597 memorerm,

103 3623 221 3696 quodam
235 3620 355 3678 susurrio
379 3626 493 3691 patema
516 3619 659 3691 pulsantes
678 3618 784 3675 viscera
809 3618 904 3691 leque·
957 3625 1065 3689 iratres,
1090 3631 1118 3679 et
1140 3623 1265 3678 intricata
1288 3610 1405 3678 nimium
1425 3619 1597 3694 disceptatio.
1623 3619 1760 3692 Quiuntilr

104 3711 216 3767 banrm:
240 3709 373 3784 Nunquid
394 3711 425 3764 irs
445 3716 591 3766 aeternum·
597 3709 728 3781 projiciet
743 3708 837 3765 Deus?
851 3712 904 3765 aut
957 3711 1010 3768 illic
1023 3711 1141 3768 diceret:
1155 3712 1258 3767 Bonum
1281 3711 1366 3767 nobis⁴
1376 3717 1436 3766 eret
1450 3710 1569 3765 simius
1584 3717 1646 3764 utba1
1661 3707 1761 3764 ffltct

104 3817 162 3856 aon
184 3803 308 3872 opportet
331 3801 365 3854 ui
379 3798 626 3870 eoroplect'tiorsit
641 3796 757 3854 ediec?
771 3796 904 3869 Nuuqm'd
957 3801 1038 3857 bomo
1059 3801 1132 3856 iste?
1155 3801 1199 3857 Sic
1223 3809 1282 3856 erat
1304 3798 1482 3868 dilectissimi,
1505 3797 1616 3854 omnine
1630 3796 1758 3853 steteras:

105 3889 286 3945 oblieimeior
299 3887 430 3943 misereri
444 3886 539 3944 Deus?
553 3890 605 3942 eut
619 3885 778 3943 continebit
804 3887 837 3941 in
859 3888 904 3942 iro
958 3905 1012 3946 non
1026 3889 1169 3946 videbatur
1192 3890 1330 3962 memorie
1347 3888 1430 3944 anni
1448 3894 1564 3960 possem
1580 3894 1651 3962 erge
1669 3885 1760 3942 bomi-

104 3993 157 4033 suo
175 3973 383 4031 misericordius
406 3975 496 4031 suos?
516 3973 602 4043 (Psei.
629 3989 724 4042 anxur,
749 3978 776 4041 8,
803 3974 847 4045 to)
869 3975 904 4029 lit
958 3991 1021 4034 nem
1042 3977 1227 4034 Misericordia
1249 3985 1278 4034 et
1300 3976 1410 4034 Veritas
1441 3974 1610 4032 conseruari.
1637 3974 1762 4048 umque

104 4061 282 4137 quamuisdin
302 4061 470 4133 mulieresque
485 4061 558 4118 visus
575 4062 611 4117 sit
624 4062 797 4119 dissimulare
825 4063 905 4118 Pater
957 4067 1090 4137 adjiceret
1103 4064 1595 4139 Veritasinipemnqamqeelndieem
1607 4062 1761 4134 maestae

104 4150 320 4215 miserationum,
335 4159 365 4207 ut
378 4149 667 4206 interimsatisiaceret
681 4150 741 4207 selo
751 4151 864 4221 justitiae
876 4160 905 4208 et
958 4156 1084 4228 injuriam
1108 4155 1261 4229 retorqueri
1287 4154 1494 4229 [otius-merita
1514 4149 1759 4225 retequeretdt'·

104 4239 241 4306 veritatis:
261 4237 422 4296 meamea
437 4239 603 4295 infructuosa
623 4237 675 4295 icit
693 4239 903 4312 supplicantium
958 4245 1194 4301 consopiendam
1220 4244 1332 4302 oncino
1355 4258 1390 4301 ne
1413 4244 1493 4300 lieret
1516 4242 1623 4298 irritum
1642 4240 1762 4298 etthim

104 4329 303 4402 importunitas,
316 4328 365 4384 sed
380 4329 506 4384 esandts
516 4327 596 4384 estin
608 4334 904 4399 tenporeoppmtunc.-
958 4331 1053 4401 Patris,
1073 4346 1112 4389 ns
1124 4332 1306 4391 semestrua
1318 4341 1347 4390 et
1361 4331 1461 4390 eiiicar·
1476 4328 1762 4405 qnalibet-osorem

141 4421 186 4475 it).
202 4418 282 4474 torte
294 4419 375 4473 enim
388 4416 624 4488 interpellantibus
647 4417 701 4473 tale
726 4417 836 4474 dimm-
853 4419 903 4475 de·
958 4430 1149 4479 cremaretur:
1167 4423 1283 4490 Parcite,
1298 4436 1402 4493 quasa,
1418 4422 1455 4476 ait
1470 4423 1535 4486 Pax,
1550 4416 1763 4491 pamuerarbis

103 4508 179 4563 disse
196 4520 374 4578 responsum:
392 4498 539 4579 llsqnequo
549 4506 905 4578 precesrestraei-ltebitor
957 4510 1123 4582 huiusmodi.
1139 4511 1199 4567 Non
1213 4524 1264 4568 nos
1276 4511 1344 4567 talis¹
1355 4509 1500 4568 altercatio
1509 4509 1602 4565 decet:
1623 4506 1761 4563 abentem

104 4611 164 4651 sum
184 4603 214 4652 et
226 4593 367 4651 semribus
385 4594 493 4662 vestrm
511 4610 586 4668 qaas·
602 4595 737 4652 accinetae
753 4595 906 4670 ridetislad
958 4607 1002 4657 est
1013 4600 1161 4657 intonasse·
1169 4601 1319 4658 melantio.

103 4683 259 4741 laciendum
271 4683 416 4740 mediomm
431 4683 459 4739 in
474 4684 647 4750 nadenibum
661 4684 773 4756 iustitiae
786 4694 815 4741 et
833 4687 905 4742 veri·
994 4690 1038 4743 itt
1054 4691 1140 4745 Porro
1159 4688 1254 4746 tuder
1269 4688 1460 4755 inclinaness,
1476 4685 1565 4761 digito
1577 4682 1715 4740 ssfibebat
1724 4682 1763 4738 ist

103 4773 164 4831 tati.
180 4765 330 4835 Vocantur,
344 4773 466 4837 saniant,
480 4779 608 4844 et-snper
623 4774 674 4829 boc
692 4775 785 4831 verbo
803 4775 905 4846 pariter
958 4786 1041 4833 terra.
1057 4777 1140 4832 Ειιιιιι
1154 4785 1245 4833 autem
1263 4776 1348 4834 rerba
1363 4777 1520 4848 sumptura,
1537 4782 1598 4846 quta
1620 4770 1763 4842 remissa

103 4861 290 4918 meteremus
315 4860 454 4916 Festinant
475 4860 650 4933 erqatlegati
670 4862 807 4925 celestes,-
832 4870 907 4920 et-ut
957 4865 1025 4938 legit
1044 4865 1333 4923 inzamibasomnium
1346 4865 1390 4940 (ea
1405 4864 1538 4937 siquidem
1552 4860 1676 4935 propias*
1689 4859 1761 4916 amia

102 4949 234 5005 viderunt
246 4950 391 5009 miseriam·
399 4950 583 5008 hominumet
597 4950 736 5008 crudelem
745 4951 864 5025 plegem,
874 4962 906 5009 ut
958 4954 1066 5026 deberi:
1082 4955 1147 5011 llaec
1159 4955 1240 5023 dicit,⁴
1251 4955 1331 5020 Perii,
1347 4954 1370 5011 si
1395 4954 1485 5010 idam
1495 4966 1551 5008 non
1561 4949 1763 5016 moriam-et

104 5035 237 5110 propbeta
249 5038 377 5110 loquitur,
397 5041 903 5114 lapelipuelsamerellelurelllsor'a
957 5043 1016 5100 llaec
1038 5043 1116 5102 dicit:
1131 5041 1228 5101 m
1243 5044 1324 5113 Perii,
1349 5039 1634 5098 memsamcordtm
1658 5048 1758 5094 conse·

105 5140 209 5193 axam,
224 5126 262 5197 t).
279 5126 334 5196 Qui
345 5128 419 5184 enim
433 5128 540 5186 fidelius
552 5137 709 5201 maerorem
718 5137 907 5204 introgarent
956 5140 1065 5205 quatur.
1080 5133 1140 5189 Fiat
1153 5144 1227 5190 mors
1236 5135 1323 5199 bona,
1338 5132 1587 5201 eubabetutraqae
1596 5125 1671 5198 quod
1677 5126 1761 5198 petit

105 5215 214 5289 quae-ad
227 5218 327 5288 pacem·
343 5225 415 5284 snut,
439 5233 530 5290 quama
542 5218 639 5291 angeli
652 5219 745 5293 pecisl
770 5219 842 5277 Sana
868 5236 902 5278 er
956 5216 1761 5295 Obstupuereomaeainuerbosupientiaeetleansuomt·

105 5304 303 5363 deliberatione
323 5307 459 5362 communi
479 5307 729 5366 almodis-veritas
740 5308 779 5365 ad
797 5308 905 5366 mmm·
955 5311 1097 5384 poddoais
1110 5313 1212 5385 pariter
1220 5318 1304 5384 atque
1315 5311 1424 5382 judiciis
1434 5307 1570 5382 melem
1581 5302 1761 5362 manllcstmrr

105 5401 191 5451 tutam
208 5394 291 5465 diem,
306 5396 355 5452 sed
368 5395 490 5452 ascendit
508 5399 643 5471 usquead
658 5398 762 5455 rubeas
784 5399 907 5458 necdum·
957 5400 1016 5458 ibit
1029 5401 1136 5458 nullam·
1154 5401 1201 5458 eis
1215 5401 1395 5474 querimoniae
1419 5396 1596 5457 amasiorum
1620 5392 1759 5468 relinquit

107 5481 300 5555 planetariis,
314 5485 364 5543 sed
387 5485 554 5545 subobscura
577 5494 605 5544 ct
629 5486 786 5547 obnubilata
813 5488 903 5548 adbuc
956 5491 1091 5566 siquidem
1111 5489 1171 5549 lieri
1183 5499 1278 5564 posset
1299 5491 1374 5566 quod
1395 5497 1511 5563 utraque
1532 5484 1656 5560 petebat,
1670 5489 1714 5541 ω’
1728 5490 1760 5541 ⁶⁸
