3734 5948
157 193 214 256 hii.
637 196 663 254 S.
682 194 850 258 satutant
863 195 1001 256 tuentis
1015 192 1334 256 atalia-vatuottsls
1752 198 1807 261 544

192 322 321 380 2.Nemo
337 325 442 381 sanein
470 324 520 379 hac
535 321 635 379 misera
649 322 702 381 vita
728 321 865 395 geminam
880 324 951 382 hauc
965 337 989 417 Α
1005 321 1042 380 vit
1057 320 1179 394 (ll'lteg.
1198 335 1236 389 ιι,
1253 320 1309 391 tl).
1335 320 1410 394 Ignis
1438 328 1488 390 est,
1503 320 1550 395 qui
1574 338 1683 396 semper
1706 325 1807 383 ardore

155 412 326 469 vexationem
343 430 372 468 sc
388 413 507 468 evadere
523 411 662 483 glorietur.
688 413 774 469 Nemo
795 413 896 486 quippe
916 428 951 467 ex
1006 410 1161 484 praecipitur
1170 409 1199 465 in
1213 408 1294 466 altari
1321 409 1424 482 (lenit.
1442 425 1479 479 rr,
1506 411 1562 483 12).
1578 411 1678 470 Oleum
1693 419 1750 483 cst,
1769 416 1806 472 ob

156 501 282 557 omnihus
295 500 358 556 liliis
372 500 440 557 aaa
455 500 513 557 sine
529 502 621 558 labore
635 500 681 557 hic
696 499 773 569 vivit,
797 501 951 558 nemesius
1004 501 1083 571 cujus
1102 499 1222 571 inopiam
1249 497 1402 571 virginibus
1428 498 1510 557 fatuis
1537 501 1638 559 ostium
1668 502 1807 559 clauditur

156 588 261 646 dolore.
276 591 323 648 list
336 590 382 661 qui
396 589 514 647 declinat
541 591 656 661 aliquos,
675 590 724 647 scd
748 590 843 646 incidit
856 590 951 662 procul
1004 591 1158 661 nuptiarum
1173 588 1283 662 (ldottlt.
1309 604 1370 657 xxv,
1387 588 1444 658 la).
1461 588 1508 643 Sal
1521 596 1573 655 est,
1594 588 1667 662 quod
1682 592 1750 651 nulli
1765 608 1806 648 sa-

155 679 238 737 duhio
253 679 279 735 in
297 681 444 754 graviores.
462 684 495 738 ln
512 679 718 752 lahorainquit,
731 680 878 737 hominum
893 699 952 739 nore
1004 678 1108 735 orificio
1126 679 1218 734 deesse
1240 677 1348 748 jubetur
1366 676 1462 748 (lenit
1478 693 1508 743 tt,
1525 676 1580 747 ta).
1595 677 1662 735 Inde
1676 681 1805 753 estquod

154 776 234 839 eunt,
250 774 279 828 et
293 769 526 828 cumlmminidus
537 785 595 826 nom
604 768 952 841 [inpeticiuntnrhonta-
1004 766 1121 824 insulsos
1147 767 1272 823 homines
1300 765 1427 832 dicimus,
1441 779 1511 837 quos
1536 766 1649 841 intelligi
1678 768 1805 828 volumus

155 876 219 916 men
234 859 366 916 continuo
379 856 491 915 1088
511 858 571 915 sine
586 858 679 914 labore
693 866 766 924 sunt,
777 865 824 914 aut
838 857 950 915 minime
1005 857 1115 912 minime
1131 855 1278 927 sapientes.
1298 856 1330 910 Et
1353 853 1486 912 Dominus
1500 855 1538 910 sal
1563 853 1590 910 in
1609 855 1689 912 nobis
1704 859 1805 915 hahere

153 949 332 1023 lingellantur.
348 948 469 1021 Denique
481 953 643 1023 propterca,
664 947 761 1021 inquit,
791 951 883 1006 tenuit
907 963 951 1006 eos
1004 946 1127 1019 praecipit
1155 946 1311 1016 (llorc.1x,
1333 944 1388 1014 49).
1406 942 1557 1014 Apostolus
1570 959 1678 1017 quoqne
1697 961 1806 1004 omnem

153 1039 297 1112 sapentia.
311 1037 407 1094 Gravis
420 1037 644 1110 equidemlabor.
659 1038 755 1109 Operti
765 1041 833 1094 sent
845 1038 952 1111 iniqui-
1004 1043 1128 1090 nostrum
1157 1048 1310 1090 sermonem
1332 1031 1386 1089 sals
1409 1040 1500 1089 monet
1513 1048 1573 1090 csse
1587 1033 1726 1092 conditum
1742 1036 1807 1108 (Co-

155 1132 214 1186 tote
228 1132 256 1184 et
270 1128 421 1200 impietate
434 1144 487 1183 suo
512 1127 599 1198 (Paul.
616 1143 700 1192 uxxrr,
717 1129 744 1193 ti,
760 1126 798 1198 6).
815 1125 952 1183 Gravihus
1007 1125 1071 1182 loss.
1084 1136 1122 1181 lv.
1138 1122 1177 1194 6).

154 1217 232 1288 plane
243 1215 367 1291 flagellis,
383 1215 516 1290 siquidem
530 1221 639 1274 nonest
648 1216 770 1289 pondere
784 1217 891 1288 impiis,
905 1214 952 1272 di·
1042 1216 1069 1268 5.
1097 1213 1165 1270 Puto
1191 1218 1279 1268 tamon
1293 1211 1363 1268 hanc
1377 1210 1474 1284 ipsam,
1502 1227 1584 1282 quam
1603 1211 1764 1272 obedientiae
1778 1222 1806 1271 et

153 1308 194 1365 cit
207 1308 343 1364 Dominus
367 1307 445 1376 (lsai.
456 1322 523 1373 uvir,
540 1305 597 1377 21).
613 1305 693 1376 Quod
708 1304 781 1361 enim
805 1320 857 1362 nec
872 1305 951 1361 labo·
1006 1301 1141 1376 patientie
1156 1301 1261 1357 tertiam
1277 1299 1340 1356 addi
1366 1301 1502 1367 volumus,
1523 1300 1684 1371 sapientiam
1703 1302 1805 1360 nihilo·

153 1396 191 1452 ris
218 1395 385 1452 anxietatem
405 1411 454 1452 uec
476 1395 577 1467 flagelli
596 1394 715 1450 sentiunt
730 1394 878 1465 laesionam,
894 1394 953 1465 ipsa
1006 1391 1095 1450 minus
1121 1391 1253 1462 triplicem
1278 1389 1403 1459 inveniri,
1432 1397 1462 1446 ut
1489 1396 1613 1447 nostrum
1641 1391 1693 1448 hoc
1711 1393 1804 1450 condi·

151 1485 206 1554 jam
229 1482 422 1540 insensibilitas
449 1485 646 1541 vehementiam
675 1482 775 1539 indicat
801 1483 968 1554 passionis„
1006 1489 1126 1537 mentum
1148 1481 1222 1539 velut
1249 1479 1334 1536 trihus
1348 1479 1511 1550 quibusdam
1525 1478 1619 1537 herbis
1631 1479 1803 1538 conficiatur.

153 1574 238 1631 Sudat
252 1576 389 1646 pauperia
404 1589 488 1644 opere
507 1573 573 1630 loris
590 1591 596 1631 :
612 1574 660 1629 sed
669 1572 791 1646 nunquid
800 1572 890 1630 minus
904 1589 953 1628 an·
1006 1569 1084 1643 Opus
1099 1577 1139 1624 cst
1161 1568 1236 1624 enim
1255 1575 1284 1625 ut
1297 1567 1403 1637 justitia
1418 1568 1453 1624 sit
1468 1568 1496 1624 in
1511 1568 1666 1636 intentione,
1683 1570 1805 1628 hilaritas

152 1667 196 1721 xie
211 1665 288 1720 dives
302 1663 413 1719 intusin
424 1663 483 1735 ipsa
498 1679 547 1720 sua
560 1663 725 1735 cogitatione
741 1663 863 1720 laborat?
882 1664 951 1732 dpe-
968 1622 991 1699 Β
1006 1659 1034 1716 in
1059 1659 1257 1732 operationes,
1278 1657 1417 1713 humilitas
1444 1658 1472 1713 in
1487 1658 1665 1730 reputatione.
1682 1658 1804 1732 insipida

152 1754 186 1809 rit
201 1753 251 1808 iste
266 1767 297 1809 os
313 1767 392 1807 snum
408 1751 435 1807 in
445 1749 620 1817 oscitatione;
636 1752 721 1822 aperit
735 1751 781 1807 illc
796 1750 824 1806 in
847 1762 951 1806 cructa-
1004 1764 1122 1820 namque
1149 1748 1206 1804 Deo
1233 1753 1261 1802 et
1283 1746 1384 1802 insulsa
1398 1746 1515 1818 quodam
1530 1746 1612 1803 modo
1626 1754 1721 1805 nostra
1734 1749 1804 1805 obs-

154 1841 244 1912 tionc3
270 1847 297 1897 et
312 1840 448 1896 interdum
463 1840 508 1895 illa
526 1841 638 1915 gravius
661 1839 783 1911 fastidio,
804 1856 886 1912 quam
900 1839 950 1896 istc
1003 1837 1115 1906 dientia,
1136 1852 1184 1893 seu
1220 1835 1303 1892 etiam
1316 1834 1444 1906 patientia
1468 1841 1519 1901 est,
1534 1835 1586 1892 nisi
1601 1837 1723 1894 omnium
1741 1854 1804 1911 qnae

152 1930 242 1986 inedia
252 1930 399 1990 cruciatur.
411 1929 549 1987 Postremo
570 1930 663 1999 velint,
684 1929 781 1997 nolint,
802 1944 855 1985 non
871 1930 949 1987 modo
1002 1927 1045 1986 rel
1061 1926 1178 2000 aginam,
1196 1925 1236 1984 vel
1252 1924 1440 1997 patimur,ipse
1450 1924 1484 1981 sit
1494 1940 1591 1991 causa;
1607 1925 1668 1998 quia
1684 1933 1711 1982 et
1724 1928 1804 1999 quid·

152 2020 288 2087 homines,
302 2019 348 2075 sed
369 2019 450 2075 ctiam
464 2019 602 2076 daenones
614 2027 641 2075 et
655 2017 756 2076 iaciunt
770 2026 797 2075 ct
812 2019 950 2091 patiuntur
1003 2016 1069 2091 qnid
1084 2015 1333 2086 lacimusp'ubemur
1347 2014 1436 2071 lacero
1448 2014 1476 2069 in
1489 2013 1605 2087 gloriam
1621 2014 1668 2072 Dei
1685 2025 1734 2095 get
1746 2032 1803 2073 non

152 2108 225 2181 quod
241 2107 408 2176 providentia
422 2124 527 2163 summa
540 2107 684 2178 disposuit.
1004 2108 1027 2162 si
1042 2106 1108 2179 quid
1132 2106 1258 2178 patimur,
1273 2104 1320 2160 scd
1336 2104 1437 2176 siquid
1456 2111 1566 2175 propter
1577 2103 1710 2174 justitiam
1727 2105 1802 2179 pati-

164 2195 169 2203 ’
188 2205 214 2254 3,
231 2196 364 2252 Caeterum
387 2213 439 2254 ncc
465 2197 572 2269 leprosa
587 2196 751 2266 obedientia,
780 2212 829 2253 nec
856 2198 950 2255 canina
1003 2211 1073 2265 mur,
1090 2194 1171 2249 beati.
1188 2194 1300 2266 Oportet
1313 2201 1401 2249 autem
1420 2192 1668 2265 pusillanimitatem
1695 2209 1804 2269 quoque

153 2285 280 2356 patientia
293 2288 504 2344 commendatur.
518 2286 583 2345 lnde
597 2295 638 2343 est
655 2287 728 2358 quod
747 2303 804 2343 non
819 2288 951 2361 simplici·
1004 2295 1031 2341 et
1046 2283 1179 2341 tristitiam
1196 2281 1224 2339 in
1242 2281 1369 2340 omnibus
1389 2297 1450 2355 quae
1473 2280 1577 2353 agenda
1591 2291 1654 2338 sunt
1666 2283 1709 2338 vel
1733 2280 1803 2340 tole·

154 2380 195 2430 ter
210 2372 328 2446 petimus
341 2383 372 2430 ιιι
384 2373 431 2429 fiat
448 2376 573 2432 voluntas
587 2377 705 2443 Domini,
721 2393 803 2449 quam
818 2377 846 2433 in
862 2377 951 2433 omni·
1005 2373 1088 2429 rands
1116 2371 1226 2441 caveri;
1256 2372 1318 2445 quia
1344 2371 1458 2427 hilarem
1482 2370 1604 2428 datorem
1622 2370 1712 2444 diligit
1731 2372 1804 2428 Deus

154 2459 207 2515 bns
225 2467 252 2514 et
266 2475 314 2529 per
328 2460 417 2514 «amnia
431 2461 491 2515 lieri
505 2460 654 2517 certissime
675 2471 780 2520 consmt
797 2482 803 2519 :
820 2462 950 2521 voluntati
1005 2464 1045 2533 (ll
1058 2463 1119 2519 Cor.
1134 2474 1172 2531 ιι,
1193 2463 1233 2533 ι).
1248 2460 1371 2531 Denique
1385 2459 1506 2515 hilaritas
1528 2461 1586 2533 ipsa
1599 2468 1626 2516 et
1640 2461 1738 2517 devote
1752 2476 1803 2520 vo-

154 2547 304 2617 enimcjus
319 2546 379 2618 quis
394 2546 514 2606 resistit?
534 2548 583 2604 scd
597 2547 684 2604 utliat
699 2552 772 2607 sicut
786 2553 818 2608 ire
840 2553 907 2609 coelo
924 2556 952 2611 et
1004 2550 1094 2608 luntas
1121 2550 1155 2606 ad
1184 2565 1243 2606 eam
1272 2564 1356 2621 quarn
1378 2564 1458 2621 supra
1487 2548 1602 2605 diximus
1629 2551 1804 2623 praeparatio·

156 2639 188 2694 in
204 2637 388 2705 tammonem
398 2635 528 2691 nimirum
541 2637 722 2706 adjectionem
732 2640 836 2696 duabus
845 2655 953 2713 quoque
1005 2657 1066 2697 nem
1081 2639 1234 2711 specialiter
1249 2639 1369 2695 noscitur
1382 2639 1535 2710 pertinere.
1555 2640 1640 2696 Porro
1655 2640 1803 2697 elationem

155 2726 368 2797 praecadentibus
396 2724 571 2796 petitionibus
593 2726 768 2784 nihilominus
782 2744 843 2784 reor
857 2737 952 2799 aptan·
1005 2729 1195 2801 superomnia
1222 2729 1316 2801 lugere
1330 2744 1440 2785 necesso
1454 2734 1504 2785 est.
1529 2728 1656 2800 Quisquis
1679 2729 1749 2785 enim
1768 2729 1805 2786 al·
1825 2791 1829 2800 Δ

155 2816 226 2883 dam,
239 2824 268 2872 ut
281 2815 388 2871 Patrem
404 2825 527 2870 nostrum
543 2815 590 2889 qni
605 2816 633 2870 in
647 2816 724 2875 coelis
742 2827 784 2874 cst
797 2834 953 2889 exoremus,
1007 2829 1063 2875 tum
1082 2819 1162 2889 sapit,
1177 2824 1204 2876 et
1218 2833 1286 2889 opus
1299 2805 1368 2887 ojus,
1384 2824 1413 2874 et
1428 2816 1556 2889 patientia
1571 2832 1668 2874 vanum
1685 2816 1805 2875 1089

155 2915 290 2976 quatenus
319 2912 347 2960 ct
362 2918 460 2960 nomen
485 2907 545 2975 ejus
571 2904 766 2974 sanctificetur,
789 2916 816 2964 et
839 2925 952 2981 regnum
968 2904 990 2983 t
1004 2908 1075 2980 sapit
1090 2925 1098 2961 ι
1114 2923 1165 2964 nec
1180 2907 1289 2980 gravior
1299 2905 1370 2963 ullus
1384 2920 1475 2975 sapor,
1490 2913 1537 2962 aut
1550 2905 1640 2978 magis
1652 2907 1805 2965 contrarius

157 2994 219 3063 ejus
231 2993 364 3063 adveniat,
385 3002 412 3050 ct
430 2993 552 3051 voluntas
571 2992 616 3050 liat
643 2994 755 3065 (llottlt.
781 3011 819 3058 vt,
839 3001 866 3062 9,
895 2997 950 3069 lt).
1005 3003 1047 3052 est
1074 2995 1190 3054 veritati.
1220 2993 1337 3050 Videsne
1351 3010 1432 3066 quam
1446 2994 1481 3049 sit
1494 2994 1559 3050 utile
1573 2985 1677 3050 homini
1690 2994 1806 3052 scirese

156 3082 320 3139 llaecomnia
335 3084 586 3151 masticonensis
596 3085 665 3140 etin
675 3085 895 3159 terrmllioquin
906 3084 952 3140 ubi
1006 3083 1157 3156 hominem,
1186 3090 1215 3139 nt
1238 3082 1350 3154 proinde
1368 3082 1404 3137 sit
1430 3090 1540 3153 paratus
1557 3084 1592 3138 ad
1618 3082 1807 3141 mandatorum

156 3187 210 3227 non
223 3171 404 3230 sanctificatur
419 3187 520 3228 nomen
536 3174 616 3243 sius?
627 3172 675 3228 nbi
687 3175 744 3244 jam
764 3190 879 3250 regnum
894 3176 952 3245 ejus
1006 3172 1195 3241 obedientiam,
1210 3181 1238 3228 et
1252 3171 1418 3227 tolerantiam
1432 3170 1604 3245 flagellorum
1615 3186 1665 3228 :ac
1676 3171 1808 3244 deinceps

156 3266 211 3316 non
223 3260 306 3330 vonit,
322 3261 468 3334 quandoin
491 3261 600 3317 nomine
619 3263 684 3319 lesu
706 3277 787 3318 omne
802 3280 871 3334 genn
886 3263 951 3321 ilec-
1006 3263 1114 3318 studeat
1141 3269 1180 3331 ut,
1197 3261 1243 3334 qui
1257 3277 1308 3319 nec
1323 3261 1442 3317 laborem
1458 3261 1567 3317 interim
1578 3268 1666 3333 potest
1680 3260 1807 3338 elingere

157 3348 231 3415 titur,
247 3348 587 3418 coelcstium,terrestrium
597 3355 622 3404 et
635 3349 805 3407 infernorum
814 3352 949 3426 (Philipp.
1005 3367 1056 3407 nec
1070 3349 1200 3416 dolorem,
1220 3348 1258 3405 sic
1282 3350 1377 3406 saltem
1400 3350 1503 3407 laboret
1526 3358 1554 3407 et
1580 3350 1672 3407 doleat
1695 3357 1726 3407 ut
1746 3351 1807 3410 haec

46 3431 48 3435 ’
156 3451 187 3502 ιι,
203 3437 267 3508 tol?
283 3438 343 3494 Scio
359 3440 467 3513 teqeia
483 3455 511 3496 es
527 3439 648 3496 Sanctus
662 3441 721 3507 Dei,
738 3440 869 3496 aitetiam
892 3442 952 3512 ipss
1005 3439 1055 3495 sihi
1070 3440 1098 3496 in
1113 3439 1190 3496 cibos
1209 3446 1346 3495 transeant
1370 3439 1680 3512 salutares?Siquidem
1703 3441 1807 3499 metim

156 3524 292 3596 malignus
311 3525 408 3596 (darc.
432 3540 452 3595 ι,
478 3526 535 3597 il).
551 3529 587 3581 At
603 3527 683 3599 longe
696 3526 774 3582 aliter
788 3534 815 3583 ct
829 3527 951 3585 dissimili
1005 3535 1047 3589 est
1062 3529 1218 3588 obedientie
1245 3546 1328 3602 qaam
1351 3529 1474 3588 victime·
1490 3530 1517 3601 (l
1530 3533 1594 3602 nep.
1611 3545 1654 3599 xv,
1673 3529 1738 3601 22);
1755 3537 1783 3587 et
1798 3548 1806 3586 r

156 3629 269 3686 prorsus
284 3612 427 3671 allectione
450 3628 549 3671 nomen
569 3614 640 3671 istud
655 3613 836 3671 sanctificatur
851 3617 876 3670 in
893 3632 950 3674 coe·
1006 3620 1102 3676 llele'or
1117 3622 1158 3675 est
1168 3621 1284 3691 potiens
1299 3621 1358 3677 uiro
1371 3619 1444 3688 sorti
1458 3621 1550 3690 (Pron.
1566 3619 1689 3690 avait).
1706 3618 1806 3676 lnobe·

156 3702 200 3769 lis,
230 3703 275 3759 nbi
300 3709 353 3760 tam
383 3703 555 3761 inenarrabili
585 3703 756 3775 iucunditate
783 3705 914 3761 clamatur
942 3722 949 3762 ε
1005 3707 1106 3763 dientia
1122 3717 1258 3764 estcansa
1282 3708 1398 3762 mortis:
1415 3722 1511 3763 omnes
1525 3707 1692 3778 experimur,
1709 3722 1806 3764 omnes

131 3790 288 3864 ,Soractem
303 3797 432 3864 sanctus,
447 3797 565 3850 sanctas
590 3793 727 3850 Dominus
744 3795 818 3852 Deus
835 3795 951 3852 reinolt
1004 3796 1136 3854 morimur
1149 3803 1262 3870 propter
1288 3812 1359 3851 enm.
1380 3796 1554 3868 Impatientia
1568 3794 1668 3852 animae
1688 3796 1806 3869 perditio

157 3882 236 3947 (laci.
252 3893 290 3948 vt,
304 3881 343 3952 3).
359 3880 404 3935 Sic
419 3889 446 3936 et
455 3892 552 3954 regnat
562 3897 615 3937 non
628 3880 656 3936 in
667 3890 740 3938 terra
749 3882 950 3952 solum,verum
1006 3894 1055 3956 est,
1070 3886 1176 3942 dicente
1190 3885 1323 3942 Domino:
1342 3888 1373 3941 ln
1385 3887 1531 3958 patientie
1545 3888 1640 3964 vestra
1651 3886 1807 3960 possideti-

158 3968 238 4024 etinm
256 3967 284 4022 in
298 3968 431 4041 gehenna,
452 3969 594 4041 imperium
608 3971 711 4028 hahens
725 3971 786 4028 vitae
800 3978 828 4028 et
844 3973 948 4030 mortis.
1006 3979 1044 4033 tis
1062 3975 1173 4032 animas
1189 3981 1294 4033 vestras
1304 3974 1504 4047 (Lac.xxt,19).
1519 3974 1700 4031 Nihilominus
1714 3984 1806 4032 autom

158 4055 333 4114 Sedomnino
351 4055 522 4114 dissimiliter
535 4068 632 4133 regnat
644 4059 671 4115 in
685 4062 729 4117 his
743 4061 790 4133 qui
803 4061 880 4118 inviti
891 4069 950 4118 ecr'·
1004 4063 1135 4136 sapientia
1150 4079 1267 4135 quoque,
1290 4078 1372 4135 quam
1397 4063 1525 4132 diximus,
1545 4063 1697 4121 necessaria
1711 4071 1752 4120 est
1771 4064 1805 4119 ad

157 4146 242 4214 viunt,
258 4152 285 4203 et
298 4145 344 4219 qni
355 4146 502 4203 voluntarie
517 4146 695 4205 famulantur.
963 4189 987 4266 n
1003 4153 1126 4210 salutem.
1144 4152 1281 4225 Siquidem
1296 4167 1348 4210 non
1363 4152 1452 4209 solum
1466 4159 1579 4225 propter
1597 4151 1806 4208 inobedientiam

192 4239 219 4293 t.
234 4237 325 4291 Bonus
343 4234 420 4293 cibus
443 4235 607 4301 obedientia,
638 4236 672 4294 ds
700 4253 754 4309 que
779 4235 907 4294 nimirum
923 4245 950 4296 et
1007 4239 1275 4316 quihusobedientis
1301 4240 1395 4314 detuit,
1420 4248 1465 4298 aut
1486 4249 1597 4314 propter
1610 4241 1807 4313 impatientiam

157 4324 217 4398 ipse
227 4323 360 4381 Dominus
371 4324 424 4383 ait:
440 4325 600 4384 ltcuecilms
614 4329 696 4383 estut
709 4326 955 4398 fociomoolunto·
1008 4332 1055 4405 qni
1071 4330 1198 4402 patientia
1214 4336 1378 4400 caruerunt;
1403 4331 1451 4387 scd
1465 4337 1492 4386 et
1519 4330 1565 4403 qni
1580 4344 1634 4386 non
1655 4329 1808 4386 habuerunt

158 4416 215 4471 tem
239 4415 336 4470 Patris
351 4416 407 4472 mei
421 4413 515 4486 (loon.
530 4429 569 4485 rv,
585 4414 642 4485 all.
658 4415 693 4471 Et
707 4415 858 4487 Propheta:
871 4418 954 4476 ento-
1008 4420 1181 4491 sapientiam,
1198 4429 1307 4492 proptor
1321 4436 1398 4478 suam
1413 4419 1593 4490 insipientiam
1609 4417 1756 4490 perierunt.

156 4521 211 4566 res,
223 4504 392 4571 altmonam
402 4503 785 4579 tucrumqaiomanducobis
793 4505 905 4573 meotes
916 4523 952 4572 cs,
1044 4514 1071 4566 6.
1083 4510 1116 4566 Ει
1126 4509 1185 4566 haec
1197 4509 1307 4582 quidem
1318 4519 1347 4566 ut
1361 4510 1446 4566 sciant
1460 4509 1584 4566 homines
1598 4507 1729 4581 quoniam
1751 4509 1806 4566 lvo-

155 4599 186 4650 ct
201 4593 268 4651 tene
282 4591 336 4650 tihi
344 4596 400 4652 erit
414 4593 503 4664 (Psoi.
527 4609 630 4663 cxxvii,
647 4594 685 4667 2).
708 4594 797 4649 Bonus
814 4593 892 4650 cibus
907 4612 953 4667 pa·
1008 4600 1177 4662 minessunt,
1189 4599 1340 4657 actionibus
1352 4602 1408 4670 jnm
1430 4609 1457 4656 st
1478 4599 1651 4671 passionibus
1665 4598 1805 4672 deputati·,

158 4682 252 4738 tientia
265 4698 423 4753 pauperum,
447 4698 507 4755 quoe
521 4697 575 4738 non
595 4682 694 4756 peribit
712 4682 740 4739 in
764 4681 854 4750 linem,
874 4685 955 4757 panis
1008 4701 1065 4748 erat
1079 4689 1187 4762 quando
1204 4687 1348 4746 iunctione
1374 4696 1401 4745 et
1424 4688 1598 4747 meditatione
1624 4688 1727 4761 positus
1749 4696 1808 4747 erat

156 4770 348 4841 lacrymarum,
377 4771 454 4842 panis
481 4770 591 4828 doloris.
624 4772 814 4830 Vemmtamen
842 4772 952 4846 utrique
1008 4781 1101 4846 horno,
1113 4778 1172 4835 sine
1192 4779 1317 4850 passione
1330 4779 1433 4835 habens
1446 4779 1591 4848 actionem,
1605 4778 1710 4834 habeus
1723 4777 1806 4835 etiam

158 4860 340 4917 necessarium
354 4868 398 4917 est
410 4860 622 4927 condimentum,
638 4859 696 4917 sine
710 4876 764 4933 qno
778 4869 893 4934 uterque
910 4862 953 4918 in·
1007 4867 1067 4924 sine
1082 4868 1174 4926 lahore
1191 4867 1399 4928 meditationem.
1412 4867 1479 4925 Dico
1498 4873 1587 4924 antem
1609 4864 1719 4939 qnando
1733 4867 1807 4937 posi·

157 4948 263 5022 sipidns
277 4964 331 5006 non
345 4950 427 5007 modo
441 4964 496 5007 non
512 4948 627 5017 reficiat,
655 4949 702 5006 sed
722 4957 846 5024 gustatus
860 4949 956 5007 alterat
1008 4966 1052 5014 tus
1079 4964 1120 5013 cst
1148 4957 1175 5013 in
1204 4957 1370 5030 paradisum,
1386 4964 1416 5014 ut
1438 4963 1596 5029 operaretur
1605 4963 1633 5012 et
1645 4953 1805 5013 custodiret,

158 5044 284 5093 mortem.
298 5038 466 5096 Dnriesimus
480 5038 606 5112 equidem
616 5037 693 5097 cibus
705 5047 830 5113 uterque,
844 5037 953 5108 iratres,
1008 5047 1107 5104 Verum
1121 5045 1186 5105 hinc
1214 5063 1321 5122 quaque
1335 5047 1359 5103 si
1385 5062 1438 5104 non
1453 5045 1570 5116 caderet,
1590 5052 1647 5102 erat
1662 5043 1807 5118 aliquando

157 5133 185 5182 ct
209 5125 263 5183 nisi
282 5125 393 5198 aliquod
403 5128 510 5186 tertium
521 5129 676 5202 saporabile
684 5137 847 5202 apponatur,
863 5129 955 5203 utiquc
1008 5137 1260 5211 promovendus,ut
1272 5139 1329 5195 sola
1340 5137 1396 5207 jam
1412 5136 1548 5193 frueretur
1560 5133 1805 5208 contemplatione:

159 5214 797 5292 nrorsinolla.Quidrerolamsaporabileqnam
805 5218 955 5292 sapientiai
1008 5228 1080 5284 sicut
1102 5236 1130 5283 et
1155 5244 1188 5283 ex
1209 5227 1261 5283 hoc
1283 5224 1402 5282 interiori
1417 5225 1514 5298 gradu,
1530 5240 1610 5298 qnem
1624 5223 1705 5281 modo
1719 5225 1806 5291 tenet,

158 5305 264 5377 Nempe
277 5304 379 5379 lituum
393 5305 523 5375 viimi,
537 5307 611 5380 ΨΜ
625 5316 652 5366 ti
669 5309 743 5382 illiti
757 5322 842 5383 tutta
855 5309 955 5366 Meroth
1009 5316 1218 5389 nisiresurgere
1242 5313 1397 5390 atagartin
1425 5312 1546 5371 infimum
1574 5320 1615 5372 est
1641 5311 1807 5388 quaudoque

160 5410 211 5466 par
224 5396 335 5468 lloysen
349 5394 500 5453 dulcoravit
510 5398 611 5469 (aare.
626 5413 676 5469 xv,
690 5397 748 5471 25).
763 5397 891 5457 Farinuls
903 5406 954 5471 est,
1005 5421 1140 5464 casurum
1156 5403 1280 5464 videlieet
1289 5411 1319 5461 nt
1332 5402 1360 5462 in
1374 5404 1432 5461 sola
1448 5405 1506 5478 jan
1524 5402 1652 5478 passione
1672 5409 1806 5475 vendor,

161 5498 223 5554 quie
237 5484 403 5556 pulmentum
417 5485 612 5559 prophetarum
631 5503 682 5561 per
704 5487 831 5545 Rhenum
846 5502 956 5563 sapora·
1010 5495 1086 5567 qnod
1112 5509 1162 5553 osc
1189 5508 1261 5567 opus
1292 5492 1379 5561 ratio,
1406 5493 1454 5552 ssd
1479 5499 1584 5553 ιιιιιιιιι
1617 5490 1707 5567 passio
1734 5488 1808 5565 apud
