3734 5948
102 225 137 284 aa
574 217 791 279 sesamum
812 189 1282 282 uuaxdsuumnmaunusrs'

1701 196 1754 282 roo

103 358 130 405 et
148 350 199 405 hoc
219 363 302 404 uuum
326 346 387 414 tria,
410 360 465 401 nou
484 344 642 402 confusione
666 344 834 410 substantiae,
849 345 900 401 sed
916 364 941 444 Ι
958 346 1001 402 lrae
1014 344 1075 402 duae
1089 345 1196 417 species
1208 345 1237 400 in
1256 353 1334 403 utero
1351 326 1481 418 Virginis,
1496 328 1625 418 tanquam
1638 330 1669 401 iu
1680 331 1754 401 nior·

101 437 204 493 unitate
222 450 358 508 personae.
381 435 446 490 Haec
460 442 501 492 est
523 435 611 505 prima
632 442 660 489 ει
680 433 899 504 superexcellens

101 526 231 597 mistura3
254 533 283 580 et
305 526 363 580 haee
383 524 469 596 prima
492 523 563 579 inter
586 529 651 577 tres.
676 522 795 578 ndrerte
818 523 899 580 horno

101 614 258 688 quialimus
279 629 318 681 es,
335 620 363 668 et
384 629 438 669 non
458 612 495 667 sis
512 612 658 681 superhus;
674 611 736 682 quia
755 611 812 667 Deo
831 628 898 667 con-

91 706 210 774 ¹junctus
223 718 264 772 es,
281 709 309 757 et
324 717 379 757 non
395 702 432 757 sis
445 701 578 772 ingratus.

138 795 164 846 9.
190 790 316 847 Secunda
341 790 453 845 mistura
474 796 526 852 εει,
543 786 624 860 Virgo
649 792 676 842 et
696 794 793 855 mater,
808 788 898 844 admi-

103 879 195 936 rabilis
209 879 291 952 plane
306 885 334 934 et
348 875 501 948 singularis.
512 877 535 929 Α
546 875 644 931 saeculo
655 891 709 931 uon
725 885 767 932 est
780 878 900 932 auditum

102 969 176 1042 quod
190 969 267 1040 virgo
279 976 351 1023 esset
365 981 425 1037 quae
435 964 553 1035 peperit,
565 965 637 1036 quod
652 973 740 1021 mater
754 976 825 1022 esset
840 983 901 1038 quae

101 1057 177 1131 virgo
205 1055 365 1128 permansit.
388 1055 533 1125 Nunquam
557 1055 634 1123 juxta
663 1069 753 1109 rerum
777 1055 899 1111 ordinem

101 1135 244 1220 virginitas
259 1150 313 1207 est,
328 1143 375 1198 ubi
396 1142 548 1198 fecunditas
567 1141 738 1213 praedicatur,
753 1159 788 1198 ne
803 1142 900 1200 fecun-

102 1234 183 1302 ditas,
203 1232 249 1287 ubi
269 1231 409 1304 virginitas
426 1231 532 1302 integra
552 1239 738 1287 conservatur.
761 1231 824 1287 Sola
843 1233 901 1289 lraec

101 1329 153 1391 est,
170 1321 198 1376 in
213 1338 267 1392 qna
281 1320 424 1394 uirginitas
439 1328 466 1375 ει
480 1319 633 1375 fecunditas
646 1320 822 1376 obviaverunt
837 1321 900 1376 sibi.

100 1410 143 1467 Ibi
156 1409 243 1466 semel
267 1407 366 1465 laetum
391 1408 521 1480 estquod
544 1406 645 1464 factum
665 1424 720 1464 non
735 1407 833 1477 fuerat,
850 1425 902 1467 neo

100 1496 148 1573 fiet
163 1497 191 1554 iu
205 1504 348 1563 aeteruum,
364 1497 427 1568 quia
449 1513 500 1553 nec
514 1496 628 1569 primam
647 1496 761 1554 similem
775 1498 833 1555 visa
847 1504 900 1564 εει,

101 1603 153 1644 nec
167 1587 271 1642 hahere
288 1593 460 1658 sequentem.
484 1585 576 1642 Tertia
596 1593 638 1643 est
657 1584 725 1642 fides
740 1594 768 1642 et
782 1603 829 1643 cor
848 1589 901 1643 hu·

101 1692 232 1744 manum,
247 1684 275 1731 ει
289 1675 347 1731 haec
366 1673 478 1746 quidem
497 1674 584 1745 prima
601 1684 630 1731 et
643 1675 760 1731 fecunda
778 1675 899 1749 inferior,

956 435 1051 492 teriolo
1066 453 1072 492 :
1090 441 1184 492 sancto
1205 434 1316 507 Spiritu,
1332 443 1461 507 tanquam
1480 434 1591 506 pistillo,
1607 432 1667 488 illas
1686 449 1752 489 sua-

955 524 1025 579 viter
1044 523 1248 604 commiscente.
1272 523 1326 579 Sed
1340 524 1403 595 quia
1425 523 1553 594 indignus
1567 538 1629 580 eras
1642 522 1685 578 cui
1699 523 1751 578 do-

954 620 1075 683 naretur,
1096 612 1188 669 datum
1212 618 1253 668 est
1272 612 1373 678 llariae,
1393 619 1424 668 ut
1446 628 1496 682 per
1518 610 1591 667 illam
1610 611 1752 684 acciperes

954 701 1085 773 quidquid
1108 701 1247 758 haberes:
1263 717 1323 773 quae
1347 716 1396 771 per
1418 701 1470 756 hoc
1491 699 1565 773 quod
1588 709 1676 756 mater
1699 709 1751 766 εει,

954 789 1049 864 genuit
1061 787 1144 846 165
1161 789 1209 844 tihi
1228 789 1315 845 Deum
1333 805 1405 860 :per
1427 790 1480 845 hoc
1501 788 1575 860 quod
1598 789 1674 860 virgo
1699 796 1751 855 cst,

955 878 1081 934 exaudita
1095 884 1137 934 est
1154 894 1204 948 pro
1219 876 1374 934 reverentia
1391 892 1439 934 sua
1462 878 1490 932 iu
1512 893 1593 933 causa
1608 887 1652 933 tua
1666 888 1694 933 ει
1710 884 1752 933 to-

955 966 1009 1022 tius
1022 965 1133 1038 generis
1147 967 1268 1021 hnmani.
1285 966 1312 1022 Si
1327 965 1385 1021 solo
1406 973 1494 1022 mater
1516 973 1599 1032 esset,
1616 965 1754 1023 sufficeret

955 1055 981 1110 ei
996 1062 1024 1110 ut
1039 1054 1191 1111 salvaretur
1206 1071 1256 1127 per
1275 1054 1393 1110 filiorum
1411 1054 1617 1127 generationem
1634 1073 1641 1111 r
1657 1055 1678 1110 si
1694 1055 1752 1112 sola

954 1145 1043 1217 virgo,
1056 1143 1193 1199 sufficeret
1207 1143 1276 1210 sibi3
1292 1159 1343 1200 nec
1357 1142 1518 1200 benedictus
1532 1143 1634 1200 fructus
1648 1145 1752 1200 ventris

956 1223 1025 1303 ejus,
1040 1231 1134 1287 mundi
1153 1231 1272 1304 pretium
1295 1240 1378 1289 esset.
1402 1231 1469 1287 Cum
1494 1247 1560 1307 ergo
1574 1232 1602 1287 in
1618 1232 1704 1304 prima
1719 1231 1753 1287 sit

955 1319 1115 1389 remedium,
1136 1319 1165 1375 in
1188 1321 1313 1382 secunda⁴
1329 1319 1494 1390 adjutorium
1516 1328 1573 1388 est;
1597 1321 1660 1393 qnia
1683 1320 1752 1377 nihil

955 1425 1006 1467 nos
1021 1410 1094 1465 Deus
1108 1408 1209 1465 habere
1223 1409 1318 1479 voluit,
1329 1408 1401 1480 quod
1416 1425 1466 1478 per
1480 1409 1572 1465 llariae
1585 1424 1681 1464 manus
1695 1425 1750 1465 nou

955 1497 1092 1554 transiret.
1116 1499 1147 1552 ln
1170 1497 1249 1553 tertia
1271 1504 1360 1553 autern
1383 1497 1509 1554 meritum
1533 1505 1585 1569 est,
1602 1497 1665 1570 quia
1689 1492 1751 1555 cum

955 1588 1014 1643 baec
1029 1585 1140 1641 firmiter
1162 1585 1308 1651 credimus,
1323 1585 1379 1655 jam
1403 1586 1530 1641 meritum
1552 1585 1685 1643 habemus
1700 1601 1706 1642 :
1723 1594 1751 1643 et

956 1674 984 1730 in
998 1673 1051 1730 lide
1071 1674 1172 1730 sanitas
1194 1682 1245 1745 est,
1261 1673 1325 1747 qnia
1347 1674 1394 1746 qui
1418 1673 1575 1740 crediderit,
1591 1675 1680 1731 salvus
1699 1674 1751 1732 erit

101 1760 150 1819 s'ed
166 1779 220 1820 non
236 1762 325 1819 minus
341 1763 452 1819 forsitan
467 1761 554 1819 fortis.
568 1763 666 1819 Mirum
680 1764 753 1819 enirn
768 1773 819 1832 est,
831 1782 900 1838 quo·
918 1759 940 1837 Β
957 1765 1052 1837 (lforc.
1066 1779 1126 1830 xvi,
1144 1765 1201 1834 lo).

102 1853 185 1908 modo
195 1867 244 1908 cor
253 1853 400 1908 humanum
410 1852 452 1907 his
466 1851 572 1908 duobus
586 1851 667 1908 fidem
676 1854 900 1925 accommodavit,

1257 1850 1374 1909 senno
1403 1851 1448 1907 IV.

103 1936 239 2014 quomodo
254 1941 329 1997 credi
344 1941 431 2013 potuit
444 1940 517 2013 qued
536 1942 609 1997 Deus
623 1942 705 1997 homo
726 1949 812 2010 esset;
828 1941 901 2014 quod
993 1943 1028 1998 lle
1041 1941 1183 1998 medicine
1194 1941 1281 2006 leve,
1292 1945 1321 1997 ει
1334 1941 1443 1999 deliciis
1457 1940 1583 1998 dextere
1596 1940 1715 2000 Excelsi.

101 2026 181 2103 virgo
209 2029 341 2086 manserit
364 2045 425 2102 quae
452 2029 615 2101 peperisset.
645 2029 723 2086 Sicut
749 2028 851 2087 ferrum
874 2038 903 2087 et
993 2033 1018 2085 l.
1039 2029 1207 2085 Hodiernum
1221 2029 1331 2101 quidem
1353 2045 1509 2087 sermonem
1534 2028 1645 2085 Ordinis
1667 2030 1753 2087 nostri

103 2125 171 2173 testa
183 2118 263 2190 jungi
285 2134 341 2174 uon
367 2124 492 2189 possunt,
508 2119 548 2174 sic
562 2125 589 2175 ει
603 2118 661 2174 haec
684 2119 738 2175 duo
762 2128 903 2190 nequeunt
956 2117 1124 2175 consuetudo
1137 2133 1191 2173 non
1206 2117 1305 2189 exigit3
1321 2117 1370 2173 sed
1384 2118 1502 2175 crastina
1514 2132 1583 2190 opus
1606 2119 1658 2174 erit
1680 2119 1753 2175 circa

103 2205 285 2273 commisceri,
301 2206 324 2262 si
345 2221 401 2263 non
420 2205 532 2263 misceat
551 2206 684 2280 glutinum
709 2207 824 2279 Spiritus
839 2208 900 2264 Dei.
956 2207 1097 2262 missarum
1112 2206 1242 2262 solemnia
1261 2206 1361 2264 diutius
1384 2206 1523 2279 occupari,
1538 2214 1566 2263 ει
1580 2207 1647 2264 hora
1662 2208 1753 2266 brevis

102 2292 214 2366 Ergone
239 2293 407 2351 credendum
424 2304 465 2352 εει
491 2296 563 2367 quod
588 2296 639 2354 iste
652 2297 727 2353 Deus
740 2296 776 2353 sit
790 2295 835 2368 qui
850 2310 901 2370 po·
956 2296 1090 2353 sermonis
1104 2295 1301 2366 longitudinem
1315 2311 1370 2350 nen
1386 2295 1520 2351 admittet.
1536 2296 1682 2369 Propterea
1697 2313 1752 2354 uon

103 2382 178 2439 nit'u'r
191 2382 219 2438 iu
242 2383 387 2456 praesepio,
403 2384 449 2456 qui
473 2384 545 2459 ragit
568 2385 596 2440 iu
610 2385 699 2457 cunis,
714 2386 759 2458 qni
781 2386 902 2442 omnium
957 2386 1006 2440 abs
1030 2400 1059 2440 re
1082 2394 1147 2455 puto
1173 2399 1327 2456 praeparare
1351 2384 1431 2439 hodie
1454 2384 1537 2440 corda
1559 2394 1649 2440 vestra
1671 2394 1752 2442 tantae

101 2469 265 2528 infantilium
290 2473 483 2530 necessitatum
508 2473 624 2544 injurias
643 2474 759 2544 patitur,
784 2474 830 2546 qui
852 2474 903 2528 fla·
957 2472 1131 2539 solemnitati,
1155 2472 1306 2544 praesertim
1329 2488 1390 2528 cum
1414 2472 1449 2528 ait
1476 2471 1683 2545 profundissima
1706 2490 1753 2529 sa·

102 2559 230 2634 pellatur,
245 2560 290 2634 qui
314 2561 484 2634 conspuitur,
500 2563 545 2635 qui
569 2561 746 2634 crucifigitur,
762 2563 810 2634 qni
824 2563 903 2628 poni·
957 2561 1090 2617 crementi
1117 2561 1199 2630 hujus
1219 2568 1247 2616 ει
1270 2560 1551 2634 incomprehensibilis
1577 2561 1700 2628 altitudo,
1725 2572 1753 2620 ει

103 2657 147 2707 tur
167 2650 195 2706 iu
210 2649 347 2722 sepulcro,
362 2660 390 2707 et
408 2650 480 2708 inter
503 2651 572 2707 duos
594 2651 700 2722 lapides
723 2650 901 2722 concluditur,
958 2657 1087 2722 nuquam
1113 2648 1173 2706 lons
1195 2650 1257 2705 vitae
1271 2664 1325 2720 quo
1349 2650 1434 2725 magis
1457 2651 1604 2721 hauriatur,
1619 2666 1652 2707 eo
1665 2651 1753 2724 magis

103 2735 229 2797 e'x‘celsns
243 2746 271 2796 et
285 2739 462 2795 immensus?
478 2739 562 2795 lllaue
576 2740 654 2813 virgo
670 2740 731 2811 erit,
748 2756 808 2812 quae
823 2740 903 2795 lactat
957 2738 1111 2793 exuberans
1125 2752 1263 2810 nunquam
1278 2739 1366 2794 valeat
1389 2737 1534 2794 exhauriri.
1559 2738 1683 2810 Denique
1696 2739 1753 2795 scio

102 2845 228 2901 puerum,
244 2829 288 2884 cni
308 2829 421 2884 maritus
445 2829 589 2884 continuus
613 2844 705 2886 comes
724 2839 776 2898 est,
790 2829 818 2883 in
833 2844 902 2885 con·
957 2825 1184 2897 quemadmodum
1193 2826 1315 2882 abundet
1323 2841 1373 2898 pro
1381 2827 1488 2883 Christo
1498 2825 1635 2883 tribulatio
1645 2835 1752 2884 vestra:

102 2916 185 2986 rivio,
211 2918 237 2972 in
266 2917 404 2986 thalam0;
429 2918 476 2990 qui
499 2917 572 2973 ducit
600 2917 673 2973 illam
697 2917 725 2972 in
743 2918 900 2992 AEgyptnm,
957 2918 986 2969 et
999 2914 1103 2969 utinam
1117 2913 1237 2970 abundet
1255 2924 1281 2970 et
1299 2915 1447 2971 consolatio
1467 2922 1557 2971 vestra
1575 2915 1754 2987 peripsum?

103 3005 208 3064 reducit
218 3006 252 3061 ab
262 3007 390 3080 AEgypto,
401 2998 508 3063 etsolus
517 3005 901 3080 cumsolatamlouginqunm,
957 3003 1025 3058 Nam
1040 3002 1207 3060 mundialem
1221 3003 1332 3076 quidem
1346 3004 1559 3060 consolationem
1568 3003 1753 3063 vobisofferre

101 3094 158 3152 tam
180 3104 315 3152 secretam
332 3094 441 3153 conficit
462 3094 553 3154 viam?
574 3096 716 3166 Quomodo
740 3095 829 3170 potuit
851 3096 903 3153 hoc
958 3109 1009 3151 nec
1032 3093 1109 3164 libet,
1132 3110 1184 3150 uec
1204 3094 1278 3150 lieet.
1299 3092 1366 3149 vilis
1383 3101 1435 3163 est,
1453 3095 1529 3150 etad
1545 3094 1657 3151 nihilum
1681 3094 1753 3151 utilis

102 3185 263 3256 persuaderi
277 3185 374 3260 generi
388 3186 518 3254 humane,
532 3185 660 3243 universo
674 3185 734 3242 orbi
749 3184 903 3242 terrarum?
958 3183 1112 3254 hujusmodi
1131 3183 1303 3240 consolatio:
1321 3193 1358 3254 et,
1374 3183 1448 3257 quod
1466 3184 1553 3257 mogh
1576 3193 1619 3241 est
1632 3193 1755 3241 metuen-

103 3274 138 3330 Et
153 3281 243 3330 tamen
259 3281 315 3328 tarn
338 3272 427 3342 facile,
443 3281 498 3329 tam
521 3281 649 3345 potenter
670 3289 834 3347 persuasum
849 3280 901 3342 est,
957 3272 1032 3340 dum,
1049 3273 1130 3329 etum
1152 3288 1225 3328 verae
1247 3287 1280 3329 ac
1302 3272 1419 3329 salubris
1440 3272 1634 3330 consolationis
1648 3280 1691 3330 est
1704 3274 1755 3329 im-

104 3369 134 3416 ut
153 3361 219 3416 mihi
242 3360 271 3416 id
294 3360 425 3418 credibile
449 3361 531 3420 faciat
554 3355 724 3419 credentium
747 3362 901 3419 multitudo.
957 3362 1153 3433 pedimenturn.
1170 3363 1317 3436 Propterea
1331 3361 1378 3434 qui
1400 3362 1545 3420 delectatio
1567 3371 1610 3420 εει
1624 3372 1652 3420 ει
1666 3362 1754 3436 gloria

103 3449 224 3505 Juveues
237 3456 266 3506 ει
274 3447 404 3523 virgines,
421 3465 503 3508 senes
518 3467 579 3508 cum
591 3451 746 3522 junioribus
761 3451 904 3525 elegerunt
957 3450 1126 3523 angelorum,
1142 3451 1201 3524 ipse
1218 3451 1305 3508 factus
1315 3457 1357 3508 est
1371 3451 1443 3508 salus
1457 3459 1485 3508 et
1506 3452 1655 3509 consolatio
1674 3452 1755 3509 mise-

104 3529 179 3595 mille
202 3536 336 3595 mortibus
358 3537 437 3610 mori,
454 3533 536 3614 quam
557 3541 601 3599 sel
623 3541 659 3596 sd
681 3548 849 3599 momentum
868 3542 902 3597 ab
957 3557 1068 3609 rorum;
1091 3539 1139 3614 qui
1165 3541 1194 3597 iu
1221 3540 1329 3600 civitate
1357 3559 1407 3599 sua
1432 3557 1548 3614 magnus
1576 3548 1603 3598 et
1630 3541 1754 3599 suhhmis

104 3616 156 3683 ista
170 3625 224 3684 fide
239 3626 370 3689 delicere.
957 3629 1035 3686 valde
1057 3628 1193 3686 beatificat
1215 3631 1297 3699 cives,
1322 3631 1380 3703 ipse
1403 3631 1432 3687 in
1455 3629 1549 3687 exsilio
1576 3629 1703 3701 paruulus
1726 3639 1754 3687 ει

140 3717 185 3772 ιθ.
200 3717 235 3773 Ει
248 3717 307 3774 baec
320 3717 432 3790 quidem
450 3718 564 3775 mistura
585 3719 731 3790 excellens,
747 3719 796 3778 sed
811 3719 903 3777 excel·
957 3717 1066 3774 humilis
1080 3719 1160 3775 valde
1185 3716 1301 3776 laetificat
1323 3718 1447 3787 exsules;
1462 3726 1489 3776 et
1503 3718 1550 3791 qni
1564 3718 1593 3776 iu
1616 3717 1754 3776 altissimis

103 3798 204 3872 lentior
218 3812 261 3862 cst
274 3808 403 3873 secunda,
418 3808 497 3864 tertia
517 3801 583 3866 vero
602 3798 829 3867 excellentissima
850 3815 902 3865 est.
958 3815 1000 3864 est
1016 3806 1101 3879 gloria
1114 3807 1211 3874 Patris,
1228 3807 1315 3864 factus
1329 3814 1371 3863 εει
1385 3808 1413 3862 in
1428 3816 1501 3865 terra
1524 3823 1578 3880 pax
1600 3806 1755 3866 huminibus

105 3888 222 3949 Primam
245 3894 318 3951 auris
338 3895 450 3962 audivit,
466 3895 516 3952 sed
538 3897 633 3954 oculus
655 3911 711 3953 uon
734 3896 802 3953 vidit
817 3915 824 3956 :
840 3894 904 3969 quia
957 3895 1037 3953 bonae
1051 3895 1206 3952 voluntatis.
1229 3895 1359 3953 Paruulus
1382 3897 1454 3952 euim
1475 3897 1554 3954 datus
1567 3902 1610 3953 εει
1623 3896 1755 3972 parvulis,

103 3970 224 4038 auditum
239 3991 281 4039 est
294 3983 461 4040 etcreditum
470 3985 595 4056 usquein
606 3977 766 4042 lin'esterrae
775 4001 905 4057 maguum
958 3991 1115 4057 utmagnus
1129 3983 1210 4040 detur
1223 3983 1339 4060 maguis,
1352 3992 1380 4042 et
1394 4000 1462 4058 qnos
1475 3984 1603 4058 justificat
1616 3984 1754 4057 parvulus,

104 4070 170 4126 illud
202 4071 311 4144 pietatis
343 4083 561 4140 sacramentum3
595 4074 645 4130 sed
675 4081 766 4130 tamen
798 4073 904 4143 oculus,
958 4070 1115 4143 magnificet
1128 4072 1300 4143 postmodum
1310 4080 1338 4130 et
1347 4073 1481 4145 glorificet
1492 4091 1606 4148 maguus
1617 4082 1643 4131 et
1652 4073 1754 4146 glorio-

104 4159 190 4229 Deus,
206 4176 260 4216 nen
280 4160 346 4217 vidit
369 4163 474 4235 absque
497 4169 535 4232 te,
551 4163 688 4236 quomodo
704 4171 731 4220 te
751 4163 823 4219 iutra
843 4164 903 4220 vir·
958 4177 1016 4216 sus.
1032 4160 1100 4216 llinc
1114 4161 1173 4217 sine
1186 4161 1268 4220 dubio
1282 4164 1338 4221 Vas
1359 4162 1500 4221 electionis
1523 4164 1596 4238 quod
1611 4165 1645 4220 de
1660 4165 1754 4236 pleni-

104 4249 178 4323 giuei
192 4249 295 4306 ventris
308 4251 450 4322 angustias
468 4252 586 4308 humano
605 4252 713 4324 corpori
727 4252 903 4325 coniunxisti.
958 4248 1051 4304 tudine
1066 4248 1171 4319 parvuli
1185 4251 1266 4322 hujus
1280 4259 1424 4325 acceperat
1438 4252 1512 4322 (licet
1526 4251 1599 4308 enim
1613 4252 1752 4323 parvulus,

106 4336 257 4394 Secundam
277 4339 371 4395 oculus
390 4340 465 4407 uidit,
482 4340 545 4413 qrria
559 4357 589 4397 se
608 4342 754 4398 fecundam
773 4349 800 4397 ει
819 4340 904 4415 virgi·
958 4337 1006 4393 sed
1022 4337 1128 4409 plenus,
1143 4339 1242 4408 Plenus
1261 4341 1348 4411 gralia
1367 4348 1394 4397 el
1407 4341 1531 4406 veribit·
1548 4349 1575 4396 el
1587 4341 1615 4395 i¹1
1629 4355 1685 4412 <111⁰
1701 4342 1752 4398 ba·

105 4442 168 4482 nern
182 4425 227 4481 illa
241 4426 386 4498 singularis
410 4428 516 4501 Regina
539 4431 770 4503 comperitque
792 4446 903 4487 conser-
958 4424 1025 4481 bitat
1044 4427 1132 4482 omnis
1151 4428 1289 4500 plenitudo
1312 4428 1459 4486 dimnitatis
1480 4429 1668 4501 corporaliter)
1688 4431 1754 4502 (Co-

103 4501 185 4601 v'ahat
208 4517 298 4571 omnia
320 4515 404 4573 verba
428 4519 496 4583 haec,
512 4516 659 4576 conferens
682 4519 710 4577 in
723 4518 806 4576 corde
827 4535 877 4576 suo
894 4533 901 4576 ι
919 4487 942 4567 n
960 4517 1022 4575 loss.
1038 4531 1067 4585 11,
1082 4518 1109 4590 9)
1124 4535 1131 4586 ;
1147 4518 1210 4575 hine
1223 4518 1316 4592 utique
1331 4520 1429 4576 Paulus
1442 4526 1547 4576 eructat
1560 4519 1675 4593 uerbum
1689 4519 1754 4576 illud

104 4603 230 4676 cognovit
243 4613 270 4661 et
284 4605 384 4676 loseph
409 4622 464 4662 non
486 4610 577 4664 minus
599 4608 690 4679 testis,
705 4623 787 4682 qnam
811 4616 904 4666 custos
958 4607 1069 4676 bonurn,
1085 4607 1159 4680 quod
1174 4608 1215 4663 his
1236 4609 1334 4664 diebus
1348 4609 1507 4681 frequenter
1527 4607 1663 4665 audistis:
1681 4609 1756 4666 Geu-

104 4697 186 4748 tantsa
209 4693 382 4767 virginitatis.
404 4695 498 4752 Terbe
512 4697 540 4754 in
553 4713 602 4754 cor
625 4697 742 4755 hominis
766 4697 902 4768 ascendit,
957 4697 1755 4773 ereinbominosempemiteremoicopeudete(Philipp.

104 4796 165 4837 cum
189 4782 262 4855 quod
287 4782 462 4856 factumest,
487 4787 555 4844 sicut
579 4787 680 4843 facturn
705 4794 748 4844 εει
769 4788 903 4845 creditum
957 4801 997 4851 ιν,
1026 4786 1063 4857 f).
1093 4783 1230 4854 Gaudete,
1258 4784 1358 4858 inquit,
1386 4787 1422 4842 de
1450 4787 1626 4853 exhibitione,
1654 4784 1754 4841 iterum

106 4878 146 4926 εει
162 4889 169 4926 :
185 4887 246 4927 cum
263 4873 348 4947 magis
361 4875 471 4932 eraculo
487 4893 567 4949 quarn
584 4876 664 4933 oculo
677 4877 825 4947 credimus,
841 4893 903 4935 cum

105 4975 166 5032 quae
181 4959 253 5016 dicta
271 4961 315 5018 vel
336 4961 407 5019 facta
425 4974 499 5032 snut,
517 4973 641 5022 tenemus
659 4964 826 5036 firmissime,
840 4966 902 5024 nul·

102 5047 211 5107 lateuns
235 5050 399 5109 dubitantes.
418 5054 448 5109 ln
462 5054 549 5126 prima
570 5055 633 5112 vide
649 5055 725 5128 quid,
739 5056 769 5112 in
782 5056 903 5113 secunda

104 5154 155 5210 per
173 5138 248 5211 quid,
264 5139 291 5195 iu
307 5143 385 5197 tertia
399 5151 513 5215 propter
537 5144 602 5218 quid
624 5146 698 5202 Deus
717 5146 824 5203 dederit
845 5145 902 5204 tibi.

103 5227 182 5284 Dedit
198 5228 245 5285 tibi
260 5230 397 5286 Christum
413 5247 464 5302 per
482 5233 593 5289 llariarn
615 5242 728 5306 propter
746 5236 901 5291 sanitatem.

71 5385 73 5389 y
102 5315 134 5372 ln
156 5317 244 5390 prima
267 5320 418 5377 remedium
442 5328 494 5387 est,
521 5323 586 5396 quia
606 5340 640 5382 ex
663 5315 721 5383 Deo
744 5333 770 5382 ει
793 5312 903 5382 homine

102 5405 268 5478 cataplasma
294 5406 448 5466 confectum
477 5417 531 5478 est,
559 5401 637 5485 quod'
662 5400 774 5473 sanaret
806 5429 903 5473 omnes

102 5488 274 5555 infirmitates
291 5506 360 5554 tuas.
380 5490 507 5558 contuse
524 5492 589 5559 sunt
605 5488 696 5561 autem
711 5512 740 5561 et
752 5493 903 5562 commiste

958 4876 1075 4949 gaudete
1090 4872 1125 4928 de
1139 4873 1330 4946 promissione,
1346 4875 1473 4947 quoniam
1489 4882 1516 4930 et
1530 4891 1574 4931 res
1587 4873 1668 4946 plena
1682 4891 1753 4947 gau-

957 4963 1012 5029 dio,
1031 4968 1058 5017 ει
1081 4978 1145 5034 spes
1167 4963 1249 5033 plena
1271 4964 1371 5038 gaudio
1394 4973 1443 5021 est.
1466 4962 1600 5028 Gaudete,
1617 4962 1754 5036 quiajam

958 5051 1118 5124 percepistis
1132 5052 1204 5108 dona
1218 5054 1353 5125 sinistrae;
1369 5051 1496 5128 gaudete,
1512 5052 1576 5126 quia
1590 5054 1756 5125 exspectatis

958 5141 1069 5216 premia
1082 5141 1210 5199 dextere.
1226 5141 1494 5215 leue,inquit,ej1tr
1509 5143 1560 5199 sub
1574 5146 1668 5218 cupite
1681 5159 1753 5214 meo,

959 5235 1754 5308 etdeeleroilliusamplexabiturme(font.u,6).l.aeva

958 5325 1067 5400 quidem
1088 5326 1171 5394 levat,
1194 5326 1307 5381 dextera
1334 5325 1464 5397 suseipit;
1485 5328 1553 5383 laeva
1580 5327 1706 5383 medetur
1727 5337 1756 5383 ει

957 5415 1094 5487 justificat,
1111 5415 1224 5472 dextera
1241 5412 1411 5486 amplectitur
1426 5425 1453 5473 et
1474 5403 1619 5473 beatificat.
1636 5417 1666 5471 ln
1687 5416 1755 5474 lesa

958 5500 1019 5575 eius
1041 5500 1149 5572 merita,
1163 5518 1192 5560 m
1206 5501 1319 5562 dextera
1342 5519 1408 5564 sero
1430 5504 1542 5578 premia
1561 5504 1753 5577 continentum
