3734 5948
180 229 250 290 1035
670 227 697 285 S.
718 223 886 291 satutant
903 223 1041 293 mattis
1058 222 1375 291 camalecensis
1758 225 1824 288 tous

176 355 371 414 transilientem
386 362 491 410 montes
517 351 656 424 collesque
681 351 743 423 bos,
761 368 832 423 quos
853 351 1013 448 videmnsfl
1029 349 1184 424 spirituales
1209 349 1281 407 intra
1303 348 1463 421 semetipsas
1488 349 1524 406 de
1546 349 1637 408 Verbo
1659 350 1736 418 aaa,
1759 349 1827 409 uude

176 447 249 502 mole
273 457 404 513 corporea
432 457 514 512 super
539 440 617 512 plana
637 447 717 497 terre
736 447 810 496 tauta
833 441 974 501 altitudine
1028 455 1104 496 snam
1119 441 1230 497 beatam
1238 444 1404 512 perpetuent
1417 438 1511 504 uitam,
1523 436 1827 511 afflueutsriuseuiust,

177 536 336 597 eminentes,
352 539 382 585 nt
400 541 428 586 et
451 545 534 601 snpra
551 530 635 585 nubes
648 529 733 601 aliqui
756 529 863 586 illorum
889 530 975 589 uerti-
1027 527 1112 584 iidem
1130 528 1183 600 ipsi
1203 535 1230 583 et
1255 537 1373 597 montes,
1395 534 1424 582 et
1448 542 1513 584 ores
1539 544 1546 580 a
1569 535 1694 595 montes,
1720 535 1827 599 propter

176 636 236 676 aem
255 617 384 675 extulisse
403 617 565 675 cernantur?
585 616 684 701 Verum
705 632 760 674 non
784 617 864 675 decet
885 619 975 676 isbos-
1026 616 1219 688 plenitudine·
1257 617 1299 673 vel
1338 615 1544 682 celsitudinem
1589 630 1675 683 oses,
1720 628 1828 689 propter

175 707 248 765 modi
270 721 416 777 corporeas
449 706 604 779 phantasias
636 705 787 780 imaginari,
821 708 972 779 praesertim
1026 706 1269 763 mansuetudinem.
1293 704 1371 762 Pleni
1396 704 1500 776 quippe
1523 705 1602 774 Deo,
1620 703 1688 762 celsi
1714 706 1826 775 merids,

175 803 320 854 tractantes
344 799 394 852 boo
412 794 550 851 canticum
574 793 716 866 spirituale
736 812 743 853 :
760 794 808 853 sed
832 811 883 853 nec
908 796 975 855 licet
1025 795 1155 855 cumulati
1170 794 1326 863 virtutibus,
1341 793 1520 851 nibilominus
1538 802 1629 850 umen
1640 804 1827 853 ereetouer·

173 886 285 941 omniuo
303 883 391 950 nobis,
406 884 453 956 qui
468 883 642 940 meminimus
654 883 755 957 legisse
768 883 797 940 in
809 883 971 958 Evangelio,
1026 883 1091 941 tices
1106 892 1162 940 tota
1185 894 1212 942 et
1226 883 1322 940 humili
1344 882 1501 940 obedientie
1520 883 1683 941 submittunt
1698 890 1729 940 et
1752 882 1827 942 ineli-

175 973 249 1046 qnia‚
267 974 390 1046 spiritus
404 977 446 1030 ert
460 976 543 1038 Deua,
556 977 584 1030 et
594 988 639 1030 sos
653 974 703 1046 qui
716 973 838 1031 odoraret
847 987 922 1044 ema,
939 977 971 1032 iu
1024 981 1089 1029 aaut
1102 972 1177 1030 ilbus
1189 973 1272 1048 louge
1285 972 1516 1044 supereminentis
1531 971 1646 1043 imperio
1658 969 1826 1046 mutatis,

176 1064 283 1136 spiritu
306 1065 417 1135 oportet
431 1060 551 1121 odorare
567 1063 658 1131 (loun.
679 1078 719 1129 tv,
734 1060 792 1133 id).
1024 1070 1150 1135 tanquam
1163 1076 1230 1120 oves
1252 1061 1480 1120 mansuetissime
1493 1061 1527 1116 ad
1542 1071 1637 1117 nutum
1652 1063 1698 1117 sui
1715 1064 1827 1133 meurs

209 1153 236 1207 l.
251 1148 305 1220 Qui
324 1161 387 1207 sunt
405 1165 472 1222 ergo
490 1151 518 1206 bi
541 1150 697 1222 spirituales
709 1159 854 1209 montesat
876 1152 970 1227 colles,
1024 1166 1073 1224 per
1085 1151 1176 1208 omnia
1189 1151 1370 1220 ambulantes,
1381 1160 1408 1206 et
1419 1155 1564 1222 sequentes
1581 1164 1647 1206 euru
1659 1163 1825 1222 quocunque

183 1246 213 1295 nt
230 1241 405 1311 postmodum
418 1251 620 1312 consequenter
641 1255 834 1312 agnoscamus,
853 1256 972 1312 sponsus
1023 1238 1093 1296 ierit.
1107 1239 1143 1295 Et
1161 1239 1190 1296 in
1209 1240 1264 1308 his,
1278 1239 1427 1298 secuudum
1450 1240 1610 1310 prophetans
1635 1238 1738 1307 David,
1760 1255 1823 1298 vers

173 1329 232 1400 (qni
255 1331 338 1394 Deus,
366 1345 398 1386 ac
419 1345 469 1402 per
486 1330 538 1386 hoc
560 1338 587 1385 et
611 1329 723 1398 spiritus
745 1335 798 1401 est)
822 1330 917 1402 quales
944 1341 972 1387 et
1023 1328 1161 1385 montibus
1180 1327 1303 1395 mnodo,
1328 1336 1456 1399 tanquam
1484 1326 1571 1399 prima
1593 1326 1717 1385 omniurn
1739 1338 1828 1386 onesta

173 1418 329 1487 cujusmodi
343 1419 424 1473 dabat
446 1421 530 1475 saltus
552 1420 579 1473 in
599 1419 662 1484 illis,
677 1418 719 1473 ael
734 1433 815 1489 snper
843 1419 927 1476 illos?
940 1420 971 1477 Si
1023 1417 1165 1486 sapientis,
1182 1416 1356 1474 fundamenta
1372 1416 1487 1473 ciuitatis
1508 1415 1618 1472 Domini
1633 1415 1669 1472 ab
1684 1415 1766 1474 initio
1779 1415 1826 1475 dr·

172 1506 234 1563 illos
257 1515 392 1579 putamus,
411 1509 438 1563 in
462 1509 561 1581 quibus
583 1507 761 1578 Evangelinm
791 1507 874 1563 relert
905 1507 970 1564 olim
1023 1505 1103 1561 miter
1125 1505 1243 1562 stabilita
1265 1505 1416 1565 consistunt
1444 1507 1533 1575 (Psoi
1554 1519 1676 1571 sxxxvt,
1703 1508 1746 1575 υς
1768 1522 1827 1579 (με

171 1593 256 1652 luisse
291 1595 397 1651 relictas
420 1597 567 1667 nonaginta
603 1610 703 1652 nouem
726 1609 802 1662 oum,
825 1612 887 1652 oum
905 1598 969 1669 pins
1024 1593 1114 1666 ntique
1132 1611 1186 1653 una
1207 1603 1250 1652 est
1273 1594 1301 1650 in
1323 1595 1434 1653 coelost
1456 1595 1484 1650 iu
1509 1603 1600 1664 terra,
1615 1594 1680 1650 licet
1697 1611 1732 1650 ex
1754 1604 1827 1668 perte

173 1691 269 1754 pastor
292 1698 386 1738 aarum
412 1685 483 1739 venit
506 1699 585 1739 uuam
609 1683 637 1739 in
661 1686 741 1763 terris
764 1700 883 1755 quoerere
905 1701 966 1757 que
983 1647 1205 1754 Bperegrinans,
1219 1691 1247 1740 et
1268 1698 1302 1739 ex
1317 1691 1394 1756 parte
1414 1699 1542 1757 regnans.
1557 1682 1594 1739 Et
1607 1699 1640 1740 ex
1659 1681 1706 1740 his
1719 1682 1819 1742 nibilo-

173 1770 291 1841 perierat
314 1771 425 1841 (Μὴ.
449 1774 610 1843 xvn1,12);
635 1771 809 1828 nihilomiuus
828 1772 917 1829 adiano
937 1773 965 1828 iu
1014 1769 1214 1842 ·minus‚1'uxtu
1236 1772 1347 1843 isaiam,
1369 1779 1495 1846 tanquam
1513 1772 1675 1844 quibusdam
1694 1771 1820 1830 vitalibus

171 1858 286 1916 obscuro
301 1874 346 1915 res
369 1867 420 1924 est,
443 1867 472 1914 et
498 1858 648 1915 intellectus
662 1859 762 1916 haeret:
779 1861 845 1917 dum
857 1860 967 1918 difficile
1019 1859 1150 1932 cymbalis
1170 1861 1240 1917 bene
1261 1861 1524 1934 sonantibus,1'ugis
1542 1867 1649 1918 resonat
1670 1863 1818 1935 gratianum

170 1945 206 2002 sit
219 1945 352 2012 iuvenire,
376 1946 530 2017 spirituales
544 1946 598 2002 ille
613 1948 689 2018 (ilo)
709 1954 737 2003 et
758 1949 966 2020 supercaelestes
1019 1949 1098 2021 actio,
1113 1957 1141 2005 et
1160 1965 1213 2007 sos
1227 1950 1316 2008 laudis
1330 1952 1397 2021 (iso.
1411 1965 1454 2020 aa,
1470 1951 1510 2022 3),
1524 1952 1600 2007 suasi
1621 1957 1648 2007 et
1664 1951 1819 2009 inueasais'li

172 2034 354 2093 beatitudines
372 2035 444 2108 (naun
464 2035 531 2106 ipsae
546 2043 611 2092 sunt
641 2035 701 2092 sius
725 2035 819 2104 dubio,
848 2052 909 2108 quae
926 2038 965 2094 ibi
1019 2053 1086 2096 soce
1108 2037 1292 2106 implentibus,
1308 2041 1380 2111 quod
1403 2055 1436 2095 ea
1456 2039 1553 2096 eodem
1577 2039 1715 2111 Propheta
1737 2041 1818 2112 paulo

169 2131 326 2181 memoratae
341 2137 406 2180 sunt
423 2128 497 2194 oves)
512 2139 582 2198 qnos
595 2123 641 2182 uel
653 2126 750 2196 quales
763 2125 831 2182 ulios
850 2126 967 2183 babeant
1019 2135 1081 2183 ante
1096 2129 1319 2195 memoravimus,
1328 2128 1392 2200 qnia
1402 2133 1513 2186 montes
1527 2132 1555 2187 st
1564 2128 1649 2186 eolles
1660 2129 1819 2188 etatum

168 2213 321 2286 spirituales
334 2213 460 2270 similiter
468 2223 575 2270 montes
586 2215 629 2272 sal
638 2213 723 2271 colles
734 2214 768 2270 ad
778 2215 965 2288 habitandum,
1019 2219 1183 2275 ceumaco
1198 2217 1319 2275 lawr:
1336 2228 1363 2274 et
1377 2217 1441 2275 item
1458 2217 1533 2290 quud
1556 2218 1600 2274 ille
1614 2217 1687 2275 alius
1704 2220 1820 2290 loquens

167 2301 368 2374 pascendumve
384 2301 412 2357 in
433 2301 499 2358 illis.
520 2301 750 2359 Verumtamensi
773 2318 827 2360 non
846 2303 873 2358 in
892 2306 966 2360 veri·
1019 2305 1423 2378 adilominumllenmzlleuti,
1434 2306 1817 2380 negotiosissimam

169 2397 222 2445 tato
245 2388 327 2460 aliqui
350 2396 451 2461 essent,
475 2389 579 2446 Veritas
601 2390 654 2448 hoc
677 2407 734 2449 nnn
763 2392 885 2450 dixisset.
911 2393 965 2449 Sed
1020 2397 1232 2461 terebamus:
1248 2397 1586 2456 incaseatosoeculorum
1611 2395 1815 2456 namatus

168 2492 256 2548 nsque
274 2477 409 2547 Propheta
423 2478 501 2549 longe
520 2484 582 2534 aute
600 2478 635 2535 de
658 2480 766 2537 artata
784 2496 902 2552 superna
914 2481 965 2538 le·
1017 2481 1243 2555 (Psol.uxxu1,
1258 2485 1297 2559 5).

168 2564 287 2621 ruaalem
306 2565 470 2635 protulisset,
491 2564 556 2636 quia
572 2566 747 2623 fundamenta
770 2571 833 2636 eins
856 2568 911 2625 sint
935 2576 964 2627 iu
1053 2575 1080 2630 l.
1096 2573 1212 2647 litargo
1228 2592 1237 2630 ι
1251 2581 1281 2631 ut
1294 2576 1328 2631 ad
1342 2574 1371 2630 id
1384 2590 1568 2644 recurramus,
1579 2575 1652 2631 unde
1663 2575 1814 2645 aliquantu-

168 2650 306 2709 montibns
318 2650 517 2722 sanctisll'sol.
530 2668 652 2720 anuas,
669 2655 707 2724 l),
724 2654 747 2710 si
760 2656 966 2713 uouuereinibi
1016 2658 1091 2726 lum,
1106 2663 1173 2729 sed,
1188 2672 1218 2719 nt
1243 2674 1324 2734 puto,
1342 2663 1495 2721 necessarie
1513 2664 1667 2735 digressum
1688 2677 1753 2722 ast:
1778 2661 1815 2719 illi

168 2747 259 2794 esserra
276 2746 384 2794 montes
400 2739 497 2795 senon.
519 2740 641 2810 Denique
658 2742 732 2812 quod
749 2744 866 2799 scelestis
886 2744 965 2799 babi-
1016 2757 1079 2803 sunt
1102 2759 1209 2806 molitas
1229 2761 1310 2822 utque
1327 2753 1421 2822 colles,
1435 2753 1464 2808 in
1487 2753 1587 2826 quibus
1608 2752 1733 2809 Emissis
1753 2751 1817 2811 sidit

169 2827 233 2882 tatio
247 2824 292 2882 illa
311 2843 374 2883 aere
393 2827 499 2896 habeat,
518 2842 572 2883 nou
589 2828 669 2884 modo
691 2827 854 2898 spirituales,
873 2834 922 2889 sed
936 2840 963 2888 et
1017 2839 1156 2895 ooelestem
1179 2854 1311 2908 sponsum
1333 2841 1402 2895 urire
1421 2841 1560 2898 alacritate
1581 2844 1743 2908 salientem,
1757 2855 1815 2898 curs

167 2916 245 2973 viros
258 2931 290 2974 uc
298 2915 443 2979 rationales
466 2924 573 2975 montes
585 2916 736 2989 collesque,
760 2917 824 2976 audi
843 2920 937 2976 lsabm
954 2938 961 2977 :
980 2924 1050 3004 cad
1063 2939 1128 2982 snos
1141 2938 1302 2998 properaret
1321 2928 1479 3000 amplexus;
1495 2945 1547 2986 nec
1560 2930 1644 2987 modo
1659 2930 1814 2996 salientem,

168 3005 273 3065 sete
287 3010 317 3067 st
330 3007 415 3067 colles
428 3007 585 3065 saeuiunt
600 3021 698 3065 corum
716 3010 770 3068 beo
781 3009 879 3069 lauder
895 3011 961 3082 (iso.
1016 3014 1066 3071 sed
1078 3023 1105 3071 et
1128 3014 1321 3072 transilientem
1345 3032 1404 3074 eos.
1419 3017 1466 3074 Via
1480 3018 1528 3073 tibi
1547 3019 1599 3075 hoa
1620 3019 1705 3076 saltus
1727 3035 1764 3076 es
1776 3017 1818 3075 lit·

168 3110 215 3165 aa,
232 3094 289 3168 li).
1018 3103 1083 3159 teris
1104 3103 1319 3177 prophetarum,
1340 3103 1584 3176 apostolorumque
1604 3104 1816 3165 demonstrarat

181 3186 230 3245 ,5.
246 3182 361 3252 Quinam
380 3185 464 3256 igitur
484 3184 527 3241 isti
547 3185 601 3242 nisi
618 3186 701 3245 Mem
714 3187 839 3257 ipsicoeli
857 3188 964 3247 inhabi-
1017 3192 1078 3249 Non
1091 3195 1164 3266 quod
1184 3209 1257 3249 nune
1270 3192 1445 3265 omniaque
1458 3192 1493 3248 de
1512 3194 1564 3248 bae
1576 3207 1606 3248 re
1620 3193 1692 3263 apud
1705 3194 1776 3252 illos
1787 3195 1817 3251 ab

168 3279 266 3335 lulum
289 3268 403 3328 ΜΗ
424 3273 545 3344 spiritus,
569 3289 639 3346 quos
656 3276 798 3334 Dominica
811 3293 879 3335 uoce
899 3293 966 3336 osus
1018 3281 1114 3338 otiosis
1136 3281 1253 3338 inveniri
1273 3293 1394 3354 queunt,
1418 3280 1572 3337 testimonia
1595 3278 1728 3351 replicare
1754 3283 1820 3340 inci·

168 3359 285 3417 dalmas
306 3360 468 3430 appellatos,
491 3365 520 3417 ut
542 3361 594 3435 ipsi
608 3363 663 3419 siut
682 3374 787 3422 montes
804 3367 852 3437 qui
875 3367 965 3425 oves?
1019 3370 1091 3442 piam
1103 3370 1167 3440 (boc
1181 3372 1253 3428 enim
1275 3370 1387 3444 longum
1403 3376 1457 3441 est,
1472 3377 1500 3425 et
1522 3384 1593 3440 opus
1614 3383 1670 3424 uon
1685 3371 1757 3443 ειυς
1772 3371 1819 3429 set

167 3447 226 3502 Nisi
249 3446 319 3505 lorte
341 3447 491 3504 absurdum
506 3449 552 3504 tibi
573 3451 706 3522 uideatur,
718 3462 763 3508 ant
781 3453 810 3508 iu
828 3456 967 3514 montibus
1019 3474 1051 3515 ea
1065 3465 1169 3515 tantum
1192 3459 1274 3516 modo
1298 3475 1382 3531 pono,
1397 3474 1460 3531 quae
1481 3458 1599 3516 breviter
1613 3469 1640 3514 et
1660 3465 1759 3529 aperte
1773 3474 1824 3517 ss·

167 3545 285 3602 moratas,
305 3547 352 3591 eut
362 3536 392 3593 iu
408 3536 506 3594 ovibus
521 3553 585 3595 ores
600 3539 682 3608 pasci.
706 3541 739 3597 Et
756 3541 831 3611 justa
851 3543 966 3600 litteram
1023 3557 1116 3603 trnere
1131 3547 1271 3605 videantur
1286 3549 1314 3603 id
1327 3549 1399 3618 quod
1421 3547 1521 3604 dicitnr
1535 3547 1569 3601 ds
1587 3544 1682 3616 sponsi
1696 3545 1823 3607 saltibus.

167 3624 277 3696 quidem
291 3624 392 3680 durum
406 3631 502 3694 sonat;
519 3626 667 3681 secundum
687 3627 853 3697 spiritualem
875 3641 967 3687 antem
1020 3636 1092 3692 Dicit
1104 3636 1194 3692 deilto
1209 3636 1295 3692 Dauid
1310 3636 1480 3710 qniaposuit
1494 3637 1593 3692 incole
1607 3635 1822 3694 intermistae

166 3713 373 3786 intelligentium
386 3712 465 3770 dulce
481 3713 561 3786 Sapit,
585 3718 607 3769 Si
631 3715 769 3772 subtiliter
783 3718 966 3784 advertamus,
1021 3725 1822 3800 guum,otipgmnquamgpomusprocedens(iethalem

166 3803 303 3873 q¹¹0ffl⁰d⁰
331 3813 505 3875 limumque
538 3803 630 3861 orium
657 3812 759 3875 pastor,
786 3806 836 3862 Dei
865 3806 969 3864 scilicet
1023 3815 1596 3890 suoreurultouitutgigosodcurreadom
1604 3816 1822 3878 uiummsmu

168 3890 303 3959 sapientia
316 3888 448 3955 Coretus,
464 3906 548 3946 unum
562 3890 689 3964 idemque
703 3894 831 3965 pabulum
845 3897 970 3955 veritatis
1023 3906 1089 3962 eoelo
1107 3906 1224 3977 egressio
1244 3907 1307 3977 ejus
1326 3906 1411 3975 (Psoi.
1432 3920 1515 3972 ursas,
1534 3909 1564 3971 6,
1581 3904 1670 3976 7).llu
1693 3912 1823 3976 quautam

168 3977 246 4032 aliter
260 3976 289 4032 in
312 3977 401 4044 terris,
426 3978 507 4034 aliter
530 3979 559 4034 in
577 3981 738 4038 coelestibus
761 3986 892 4058 gregibus
910 3986 970 4043 suis
1023 3994 1123 4050 salumn
1143 3994 1261 4062 derige
1283 4009 1391 4053 summa
1403 3997 1471 4053 emto
1492 3995 1527 4050 ad
1547 4001 1644 4049 terras.
1660 3992 1735 4049 sane
1753 3992 1823 4050 sni·

170 4066 350 4122 administret.
379 4066 448 4123 Nam
467 4081 518 4122 uos
547 4068 656 4139 qnidam
686 4078 811 4130 mortales
844 4074 968 4131 homines
1021 4097 1077 4138 noa
1096 4083 1205 4141 inuenio
1219 4083 1355 4153 alibi,nbi
1370 4084 1399 4140 iu
1413 4084 1471 4140 sole
1487 4082 1609 4155 posuerit
1622 4082 1822 4141 tabernaculo·

122 4160 125 4167 '
168 4154 279 4211 interim
293 4155 321 4210 in
340 4154 401 4212 loco
428 4156 654 4228 peregrinationis
676 4168 786 4234 nostre,
813 4163 840 4217 in
864 4164 966 4221 sudore
987 4203 1010 4280 n
1028 4186 1118 4242 suum,
1128 4172 1156 4228 id
1171 4179 1223 4243 est,
1233 4174 1263 4228 in
1276 4173 1335 4229 luce
1353 4182 1381 4229 et
1394 4173 1424 4228 iu
1438 4172 1581 4229 manifesto
1603 4187 1682 4226 suam
1695 4171 1822 4244 dignutus

170 4246 259 4302 uultus
281 4244 368 4301 nostri
385 4245 527 4302 comedere
541 4262 637 4317 pauern
652 4256 774 4306 nostrum
788 4266 901 4308 necesse
914 4254 966 4310 ha-
1028 4260 1063 4318 sit
1075 4260 1201 4318 exhibere
1213 4262 1385 4333 presentiam
1400 4262 1460 4333 ipse
1475 4261 1542 4318 lueis
1555 4259 1754 4318 insecessibilis
1772 4262 1806 4318 las

171 4334 277 4401 bemus,
296 4334 363 4391 ioris
376 4334 451 4391 illum
475 4336 503 4391 iu
517 4335 610 4392 labore
624 4344 652 4392 et
669 4352 790 4396 aerumna
811 4341 969 4399 mendican-
1020 4347 1129 4415 bllator,
1139 4349 1191 4406 nisi
1205 4357 1298 4423 utrque
1313 4350 1340 4407 in
1357 4351 1448 4406 terris.
1463 4351 1587 4423 Denique
1605 4367 1613 4406 :
1629 4349 1664 4407 ist
1679 4351 1769 4409 terris
1782 4352 1822 4407 ui·

170 4430 229 4488 lest
248 4421 276 4477 id
303 4429 355 4493 0⁸².
372 4423 412 4479 vel
437 4439 454 4479 ἃ
477 4423 565 4480 (10οὼ
587 4423 663 4493 vitii»
689 4426 735 4484 Vel
748 4444 765 4483 ⁸
777 4429 861 4486 ⁸⁸⁰?ss
879 4431 965 4499 libris,
1020 4454 1068 4495 aar
1082 4441 1135 4504 est,
1146 4442 1173 4497 el
1188 4455 1254 4497 cum
1269 4440 1427 4498 bominibus
1441 4445 1672 4500 conversaturam
1686 4438 1823 4510 (dorum.

170 4513 214 4569 ael
228 4521 301 4568 certe
310 4527 396 4584 peres
409 4528 470 4584 qnoe
485 4513 638 4581 factasunt,
653 4515 799 4575 inuisibilia
812 4517 862 4575 Dei
884 4519 966 4576 intel·
1021 4541 1059 4593 ιιι,
1076 4528 1180 4600 as).1n
1204 4529 1292 4597 terris,
1304 4529 1426 4602 inquam,
1440 4529 1620 4602 palam,quod
1642 4537 1685 4585 est
1705 4527 1737 4585 iu
1758 4529 1823 4598 sole,

169 4600 239 4659 lecta
251 4600 461 4674 conspicientes.
482 4603 578 4674 augeli
600 4612 692 4662 anum
706 4604 734 4661 in
751 4609 825 4664 omui
846 4607 967 4680 plenitu-
1020 4616 1112 4688 poeuis
1134 4618 1334 4674 ammentum
1356 4634 1435 4675 suum
1443 4660 1451 4691 ‚
1471 4632 1573 4690 corpus
1594 4615 1734 4686 siddim,
1755 4616 1824 4693 qma

170 4690 243 4757 dine,
266 4689 386 4747 atsiuon
409 4707 425 4746 a
447 4692 612 4765 semetipsis,
632 4701 721 4752 umen
746 4695 775 4753 in
799 4698 965 4772 seeretipsis,
1020 4704 1055 4762 de
1076 4705 1330 4780 Virginisoorpore
1358 4708 1394 4764 sd
1417 4709 1470 4766 laos
1496 4708 1551 4765 sibi
1571 4715 1665 4779 aptare
1697 4707 1825 4781 dimus

173 4790 245 4837 *⁸⁰¹⁸
258 4778 385 4838 ‘wilm
399 4789 498 4853 tlunum
521 4791 548 4838 0‘
570 4781 698 4841 selim
719 4787 867 4858 ὃθθίβῑῦῦῑ,
894 4789 968 4846 unde
1020 4802 1072 4861 est,
1088 4803 1117 4852 nt
1131 4797 1158 4852 in
1179 4811 1213 4853 eo
1228 4797 1256 4852 in
1278 4812 1307 4854 se
1320 4797 1465 4855 inuisibilis
1478 4796 1630 4866 uideretur3
1644 4794 1731 4853 etsie
1750 4797 1824 4855 side·

172 4879 199 4926 et
218 4870 296 4925 beate
314 4869 414 4926 visunt
438 4869 508 4927 Sunt
525 4870 598 4927 enim
620 4886 716 4929 omnes
739 4874 872 4932 docibiles
891 4877 965 4935 Dei:
1020 4892 1061 4940 ret
1076 4886 1166 4941 omnis
1179 4901 1243 4943 caro
1262 4885 1381 4943 suntme
1395 4886 1528 4954 Dei,cum
1542 4886 1570 4942 in
1594 4899 1678 4942 carne
1691 4886 1824 4944 senum.

171 4959 245 5030 quod
259 4974 324 5015 sane
342 4960 444 5016 electos
458 4959 599 5017 bominum
618 4962 782 5034 quaudoque
795 4974 968 5024 useeuturos
1056 4977 1083 5029 8.
1095 4972 1172 5030 Saliis
1186 4988 1254 5050 ergo
1264 4975 1292 5030 in
1309 4976 1458 5044 montibus,
1469 4975 1499 5034 id
1518 4982 1561 5032 est
1578 4975 1607 5030 in
1620 4973 1676 5030 illis
1690 4975 1827 5047 supremis

171 5056 243 5103 certa
266 5047 378 5105 veritate
402 5049 577 5121 promittitur,
596 5061 624 5106 et
637 5050 759 5110 nondum
774 5054 892 5126 experiri
916 5057 968 5113 tri·
1020 5061 1168 5133 spiritibus,
1178 5079 1242 5121 cnm
1262 5064 1296 5120 sd
1318 5080 1366 5124 eos
1389 5080 1475 5138 usque
1496 5061 1827 5132 emodenorum·

171 5137 263 5194 buitur
277 5137 404 5197 felicitate
412 5154 516 5198 secura.
1020 5161 1077 5209 tum
1090 5167 1107 5207 s
1120 5152 1226 5210 saeculis
1239 5152 1438 5222 absconditum,
1453 5161 1479 5211 et
1496 5167 1627 5227 magnum
1638 5151 1754 5225 pietatis
1767 5169 1827 5226 my·

206 5228 233 5280 a.
258 5225 406 5284 Pascuntur
430 5229 545 5301 proinde
571 5229 599 5286 in
621 5231 761 5290 montibus
781 5244 895 5300 montes,
925 5235 967 5292 vel
1020 5242 1131 5298 sterium
1151 5243 1190 5300 eis
1203 5243 1347 5317 dignanter
1366 5243 1503 5316 aperiam.
1518 5243 1572 5300 Sed
1594 5241 1757 5301 transiliens
1779 5244 1828 5299 ltus

171 5328 236 5370 oves
250 5313 276 5370 in
290 5313 398 5385 ovibus,
422 5330 485 5373 cum
499 5332 566 5374 sane
589 5333 713 5392 supernae
733 5321 787 5377 illae
810 5322 968 5380 substantie
1019 5331 1175 5402 superiores
1201 5339 1280 5405 atque
1315 5331 1509 5391 eminentiores
1536 5340 1662 5403 nauum,
1693 5331 1827 5390 ubsrsbiu

1018 5417 1119 5478 scilicet
1131 5427 1214 5492 atque
1235 5418 1353 5480 ΗΜ
1367 5421 1507 5494 seraphin,
1517 5436 1568 5480 nea
1583 5435 1641 5479 nou
1655 5419 1827 5480 dominatio·

102 5576 106 5585 Ι
207 5492 338 5562 (2¹6)Sic
356 5492 491 5550 llouauld.
506 5494 681 5555 liubillouins
694 5498 780 5557 etalii
796 5499 873 5571 aditi,
887 5502 969 5563 illst.
1017 5523 1080 5582 uss
1088 5509 1256 5587 priusipstm
1276 5519 1305 5572 st
1325 5510 1826 5586 emmerammenses
