3734 5948
70 238 127 299 849
715 235 887 300 stilbontis
900 235 937 298 tii
953 234 1105 298 matius
1667 242 1722 306 850

72 365 213 435 temisttp.
231 380 271 434 itt,
289 365 343 434 lii).
353 365 495 435 Propterea
511 382 590 422 nemo
614 366 726 423 miretur
742 372 789 420 ant
813 375 872 418 mo·
886 374 910 453 Ι
924 360 1041 416 animam
1060 363 1194 421 viventem
1208 366 1306 422 crearit
1330 380 1392 430 me;
1414 365 1534 423 smundo
1552 365 1582 421 in
1595 366 1719 438 spiritam

73 455 139 508 leste
153 452 277 524 accipiat,
294 453 317 508 si
335 452 362 508 in
376 454 419 509 bis
446 455 613 521 scrutandis,
652 462 776 526 tanquam
803 451 868 525 qni-
926 448 1104 509 vivificantem
1127 454 1284 511 reformavit
1305 455 1470 509 melianus
1490 469 1553 510 snas
1573 457 1642 512 meis
1664 472 1718 514 sn·

71 540 184 595 busdam
200 539 317 612 Spiritus
338 541 425 598 sancti
456 542 602 613 apothecis,
635 543 759 600 comosus
772 539 869 606 existo,
926 540 1081 609 perposnit,
1108 542 1260 614 exemplum
1288 542 1410 616 praebens
1438 543 1572 599 bonorum
1590 556 1717 614 opernm,

70 627 226 685 comeciam
239 629 305 700 quin
318 628 358 686 sic
381 629 488 696 vivitur,
504 617 531 687 et
554 631 581 686 in
609 630 707 688 talibus
735 632 790 688 rita
813 628 870 702 spi·
923 625 1029 682 forman
1042 628 1215 685 obedientiae.
1236 629 1291 687 llut
1305 637 1378 686 certe
1399 645 1495 686 manus
1509 646 1574 687 snas
1595 630 1671 686 misit
1684 633 1719 688 ad

71 717 140 773 ritus
150 717 214 774 mei.
225 717 294 775 Dico
309 725 398 774 tamen
413 719 454 774 tris
468 719 513 792 qni
542 721 720 790 prescientes
748 720 868 793 ingenio,
924 714 1011 782 tortia,
1028 724 1058 771 ut
1068 718 1178 774 doceret
1192 733 1289 774 manns
1299 733 1373 774 ineas
1387 718 1421 773 ud
1431 717 1566 789 praelittrn,
1580 719 1719 792 etdigitos

68 804 98 859 in
113 805 186 860 omni
200 821 328 863 sermone
341 817 403 864 ante
429 824 497 880 pene
518 807 641 881 flagitant
667 807 758 874 linem,
786 823 868 879 quarn
924 817 997 859 meos
1011 806 1046 858 ad
1059 805 1168 861 bellum.

71 894 234 966 principium
246 904 366 969 teneant,
382 896 533 953 debitorem
546 913 591 954 ma
609 897 689 954 etiam
704 897 868 953 tardioribus
958 896 985 949 3.
1003 894 1033 950 Ει
1056 896 1196 961 oscitavit,
1214 895 1312 966 inquit,
1326 912 1398 968 poor
1421 897 1522 969 septies
1537 896 1587 966 (lt'
1598 899 1661 970 licq.
1678 912 1718 964 tv,

69 997 142 1049 esse,
160 985 331 1051 etmatime3
352 986 401 1041 sed
415 1002 465 1043 nec
490 986 609 1042 studium
642 994 697 1042 tarn
722 1002 783 1043 esse
802 985 868 1042 milti
925 979 979 1052 35).
1003 981 1156 1039 Suiiiciebat
1181 986 1215 1038 ad
1242 983 1356 1058 gloriam
1383 976 1571 1039 maoiiestandi
1594 984 1720 1042 miraculi

69 1078 100 1126 ut
121 1087 256 1145 exponam
287 1075 380 1144 rerba,
408 1091 488 1147 qnam
511 1084 542 1133 nt
571 1076 691 1133 imbuam
711 1077 802 1132 eorda.
836 1075 872 1131 iit
924 1069 1053 1126 oscitasse
1067 1074 1168 1142 semel;
1187 1075 1234 1129 sod
1249 1072 1433 1144 multiplicitas
1448 1079 1474 1129 et
1492 1072 1606 1145 insignis
1619 1089 1720 1131 nnme-
1819 1093 1833 1111 ι

69 1159 224 1226 haurirem
239 1164 396 1232 propriumne
416 1179 459 1220 ma
494 1175 638 1236 opportet:
665 1165 738 1238 quud
753 1178 808 1221 uuu
841 1166 870 1221 fit
924 1174 971 1215 rus
990 1162 1109 1231 mysterii
1128 1163 1282 1219 admouent.
1300 1163 1327 1218 si
1342 1162 1408 1217 illud
1423 1162 1518 1233 ingens
1533 1161 1720 1220 universim-

68 1249 192 1306 celeritcr
208 1252 400 1320 percurrendo,
424 1255 473 1309 sed
501 1254 650 1324 tractando,
671 1253 828 1325 diligenter,
842 1261 869 1310 at
923 1249 995 1304 mani
1017 1250 1124 1322 generis
1147 1252 1263 1325 primum
1286 1252 1395 1322 quidem
1420 1250 1542 1307 exanime
1563 1266 1663 1323 eorpus
1676 1261 1719 1308 at·

69 1338 237 1396 exhortando
252 1338 418 1411 frequenter.
438 1340 598 1415 Quanquam
622 1353 648 1399 et
679 1350 776 1416 preter
791 1359 868 1415 spem
923 1337 1027 1408 tendas,
1056 1339 1132 1395 rides
1164 1342 1269 1412 ubique
1293 1339 1451 1412 Ecclesiam,
1490 1354 1524 1395 ex
1556 1356 1610 1411 qno
1636 1341 1719 1397 uitam

69 1440 178 1498 qunque
191 1443 278 1484 meam
292 1431 339 1486 din
353 1444 403 1487 nos
425 1430 558 1488 discussio
584 1432 701 1488 detinuit
715 1447 867 1489 sacramen·
922 1428 1054 1499 propbeta
1062 1428 1233 1488 incumbente
1246 1429 1357 1502 recepit,
1372 1428 1449 1500 quasi
1463 1428 1565 1502 septies
1578 1430 1713 1500 oscitare;

69 1521 169 1575 torum.
184 1518 286 1588 Putaui,
303 1517 398 1590 iatecr,
411 1533 495 1576 nnnm
509 1520 543 1577 ad
571 1521 623 1578 hoe
640 1536 793 1578 sermonem
808 1519 865 1578 soi·
920 1516 985 1587 quia
995 1516 1096 1587 septies
1119 1518 1147 1572 in
1167 1517 1210 1572 die
1226 1518 1330 1572 laudem
1349 1517 1438 1574 dicere
1462 1520 1611 1575 consuerit.
1637 1519 1666 1575 si
1689 1526 1717 1575 te

68 1602 162 1672 dcere,
184 1603 331 1679 sdramqne
355 1607 434 1664 istam
458 1608 625 1674 umbrosam,
650 1609 866 1679 latebrosamque
883 1603 1009 1689 flipsnm
1030 1605 1163 1675 advertas,
1188 1606 1215 1661 in
1229 1608 1282 1663 boc
1296 1605 1447 1663 tenereris
1461 1605 1515 1661 uita
1529 1605 1619 1663 risere
1633 1605 1718 1688 spiri7

69 1691 262 1762 allegoriarum
289 1695 454 1764 pertransire
483 1693 596 1754 nte
620 1710 670 1754 nos
696 1697 750 1753 cito
771 1703 800 1752 et
832 1696 867 1752 ad
923 1693 1003 1760 tuali,
1031 1709 1063 1752 ac
1090 1696 1232 1767 mysticum
1259 1698 1331 1751 bunc
1361 1694 1473 1765 implere
1507 1708 1659 1761 nnmerum,
1695 1693 1719 1751 s¹

68 1779 208 1850 planitiem
236 1782 378 1840 muralium
411 1798 543 1842 sensuum
569 1785 665 1841 itinere
709 1783 763 1841 diei
787 1783 866 1855 quasi
922 1783 1103 1840 sensualitatis
1117 1791 1169 1839 tuae
1191 1783 1346 1856 quinarium
1362 1783 1499 1840 charitatis
1521 1782 1629 1840 binario
1650 1784 1716 1839 sub·

69 1868 148 1926 nnius
167 1869 318 1942 pervenire:
338 1871 388 1929 sed
401 1887 479 1931 secus
495 1873 618 1947 contigit.
630 1874 745 1931 Biduum
764 1873 867 1945 qnippe
919 1871 990 1943 jicis,
1010 1873 1183 1944 exhibesque,
1216 1875 1292 1943 jnxta
1320 1873 1491 1944 Apostolum,
1525 1873 1645 1930 membra
1672 1878 1718 1929 tna

62 1958 118 2027 jam
135 1958 204 2017 ineo
227 1959 415 2031 expendimus,
451 1970 478 2018 et
508 1962 596 2020 adhuc
619 1972 700 2020 restat
718 1963 770 2019 via.
796 1964 867 2020 letus
921 1959 1022 2016 seruire
1061 1961 1170 2032 justitia
1208 1961 1234 2017 in
1268 1958 1517 2031 sauctfficationem,
1549 1976 1610 2031 quae
1638 1961 1715 2033 prins

64 2044 138 2102 oculi
151 2048 259 2105 eminus
272 2051 443 2107 summitates
464 2066 601 2108 ramomm
616 2061 643 2108 et
670 2052 800 2107 montium
819 2068 865 2108 ea·
919 2048 1067 2105 exhibuisti
1095 2051 1196 2106 servire
1224 2049 1358 2123 iniquitati
1376 2049 1410 2105 ad
1430 2048 1600 2120 iniquitatem
1615 2047 1714 2119 (Rom.
1754 2088 1757 2093 -

66 2135 172 2193 cumina
188 2136 358 2210 parvolanam
375 2140 423 2195 sed
445 2140 555 2197 vallium
588 2141 768 2211 subterjacens
778 2141 864 2197 rasti-

68 2230 119 2292 tas,
129 2233 157 2282 et
184 2225 305 2284 densitas
333 2228 503 2286 dumetorum
530 2229 709 2287 frustrabatur
740 2230 861 2287 obtutus.

66 2312 202 2385 Nonquid,
218 2314 291 2370 verbi
307 2316 405 2388 gratia,
420 2316 509 2372 lllisaei
524 2317 686 2373 miraculum
715 2315 865 2387 praecidere

64 2399 197 2466 valebam,
212 2401 274 2471 quia
289 2402 367 2460 uobis
388 2403 515 2461 videlicet
529 2404 564 2459 de
578 2403 700 2476 gentium
723 2405 865 2462 vocatione

65 2498 92 2544 et
101 2489 257 2560 repulsione
273 2490 426 2547 ludaeorum
455 2491 661 2559 disserentibus,
669 2492 705 2548 ita
727 2492 865 2551 desubito

65 2578 93 2632 in
108 2578 226 2633 medium
243 2578 398 2649 prosiliret?
409 2580 445 2635 Et
459 2595 530 2635 nnnc
550 2578 769 2652 quandoquidem
797 2581 864 2637 inei·

65 2666 165 2735 dimus,
178 2682 233 2722 non
248 2667 338 2738 pigeat
361 2683 412 2724 nos
432 2668 573 2738 paululum
587 2668 735 2740 immorari,
764 2683 863 2726 conte·

65 2763 180 2825 quanter
198 2755 231 2810 ad
250 2756 279 2810 id
292 2756 365 2828 quud
386 2756 586 2813 intermittimus
614 2766 708 2828 postea
736 2772 863 2814 reversu-

919 2152 957 2205 to,
974 2138 1036 2208 lii);
1052 2147 1177 2195 anteorte
1190 2138 1211 2194 si
1223 2138 1350 2195 eumdem
1364 2136 1515 2209 quinarium
1530 2137 1715 2208 proximorum

918 2225 999 2283 saluti
1013 2227 1181 2297 impertiens,
1203 2227 1237 2282 ad
1252 2226 1442 2297 perficiendum
1458 2226 1640 2294 septenarium
1661 2224 1716 2284 dno

918 2317 977 2373 baec
989 2313 1111 2386 adjicias,
1127 2315 1336 2372 misericordiam
1347 2314 1451 2372 scilicet
1465 2322 1492 2372 et
1502 2312 1633 2385 judicium
1648 2331 1715 2372 cen·

918 2413 976 2462 tare
988 2404 1057 2463 Deo.

953 2494 980 2549 t.
997 2492 1087 2549 liabeo
1102 2502 1128 2548 et
1142 2491 1208 2548 alias
1233 2501 1339 2564 septem
1353 2491 1537 2565 oscitationes,
1554 2502 1657 2565 septem
1671 2493 1712 2551 ri·

917 2580 1015 2638 delicet
1028 2580 1221 2653 experimenta.
1243 2580 1302 2636 sine
1317 2581 1416 2654 quibus
1430 2597 1493 2638 vera
1507 2589 1533 2636 et
1548 2589 1623 2639 certa
1639 2583 1714 2639 salus

918 2669 1029 2728 redivivi
1050 2668 1163 2740 spiritus
1186 2670 1297 2728 minime
1319 2678 1450 2728 constat:
1474 2680 1589 2743 quatuor
1602 2672 1635 2728 ad
1650 2687 1714 2728 sen·

918 2773 979 2815 snm
993 2758 1218 2828 compunctionis,
1235 2760 1288 2818 tria
1300 2759 1334 2815 ad
1349 2758 1526 2816 confessionis
1538 2774 1634 2817 sonum
1648 2777 1714 2834 per-

66 2859 121 2909 ros,
138 2843 270 2914 siquidem
293 2844 442 2901 aninrarnm
457 2845 533 2903 cibus
547 2845 721 2903 nibilominus
743 2855 783 2903 est
799 2847 858 2904 iste.
915 2847 1037 2904 tinentia.
1062 2847 1089 2902 Si
1112 2847 1192 2914 rivis,
1215 2847 1238 2904 si
1253 2864 1316 2914 rnx,
1332 2848 1355 2905 si
1372 2863 1468 2906 sensus
1486 2856 1537 2916 est,
1554 2857 1584 2905 tu
1603 2866 1713 2923 quoque

65 2933 182 2989 mnibus
204 2949 312 3005 quoque
346 2950 377 2992 aa
405 2934 579 2992 venatoribus
608 2936 768 3008 plerumque
794 2950 863 2991 oon·
879 2922 901 3002 Β
915 2937 1011 2993 eadem
1026 2936 1053 2992 in
1068 2943 1095 2993 te
1109 2938 1293 3008 recognoscis.
1320 2939 1402 2993 Porro
1423 2954 1533 2994 sensnm
1557 2954 1590 2993 ex
1604 2939 1713 3013 integro

61 3021 145 3093 tingit
171 3023 295 3090 abestis,
332 3039 414 3096 quam
445 3023 549 3096 agressi
588 3031 675 3090 erant,
717 3024 861 3096 desistere3

64 3117 92 3167 et
119 3109 194 3184 sequi
217 3111 304 3180 aliam,
334 3128 396 3184 qnae
431 3112 634 3185 inopinantibus
664 3113 735 3172 lorte
764 3129 863 3171 occur·

66 3198 142 3254 rerit.
918 3209 946 3262 ct
960 3202 1067 3274 gemino
1083 3212 1155 3259 metu
1171 3219 1178 3256 ι
1193 3217 1254 3257 nam
1269 3202 1351 3260 vitam
1366 3203 1399 3259 ad
1416 3201 1607 3274 perficiendum
1622 3214 1714 3277 septe·

102 3287 199 3344 2.Non
231 3290 370 3360 parvulum
407 3289 512 3347 liducire
541 3290 625 3348 robur
651 3298 761 3362 praestat
784 3290 861 3362 milri,
916 3293 1021 3349 narium
1050 3291 1145 3363 triplex
1165 3290 1346 3348 conlassionis
1372 3292 1477 3365 species
1504 3299 1653 3360 attestatur,
1680 3294 1714 3351 de

64 3374 141 3446 qnod
149 3390 264 3449 magnus
278 3376 373 3434 illcrir
393 3379 532 3448 propbeta,
562 3385 658 3448 potans
677 3378 705 3434 in
734 3393 817 3449 opere
836 3387 864 3434 et
917 3383 1014 3456 qnibns
1028 3389 1123 3454 postea
1145 3380 1288 3437 ridebitur.
1309 3381 1405 3438 Nonne
1419 3389 1446 3437 et
1460 3390 1570 3438 sanctus
1582 3380 1712 3440 ieremias

64 3477 199 3531 sermone,
214 3462 248 3520 de
270 3466 376 3521 excelso
400 3473 492 3521 monte
519 3465 649 3524 coelorum
684 3465 862 3537 descendens,
917 3475 943 3528 in
963 3488 1014 3528 sno
1028 3470 1137 3541 planctu
1146 3470 1274 3528 observat
1285 3468 1359 3527 hunc
1373 3471 1581 3530 nnmerum‘lltt
1593 3472 1713 3547 inigitur

63 3550 174 3608 visitare
186 3551 312 3626 dignatus
331 3560 372 3609 est
386 3568 447 3624 me;
463 3569 525 3611 cum
550 3555 602 3610 sim
627 3554 699 3611 cinis
712 3563 738 3611 et
755 3556 864 3628 pnlris;
919 3561 946 3616 in
960 3567 1005 3615 ttta
1020 3573 1068 3630 pro
1082 3565 1109 3614 te
1123 3556 1313 3614 lamentatione
1327 3557 1438 3614 sormam
1453 3559 1558 3615 babens
1571 3561 1713 3634 propheti-

65 3639 191 3695 miscreri
211 3649 332 3706 mortuo,
358 3641 487 3696 inclinare
510 3657 541 3696 se
565 3642 675 3711 jacenti,
696 3645 817 3700 contrahi
838 3652 866 3701 et
919 3664 987 3713 uam,
1004 3648 1090 3703 Deum
1104 3645 1196 3716 cogita
1210 3643 1322 3703 tata
1337 3645 1466 3702 iactarem
1482 3654 1567 3713 tuum,
1584 3647 1673 3719 cogita
1687 3661 1714 3706 et

64 3729 199 3799 coaequari
233 3743 326 3798 parvo,
366 3743 438 3785 caeoo
480 3729 572 3799 partiri
600 3729 689 3785 lumen
727 3731 866 3788 oculorum
921 3734 1131 3802 benefactorem,
1155 3734 1245 3804 cogita
1266 3739 1379 3803 patrem,
1395 3733 1482 3804 cogita
1502 3733 1658 3790 Dominum.
1673 3735 1714 3794 ild

65 3834 184 3884 suornm,
199 3829 226 3874 et
239 3834 270 3875 os
285 3827 388 3875 mutum
404 3819 459 3874 oris
486 3817 588 3889 proprii
611 3832 643 3874 os
657 3818 717 3873 culo
750 3818 867 3887 solvere,
921 3821 1013 3877 omnia
1026 3835 1088 3876 reus
1102 3835 1147 3883 es;
1174 3820 1271 3892 plange
1291 3834 1341 3889 per
1362 3819 1476 3892 singula.
1499 3821 1540 3877 dd
1556 3822 1669 3892 primam
1688 3832 1716 3880 et

64 3908 222 3980 debilesque
245 3923 340 3963 manus
354 3923 465 3964 suarum
485 3908 612 3963 roborare
637 3915 771 3965 contactu.
799 3908 869 3966 Sua·
922 3909 1046 3965 ultimum
1071 3897 1234 3978 respondeat
1256 3907 1336 3963 timor
1354 3916 1426 3975 tuns,
1442 3909 1477 3964 ad
1490 3908 1545 3966 duo
1565 3911 1651 3967 media
1666 3929 1715 3985 pu-

65 3998 134 4052 riter
157 3997 263 4053 rumino
293 3996 352 4066 ists,
379 4003 406 4052 et
426 3996 565 4066 rapientur
602 3995 706 4053 viscera
742 4012 812 4061 mea,
842 4013 871 4062 eu
923 3996 982 4051 dor.
999 3995 1076 4050 Pater
1090 4009 1155 4049 sane
1168 4009 1222 4050 non
1237 3994 1375 4063 metuitur,
1399 4013 1461 4054 com
1475 4008 1553 4069 pater
1566 4000 1611 4055 sit.
1628 3998 1717 4059 Patris

67 4084 194 4140 interiora
203 4101 264 4140 mea
276 4085 445 4157 saginantur,
460 4093 487 4140 et
514 4083 605 4140 omnia
631 4099 694 4140 essa
717 4101 776 4140 maa
800 4103 868 4158 ger·
923 4083 995 4140 enim
1009 4090 1051 4137 est
1067 4081 1186 4137 nrisereri
1201 4099 1308 4152 semper
1321 4090 1348 4138 et
1361 4099 1484 4155 parcere.
1499 4086 1532 4141 Et
1552 4088 1575 4143 si
1590 4088 1717 4157 percutit,

68 4174 171 4227 minant
200 4173 313 4228 laudem.
336 4174 394 4231 llcc
424 4173 508 4229 semel
539 4173 653 4229 eontulit
698 4175 867 4232 universitati
921 4173 999 4245 virga
1014 4172 1177 4228 nnnbacalo
1197 4171 1328 4243 percutit;
1346 4180 1372 4228 ct
1394 4189 1454 4228 cum
1479 4174 1651 4245 percusserit,
1668 4192 1716 4233 sa·

917 3041 1096 3097 recuperasse
1111 3033 1137 3082 te
1155 3025 1235 3092 scias,
1254 3026 1277 3081 si
1292 3033 1365 3080 tuam
1379 3027 1574 3082 conscientiam
1589 3029 1713 3097 quadru-

918 3115 980 3187 plici
1003 3114 1087 3171 sentis
1101 3114 1309 3186 compunctione
1332 3114 1453 3187 moderi3
1470 3115 1573 3187 pudore
1593 3116 1712 3188 gemino,

69 4265 120 4318 boc
141 4260 260 4332 quotidie
288 4261 388 4335 singuli
405 4261 432 4318 in
458 4260 537 4318 uobis
555 4263 657 4318 actitari
685 4263 825 4332 sentimus,
841 4273 868 4322 et
923 4267 980 4315 ntit-
1006 4262 1117 4316 Paterna
1131 4274 1184 4316 vox
1204 4268 1244 4315 est
1267 4278 1274 4314 τ
1303 4262 1468 4318 Parentium
1494 4265 1591 4334 stepo
1614 4264 1717 4321 sonabo

67 4351 142 4407 cordi
156 4349 256 4405 seilicet
270 4349 545 4422 triboiintelligentiae
562 4352 661 4421 lumen,
687 4363 714 4408 et
745 4353 786 4410 uri
799 4354 902 4434 aedi-n
922 4350 1017 4420 (Deitb
1032 4363 1126 4414 mil.
1142 4351 1198 4415 39).
1222 4349 1282 4404 Non
1306 4356 1349 4406 eat
1372 4349 1483 4419 pruinis
1505 4351 1578 4422 quod
1598 4365 1613 4405 a
1642 4361 1719 4422 patre

68 4439 201 4496 iectionis
232 4439 356 4505 verbnm,
384 4448 411 4496 et
435 4439 561 4495 manibus
589 4441 797 4513 opusjnstitiae.
821 4444 871 4501 Dar
925 4437 1061 4506 formides,
1091 4436 1138 4509 qni
1164 4437 1215 4493 etsi
1239 4437 1401 4508 quandoque
1425 4436 1501 4494 ierint
1527 4447 1557 4495 nt
1582 4441 1718 4507 emendet,

67 4531 165 4587 sentire
193 4530 316 4597 fideliter,
332 4530 378 4585 dat
403 4528 524 4600 prolerre
538 4530 648 4596 utiliter,
672 4530 717 4586 dat
729 4532 874 4589 efficaciter
927 4541 1062 4597 nunquam
1087 4533 1174 4581 tamen
1201 4532 1231 4580 ut
1257 4523 1384 4581 Vindicet·
1414 4524 1450 4581 At
1473 4541 1538 4582 vero
1560 4527 1721 4603 cogitantem

68 4619 224 4689 adimplere.
252 4620 286 4674 Et
313 4629 352 4674 est
380 4618 514 4674 funiculus
542 4617 651 4688 triplex,
685 4618 729 4689 qni
763 4618 873 4678 diffictle
928 4613 1301 4687 qttodpalremofstssdttim›
1318 4617 1529 4686 estcertequod
1546 4615 1722 4688 pudeat,etsi

69 4709 213 4778 rumpitur,
229 4709 261 4761 ad
277 4709 456 4763 extrahendus
478 4706 581 4761 animas
614 4706 648 4762 de
680 4722 787 4763 caruere
814 4708 874 4763 diu.
929 4718 982 4759 non
997 4701 1068 4773 quod
1084 4708 1192 4756 terreat.
1213 4700 1368 4756 voluntarie
1386 4702 1479 4774 genuit
1493 4719 1538 4759 me
1550 4704 1633 4762 verbo
1647 4706 1722 4763 veri-

69 4797 135 4867 boli,
148 4805 176 4851 et
196 4795 340 4850 trahendas
364 4806 426 4864 post
444 4810 473 4849 se
486 4793 519 4848 ad
528 4809 611 4866 regna
626 4793 788 4860 selestiani
803 4804 875 4854 recta
928 4791 998 4855 tatis,
1014 4806 1069 4845 non
1083 4788 1189 4845 stimulo
1198 4789 1313 4845 carnalis
1327 4789 1480 4860 rupiditatis
1490 4792 1616 4863 excussit,
1629 4809 1724 4865 qnem-

69 4886 179 4953 sentias,
195 4884 218 4938 si
232 4883 315 4956 digne
331 4881 509 4961 proloquaris,
529 4881 553 4936 si
570 4881 685 4938 virendo
719 4883 872 4942 confirmes.
928 4880 1074 4935 admodum
1097 4877 1203 4949 genitor
1226 4878 1314 4932 carnis
1344 4894 1419 4933 meat.
1445 4879 1546 4935 Deinde
1564 4880 1644 4936 etiam
1668 4899 1724 4938 non

69 4973 162 5030 Oculis
172 4973 229 5027 suis
243 4971 331 5044 tetigit
341 4986 426 5038 meos,
451 4969 727 5039 interiorisltominis,
762 4970 874 5032 frontem
930 4969 1037 5038 peperci
1061 4966 1205 5038 Unigenito
1234 4983 1284 5040 pro
1307 4967 1346 5023 sic
1364 4968 1467 5038 genito.
1484 4970 1523 5025 lta
1543 4969 1605 5048 ipse
1615 4972 1725 5043 quidem

69 5060 148 5114 claris
163 5061 338 5114 luminaribus
368 5056 721 5119 emanatideetintellectu.
745 5058 792 5117 Ori
817 5076 879 5118 meo
931 5064 1035 5128 patrem
1056 5071 1086 5110 sc
1100 5055 1203 5111 exibuit
1227 5055 1301 5123 mibi,
1327 5056 1443 5112 sednon
1458 5072 1511 5130 ego
1525 5074 1569 5113 me
1585 5057 1623 5113 illi
1645 5058 1726 5115 sicis·

72 5147 166 5219 junxit
189 5163 276 5213 suum,
305 5157 333 5203 et
354 5157 462 5204 mortno
489 5148 598 5221 signum
623 5148 697 5220 pacis
734 5149 871 5222 impressit
932 5144 987 5199 sim
1010 5143 1104 5200 lilium.
1125 5145 1246 5211 Quanam
1274 5143 1361 5201 fronte
1388 5145 1483 5202 attollo
1503 5146 1559 5215 jam
1580 5146 1675 5204 oculos
1694 5148 1728 5202 ad

72 5236 369 5312 qnoniamoumadbnc
388 5245 542 5307 peccatores
557 5251 691 5302 essemus,
717 5239 879 5296 reconcilia·
917 5232 1037 5288 *vultum
1062 5231 1149 5304 patris
1167 5240 1220 5288 tam
1244 5232 1318 5302 boni,
1345 5241 1397 5290 tam
1421 5234 1507 5290 malus
1531 5234 1624 5292 lilius?
1644 5236 1729 5292 Pudet

55 5330 109 5386 rit
143 5342 192 5383 uos
225 5329 293 5389 Deo,
320 5325 431 5396 justitia
464 5335 596 5383 mortuos.
614 5325 652 5383 Os
674 5327 717 5383 ori
741 5329 880 5400 applicuit·
935 5322 1045 5394 indigna
1072 5320 1190 5395 gessisse
1216 5336 1317 5396 genere
1341 5337 1411 5392 tneo,
1439 5323 1521 5396 pudet
1548 5332 1624 5380 tanto
1655 5333 1729 5395 patre

71 5416 166 5471 iterato
182 5415 317 5486 inspirans
340 5415 367 5469 in
397 5414 492 5471 faciem
515 5430 603 5471 meam
640 5417 803 5487 spiraculum
821 5418 883 5474 vitae
936 5409 1035 5466 vixisse
1056 5412 1227 5481 degenerem.
1249 5411 1343 5467 Exitus
1364 5426 1495 5484 aquamm
1510 5413 1645 5485 deducite,
1660 5415 1731 5470 oculi

70 5506 117 5563 scd
131 5504 270 5562 sanctioris
284 5521 364 5578 quam
379 5503 476 5575 primo.
506 5504 575 5560 Num
610 5504 700 5577 primo
731 5505 841 5577 quidem
855 5507 884 5564 iu
939 5498 1007 5566 rnei;
1022 5499 1124 5570 operiat
1140 5498 1264 5556 conlusio
1287 5498 1382 5556 faciem
1397 5517 1493 5569 meam,
1518 5501 1622 5558 uultum
1641 5517 1731 5560 meum
