3734 5948
100 213 154 275 bot
570 205 597 267 S.
617 203 785 266 obuncum
804 200 941 264 scottis
958 199 1276 265 autumnalibus
1697 198 1753 265 W
1793 40 1802 309 ἱ

120 346 166 398 -ιι,
179 341 239 396 lam
253 336 326 410 quod
344 334 531 406 interponitur,
547 347 631 406 saper
645 336 759 389 sanctor
778 329 898 398 eccard
913 342 938 420 g
953 329 1071 385 cundum
1092 329 1165 402 qnod
1186 329 1289 386 diettrm
1310 337 1354 386 est
1371 329 1404 386 de
1425 328 1480 386 vita
1498 325 1631 400 corporis.
1645 325 1753 385 Endera

102 428 231 503 praelutm
263 424 394 497 pertinet,
423 420 521 490 quibus
544 419 669 476 nimirum
703 426 817 490 utraque
843 418 899 473 vita
953 418 1026 474 enirn
1039 417 1519 494 cognitionaatnrinimaetmaxima
1530 414 1752 488 comprehendis.

105 514 254 574 necessmia
275 521 325 568 est.
341 512 375 567 Et
395 512 514 580 ipsorum
539 518 579 566 est
600 508 720 579 utrisque
744 506 898 578 providere,
989 539 1016 591 2·
1039 535 1122 593 pom
1144 534 1317 593 &wionem
1340 533 1460 606 quidem,
1481 532 1506 588 εἰ
1531 532 1681 607 diligente,
1700 530 1754 587 gd,

104 602 271 674 etcopulare
294 598 345 654 sibi
369 598 485 669 parietas
502 614 518 652 e
536 596 645 654 diverso
659 596 816 660 venientem
832 611 900 667 quo·
953 632 1056 691 verm,
1088 625 1200 692 vadam,
1234 630 1259 678 e,
1295 621 1419 678 fortassis
1449 623 1598 678 mundum
1630 620 1754 694 quinquo

104 695 177 748 niam
199 687 337 764 angularis
360 686 467 760 lepidis,
490 685 535 756 qui
554 693 596 783 est
616 683 899 783 Christusfeaaaai-
954 727 1052 780 ,mm
1079 711 1202 782 commis
1225 711 1469 784 quinquepmjmm
1493 709 1595 783 pom
1616 708 1752 765 invenim-

105 780 171 837 carii
185 775 320 835 constituti
344 771 626 830 sunt.Necdab1um
649 788 716 844 qutn
734 770 814 845 longe
831 786 902 839 port·
954 803 1002 858 Es,
1022 801 1092 855 ,nim
1116 816 1192 857 amo,
1215 802 1286 869 „aug
1306 816 1360 872 qu0
1384 808 1509 872 parentes
1532 797 1691 871 diligimus3
1715 807 1756 854 est

108 867 226 927 culosior
253 864 355 921 caeteris
377 877 470 918 eorum
503 861 538 919 sit
569 860 902 961 administratiosiamen
956 905 1033 947 amo,
1048 891 1197 960 jucundus,
1213 906 1266 961 quo
1288 889 1378 947 socios
1400 888 1555 962 dimam„
1572 895 1613 943 est
1636 896 1664 943 et
1690 902 1756 959 em

108 957 131 1014 ai
156 958 223 1012 bene
246 952 466 1020 ministraverint,
483 951 594 1021 gradum
618 952 718 1007 bonurn
740 950 793 1006 siht
808 950 902 1021 acqui·
958 994 1051 1035 omnes
1076 980 1199 1036 homines
1221 993 1297 1034 amor
1315 980 1422 1050 jusum
1447 993 1513 1049 erga
1535 975 1661 1033 inimum
1679 990 1758 1031 mm

108 1054 178 1111 rent,
199 1050 226 1099 et
246 1044 376 1111 majorem
399 1040 591 1117 abundantiam
616 1049 642 1095 et
663 1038 905 1110 supereffluentem

108 1146 264 1188 mensuram
282 1129 415 1200 accipient
428 1129 513 1198 pacis,
530 1136 559 1183 ut
577 1129 612 1183 de
626 1128 666 1184 eis
680 1127 777 1183 metito
789 1128 904 1183 dicatur.

113 1221 252 1290 Quoniam
272 1233 357 1291 snper
375 1221 488 1273 sanctos
507 1232 604 1287 pacem
618 1216 739 1287 loquitur
760 1217 845 1274 Deos.
864 1218 907 1270 Aa

109 1324 173 1366 vero
200 1307 304 1363 dubitet
330 1305 391 1378 quis
423 1321 491 1377 quos
524 1305 622 1360 dixerit
650 1305 781 1359 sanctos?
810 1305 908 1360 Audiat

110 1395 225 1450 isaiam:
245 1395 301 1459 Vos,
318 1393 413 1462 inquit,
429 1393 524 1448 sancii
533 1393 648 1448 Domini
661 1392 839 1452 vocabimini.
850 1394 909 1448 mi-

110 1484 201 1541 nistri
214 1482 264 1540 Dei
279 1484 371 1541 nostri
384 1481 462 1552 (irai.
478 1497 537 1544 uxr,
553 1482 591 1550 6).
607 1483 803 1550 Proposuerant
818 1498 908 1538 exem-

110 1574 186 1645 plum
209 1569 317 1642 aliquod
345 1569 420 1638 dare,
442 1569 670 1641 quemadmodum
693 1585 726 1625 ex
748 1586 797 1626 sua
820 1570 908 1641 ipsius

111 1659 329 1719 consideratione
350 1659 383 1713 ad
404 1659 572 1728 spiritualem
596 1658 799 1730 intelligentiam
822 1675 910 1716 assur-

112 1765 178 1823 gere
201 1750 336 1806 humanus
355 1747 450 1802 debeat
474 1748 599 1814 animns;
619 1748 667 1804 sed
690 1757 858 1804 secesserat
881 1751 908 1805 in

110 1837 183 1893 diem
197 1837 321 1903 alterum,
343 1844 370 1891 ιι
384 1850 535 1892 sermonem
554 1837 668 1891 alterurn
681 1835 801 1891 differre.

358 1984 470 2044 11⁰8
489 1976 607 2044 SEleO
625 1987 661 2044 X.

227 2078 267 2133 De
282 2076 344 2132 offa
358 2079 387 2132 ef
401 2074 526 2149 quinqua
540 2074 667 2131 sensibus
682 2077 795 2132 anima.

150 2169 175 2221 ι.
191 2166 288 2238 ldagna
310 2170 362 2228 est,
387 2163 447 2219 dieo
471 2162 560 2231 vobis,
575 2162 736 2233 charissimi,
751 2174 778 2220 et
800 2163 911 2220 nimium

113 2251 303 2310 inexcusabilis
324 2248 490 2326 negligentia
503 2257 606 2317 nostra,
627 2251 684 2324 qui,
704 2252 912 2324 cogitationibus

114 2341 211 2397 otiosis
232 2346 370 2404 vacantes,
396 2349 504 2410 tempus
523 2340 694 2397 amittimus:
718 2340 817 2412 quibus
834 2342 912 2398 nimi·

113 2444 173 2484 rum
187 2443 238 2484 nec
252 2429 424 2499 penetranda
438 2427 536 2496 nubas,
551 2443 601 2484 nee
619 2427 704 2484 maria
718 2430 912 2497 transimundo,

114 2525 145 2572 ut
173 2515 294 2572 salubres
322 2513 493 2570 inveniamus
521 2514 715 2588 cogitationes,
743 2516 792 2572 sed
828 2533 912 2590 propa

115 2610 168 2669 est,
183 2611 213 2658 ut
226 2601 264 2658 ait
276 2603 397 2674 Moyses,
410 2603 524 2659 terbum
540 2602 569 2659 in
581 2618 628 2659 ore
641 2612 734 2660 nostro
748 2612 776 2661 et
789 2605 815 2660 in
831 2607 913 2662 corde

115 2699 208 2750 nostro
236 2692 332 2760 (Dent.
353 2706 427 2761 xxx,
452 2690 511 2763 lb);
535 2699 563 2749 et
587 2691 707 2748 infinitas
725 2694 752 2748 in
775 2693 912 2751 nobisme-

115 2780 196 2851 tipsis
214 2779 317 2836 utilium
337 2776 531 2851 cogitationum
554 2777 712 2835 occasiones
726 2788 752 2835 ιι
772 2781 913 2836 seminaria

115 2885 264 2941 possumus
283 2868 414 2924 iuvenire.
430 2868 551 2940 Denique
566 2866 588 2923 si
602 2875 655 2923 tarn
670 2867 803 2923 inerudita
822 2877 849 2924 et
863 2886 913 2925 ne·
930 2887 952 2966 Β

116 2957 223 3031 gligetts
240 2956 320 3012 fucrit
342 2957 441 3024 anima,
457 2967 488 3013 ut
509 2972 559 3013 nec
581 2956 710 3012 interiora
733 2973 783 3013 aaa
799 2957 916 3014 sufficiat

118 3045 290 3118 perscmtari,
311 3047 430 3103 attondat
455 3047 497 3102 vel
520 3060 551 3102 ea
574 3061 635 3119 quae
658 3045 725 3102 foris
747 3046 804 3120 agit
827 3046 915 3118 palatn

117 3142 145 3192 et
160 3134 321 3191 manifesto:
337 3143 364 3191 ιι
377 3135 404 3189 in
420 3134 486 3205 ipsis
500 3150 619 3207 quoque,
634 3133 658 3189 si
676 3134 823 3207 diligenter
836 3151 914 3207 quae-

117 3225 203 3294 aierit,
231 3223 350 3280 inveniet
378 3222 549 3292 sapientiam.
579 3223 651 3280 Ecce
676 3222 747 3279 enirn
776 3224 915 3295 (quoniam

118 3312 248 3382 scriptum
262 3318 320 3366 est:
336 3312 378 3367 Da
392 3314 563 3369 occasionem
577 3313 711 3385 sapienti,
722 3317 750 3369 ef
760 3314 916 3385 sapientior

118 3401 174 3456 erit
190 3397 282 3469 (Pron.
299 3412 342 3469 tx,
364 3401 392 3467 9)
409 3398 561 3464 considera,
576 3413 592 3454 o
615 3401 714 3469 anima,
729 3398 792 3471 quid
816 3399 916 3468 impen-

119 3485 167 3540 das
181 3484 288 3556 corpori
304 3495 360 3553 tuo,
375 3495 403 3540 et
417 3485 538 3541 invenies
561 3485 619 3541 siue
634 3486 725 3556 dnbio,
742 3492 814 3558 quod
833 3487 916 3542 ritant

119 3573 143 3628 ei
163 3589 326 3645 sensumque
348 3573 510 3629 ministras:
532 3584 559 3630 et
580 3574 660 3630 ritant
685 3574 791 3647 quidem
813 3573 916 3633 inloto

118 3676 233 3733 corpore
259 3660 377 3717 invenies
403 3658 567 3717 uniformem
595 3661 695 3735 (neque
725 3653 812 3730 eninr',
840 3661 916 3720 verbi

120 3750 215 3824 gratia,
235 3748 312 3805 aliter
333 3748 400 3806 tivit
427 3747 523 3806 oculus
545 3764 626 3822 quarn
644 3749 782 3819 articulos,
805 3745 917 3807 sensum

119 3852 184 3894 vero
208 3852 261 3891 non
285 3835 331 3892 ita.
356 3834 453 3904 Quaere
475 3850 554 3910 ergo,
576 3845 606 3893 ιιι
625 3836 673 3892 tibi
697 3851 806 3910 quoque
827 3835 917 3893 anima

958 1069 1106 1135 violentus3
1124 1084 1189 1141 erga
1203 1069 1286 1123 Deam
1310 1076 1421 1124 sauctus
1440 1067 1497 1122 sive
1521 1066 1644 1122 devotus.
1661 1066 1693 1122 In
1715 1064 1758 1120 his

959 1159 1097 1224 omnibus,
1126 1156 1150 1211 ιι
1180 1158 1325 1228 diligenter
1357 1156 1485 1222 attendis,
1518 1169 1657 1227 proprtum
1691 1152 1759 1228 erga

961 1247 1085 1317 singulos
1104 1253 1129 1302 et
1153 1246 1263 1302 otnnino
1284 1244 1421 1299 diversum
1442 1245 1477 1300 ab
1498 1242 1558 1300 aliis
1575 1243 1690 1299 madunt
1712 1241 1758 1298 in·

962 1334 1208 1406 sententiamque
1231 1334 1254 1390 si
1277 1333 1411 1389 curiosius
1434 1333 1608 1388 considerare
1628 1332 1757 1396 delectat,

963 1438 1014 1480 non
1031 1421 1164 1477 itntnerito
1183 1422 1296 1478 fortasse
1321 1421 1455 1478 ridebitur
1478 1421 1592 1492 primus,
1606 1419 1633 1474 id
1649 1427 1691 1475 est
1704 1434 1758 1488 pa·

961 1520 1071 1567 rantum
1095 1525 1179 1579 arnor,
1206 1509 1291 1565 tactui
1312 1509 1467 1574 convenire,
1492 1509 1563 1578 qttnd
1587 1507 1632 1562 hic
1657 1522 1759 1564 sensus

923 1611 945 1688 g
961 1601 1018 1653 sola
1035 1598 1154 1666 proxima
1169 1608 1195 1653 et
1209 1599 1318 1667 corpori
1338 1597 1432 1666 iuncta
1450 1595 1582 1667 percipiat
1597 1612 1604 1654 ε
1620 1596 1758 1664 quamad-

962 1688 1073 1744 modum
1101 1702 1177 1742 arnor
1201 1686 1247 1741 ille
1271 1685 1351 1740 nullis
1378 1685 1521 1741 exhibetur
1547 1683 1597 1739 nisi
1626 1683 1759 1754 proximis

963 1776 1053 1834 carnis
1078 1784 1188 1830 nostrae.
1213 1776 1266 1832 Sed
1290 1791 1340 1830 nec
1361 1775 1428 1830 illud
1452 1773 1562 1844 quidem
1584 1774 1759 1844 discrepata

964 1865 1070 1920 ratione
1089 1863 1284 1932 similitudinis,
1300 1863 1372 1936 qnod
1387 1863 1432 1918 hin
1448 1862 1524 1920 solus
1539 1877 1554 1918 e
1568 1862 1696 1919 sensibus
1707 1879 1760 1935 per

965 1967 1065 2023 corpas
1087 1951 1249 2007 diffunditur
1273 1952 1428 2008 ttttitetsttttt
1446 1968 1454 2008 ι
1475 1951 1602 2023 quoniam
1631 1957 1659 2006 et
1681 1966 1760 2008 autor

965 2042 1011 2098 ille
1033 2041 1162 2096 naturalia
1185 2048 1227 2097 ιιι
1244 2040 1318 2096 omni
1342 2041 1425 2108 carni,
1440 2040 1509 2099 adeo
1530 2050 1559 2096 ut
1573 2040 1635 2113 ipsa
1648 2055 1761 2114 qnoqm

965 2128 1090 2185 animalia
1112 2128 1191 2183 bruta
1211 2139 1238 2183 et
1256 2127 1369 2200 diligant
1390 2128 1462 2184 fetus
1483 2143 1547 2184 suos
1564 2135 1591 2183 et
1611 2127 1762 2202 diligantur

965 2217 1000 2271 ab
1027 2216 1077 2272 eis.
1101 2218 1185 2273 Amor
1208 2231 1317 2288 quoque
1340 2215 1448 2273 socialis
1471 2215 1562 2272 videre
1589 2215 1653 2272 licet
1676 2231 1761 2288 quam

966 2305 1076 2377 proprie
1089 2304 1196 2362 dicatur
1213 2307 1302 2376 gustui
1325 2306 1476 2364 convenire.
1493 2306 1530 2361 ob
1554 2305 1683 2374 majorem
1697 2318 1764 2377 pru·

967 2394 1037 2451 fecto
1052 2393 1232 2460 dulcedinem,
1248 2405 1276 2450 et
1293 2395 1420 2466 quoniam
1443 2394 1489 2450 hic
1501 2408 1598 2451 sensns
1618 2395 1694 2451 solus
1707 2388 1761 2462 ιιι,

966 2497 1021 2554 qrto
1035 2481 1122 2556 magis
1135 2491 1199 2552 eget
1211 2484 1330 2540 humana
1344 2484 1408 2541 vita.
1422 2485 1480 2541 Neo
1493 2484 1572 2541 viden
1583 2500 1639 2555 qua
1654 2484 1763 2542 ratione

969 2573 1057 2629 virere
1077 2572 1208 2628 dicendus
1230 2581 1280 2635 est,
1295 2576 1388 2630 saltem
1408 2575 1459 2631 hac
1481 2574 1617 2631 communi
1636 2573 1700 2641 vite,
1716 2575 1763 2645 qui

967 2676 1021 2717 uon
1036 2675 1084 2717 eos
1105 2660 1193 2732 diligit
1206 2660 1277 2717 inter
1290 2677 1359 2734 qnos
1378 2662 1452 2718 tivit.
1469 2662 1552 2719 Amor
1566 2673 1655 2720 autent
1673 2677 1763 2736 gene·

967 2750 1044 2815 ralis,
1073 2764 1127 2816 ouo
1154 2749 1281 2805 uidelicet
1314 2765 1409 2807 omnes
1440 2752 1565 2829 homines
1598 2751 1762 2826 diliguntur,

968 2839 1097 2894 odoratus
1119 2838 1201 2895 habet
1229 2839 1442 2910 similitudinem,
1465 2839 1492 2895 in
1516 2855 1549 2896 eo
1571 2838 1665 2913 obque
1687 2840 1763 2911 qttod

967 2927 1011 2983 hic
1026 2943 1122 2982 sensus
1135 2928 1192 2997 jam
1206 2929 1350 2984 remotiora
1364 2929 1505 3001 percipiat,
1519 2937 1547 2985 ιι
1560 2928 1644 3000 qaod,
1659 2916 1715 2985 uon
1729 2943 1764 2984 ex

970 3022 1026 3072 toto
1055 3016 1174 3073 earnalis
1200 3017 1387 3075 delectationis
1410 3033 1517 3090 expers,
1540 3032 1574 3075 ao
1600 3025 1689 3075 umen
1718 3026 1764 3073 ιι-

970 3105 1092 3161 naiorem
1107 3119 1168 3160 earn
1188 3105 1296 3175 habeat,
1311 3121 1366 3176 quo
1383 3105 1567 3162 ntnnstonern.
1581 3104 1702 3162 Auditae
1715 3122 1765 3161 att·

969 3201 1023 3248 tetn
1039 3192 1123 3249 tnulto
1137 3196 1223 3266 magis
1238 3194 1381 3250 remotiora
1395 3195 1477 3264 cupit,
1492 3209 1544 3250 nec
1556 3193 1627 3249 iuter
1640 3194 1767 3250 liomines

969 3282 1003 3334 ah
1018 3291 1123 3335 amante
1136 3280 1278 3351 quisquam
1292 3282 1420 3338 remotior
1433 3287 1484 3352 est,
1495 3295 1576 3349 quam
1588 3293 1644 3336 non
1658 3294 1765 3337 ornans.

938 3426 940 3431 ,
969 3367 1091 3439 Denique
1105 3383 1164 3423 cunt
1185 3368 1215 3422 in
1236 3369 1340 3424 caeteris
1362 3370 1487 3426 sensibus
1509 3368 1638 3425 nonnulla
1653 3364 1765 3425 1101

970 3455 1060 3510 carnis
1085 3456 1173 3526 ipsius
1200 3455 1344 3513 oblectatio
1366 3461 1412 3524 sit,
1435 3465 1463 3514 et
1486 3456 1574 3531 magis
1595 3459 1629 3513 ad
1655 3471 1766 3514 caruem

971 3543 1106 3612 pertinere
1138 3545 1291 3610 videantur,
1321 3545 1428 3601 auditus
1455 3561 1528 3617 pene
1564 3552 1636 3600 totns
1668 3544 1725 3603 exit
1751 3560 1767 3600 a

971 3646 1063 3701 carne,
1080 3633 1147 3688 etei
1163 3633 1301 3689 dilectioni
1315 3649 1369 3689 non
1384 3634 1517 3690 immerito
1536 3634 1681 3692 maroniae
1695 3634 1768 3690 ride-

971 3730 1025 3789 tur,
1037 3721 1118 3790 cnjus
1132 3729 1188 3777 tota
1198 3736 1280 3777 causa
1294 3721 1449 3778 obedientia
1463 3724 1522 3776 est:
1538 3736 1620 3793 qoam
1635 3722 1768 3794 portium

969 3807 1003 3864 ad
1017 3809 1136 3866 anditum
1148 3809 1214 3865 satis
1224 3809 1337 3864 evidens
1345 3819 1394 3875 ast,
1405 3824 1467 3866 oum
1476 3817 1645 3877 coetemmm,
1655 3819 1687 3867 ιιι
1695 3810 1768 3866 dixi·

121 3930 168 3980 ωε
181 3922 253 3993 (qum
271 3931 313 3980 es,
338 3922 397 3978 sine
419 3923 501 3979 dubio
520 3925 592 3981 Deus
611 3924 686 3997 mus)
700 3925 799 3981 simin„
820 3926 915 3998 largi&
969 3913 1040 3964 ntus,
1050 3897 1227 3954 dilectionum
1244 3897 1378 3954 nonnulla
1390 3914 1406 3954 a
1418 3913 1499 3955 carne
1512 3907 1634 3955 sumator
1646 3898 1769 3957 masin.

121 4020 173 4068 tur.
197 4011 294 4083 Neque
321 4010 392 4066 enirn
415 4010 506 4069 virere
526 4010 641 4069 dicenda
668 4020 709 4070 est
732 4015 831 4080 anima,
854 4030 915 4086 quae
1009 4015 1037 4068 3.
1052 4011 1137 4069 Porro
1162 4011 1352 4086 risusquidrrn
1373 4011 1400 4068 in
1414 4028 1447 4068 eo
1462 4012 1512 4068 sihi
1531 4011 1648 4069 vindicat
1664 4012 1770 4070 amoris

120 4099 239 4158 veritatis
259 4115 312 4155 non
331 4098 413 4155 habet
431 4098 622 4173 cognitionem,
637 4100 686 4156 sed
710 4101 796 4156 adhuc
817 4116 920 4159 mortua
973 4101 1057 4160 divini
1081 4100 1296 4166 similitudinem,
1309 4102 1382 4174 quod
1406 4100 1509 4157 caeteris
1527 4101 1655 4157 omnibus
1677 4102 1771 4159 excel·

121 4195 163 4244 est
176 4187 204 4243 itt
228 4186 386 4259 semetipsa3
402 4187 631 4260 quemadmodum
654 4196 680 4245 et
702 4204 741 4266 ea,
752 4189 809 4246 sine
824 4206 917 4257 sensu,
936 4189 1073 4271 nlentior
1091 4196 1118 4247 et
1142 4189 1288 4266 singularis
1307 4189 1448 4260 cuiusdam
1470 4197 1571 4246 natorae
1588 4189 1774 4262 perspicacior

120 4294 182 4352 quae
208 4276 323 4333 necdum
346 4275 428 4332 habet
453 4274 635 4334 dilectionem.
660 4276 708 4333 Est
729 4293 795 4352 ergo
823 4279 919 4336 anirnae

121 4366 186 4433 rita,
209 4365 328 4432 veritas;
354 4379 467 4434 sensus,
486 4365 612 4422 charitas.
635 4367 692 4422 Nec
716 4366 822 4424 mireris
846 4370 920 4438 quod

122 4454 257 4511 interdurn
286 4453 385 4509 animae
411 4453 555 4521 impiorum
580 4455 701 4513 uobtiam
724 4456 825 4514 habeut
847 4459 920 4515 veri-

122 4544 195 4611 tatis,
208 4559 269 4615 quae
288 4552 377 4600 ιιιιιιιι
397 4551 521 4614 expertes
543 4552 605 4601 sunt
625 4545 785 4602 charitatis:
811 4549 921 4620 quando

123 4642 149 4689 et
163 4633 190 4688 in
209 4632 372 4704 corporibus
387 4633 521 4690 nonnullis
535 4634 616 4690 uitam
632 4636 735 4706 reperis
755 4635 813 4692 sine
826 4652 919 4702 sensa,

101 4731 152 4788 Ιιιι
179 4727 241 4777 sunt
268 4722 381 4777 arbores
408 4729 558 4794 caeteraque
582 4722 689 4790 similia,
715 4725 832 4780 animata
859 4725 922 4798 qui·

122 4813 193 4876 dem,
214 4809 264 4867 sed
290 4810 464 4877 animatione,
489 4821 517 4867 ιι
540 4829 594 4869 non
617 4812 715 4867 anima.
740 4813 922 4883 Quemadmo-

123 4899 188 4955 dum
201 4907 229 4955 et
246 4899 343 4955 anitnae
365 4898 518 4972 iniquorum
537 4901 656 4957 veritatis
680 4901 778 4958 habent
797 4903 920 4961 notitiam

124 4988 239 5043 naturali
266 4988 381 5059 ratione,
401 5004 464 5059 quat
489 4999 576 5046 tamen
597 4990 731 5046 interdum
755 4991 922 5062 adjuvantur

123 5090 139 5129 a
162 5075 259 5147 gratia,
273 5093 333 5133 cunt
359 5078 512 5134 nullatenus
532 5095 596 5135 sane
610 5079 762 5136 animentur
776 5080 811 5135 ab
833 5095 874 5138 ea.
890 5083 919 5137 ln

125 5164 167 5218 his
190 5173 277 5218 autern
303 5164 402 5235 quibua
424 5172 453 5221 et
474 5166 655 5238 cognitionem
674 5168 804 5235 veritatis,
828 5176 854 5225 ιι
877 5169 920 5223 ct·

123 5251 264 5309 lectionem
295 5253 384 5308 anima
414 5254 562 5326 spiritualis
595 5255 724 5324 infundit,
756 5273 808 5314 nou
842 5264 919 5314 exte-

123 5339 189 5397 riori
210 5337 334 5412 quolibet
359 5346 449 5406 modo.
466 5343 514 5401 sed
529 5352 655 5418 ιιιιιιιιιιι
674 5345 765 5402 anima
787 5345 920 5415 ipsoram,

122 5428 167 5484 cui
192 5429 359 5484 adherentes
389 5444 458 5485 unus
486 5431 596 5504 spiritus
620 5433 687 5489 liutrt
714 5449 776 5490 curn
808 5448 857 5505 ea,
892 5433 919 5489 in

123 5516 179 5588 bis,
203 5515 324 5589 inquunt,
353 5514 469 5577 indivisa
496 5525 538 5576 est
565 5520 686 5592 cognitio
713 5520 842 5587 veritatis,
871 5536 919 5578 se·

974 4294 1084 4351 quoque
1102 4278 1208 4337 caetetis
1226 4279 1362 4336 invenitur
1383 4287 1409 4337 et
1432 4278 1563 4337 discernit
1576 4278 1661 4336 multo
1677 4295 1771 4337 remo-

974 4370 1051 4426 tiora.
1067 4368 1190 4442 Denique
1205 4367 1333 4424 odoratus
1351 4367 1461 4442 quidem
1475 4379 1504 4425 et
1521 4367 1630 4425 auditus
1642 4367 1772 4426 uidentur

974 4457 1066 4530 utique
1080 4464 1183 4513 remota
1196 4456 1309 4528 sentire;
1329 4457 1378 4514 sed
1391 4456 1424 4513 ad
1449 4473 1478 4512 se
1491 4455 1580 4530 magis
1598 4471 1683 4528 quem
1703 4472 1771 4513 sea-

974 4548 1041 4603 liant
1054 4560 1144 4602 aerem
1168 4546 1324 4612 creduntur,
1339 4547 1483 4602 attrahere.
1501 4545 1580 4601 Visus
1598 4550 1691 4601 autem
1716 4560 1773 4602 non

976 4635 1020 4707 ita,
1049 4635 1097 4692 sed
1121 4635 1208 4708 tnagis
1233 4638 1292 4707 ipse
1317 4637 1390 4693 exire
1417 4636 1526 4695 ridetur
1553 4643 1581 4692 et
1609 4634 1644 4690 ad
1666 4644 1773 4692 remota

976 4725 1133 4794 procedere.
1163 4724 1207 4781 Sic
1235 4731 1261 4780 et
1290 4724 1317 4778 in
1351 4722 1541 4781 dilectionibus
1568 4731 1620 4779 ιιι.
1645 4721 1774 4793 Quodam

976 4812 1055 4868 modo
1087 4811 1159 4868 enim
1187 4813 1345 4870 attrahimus
1371 4811 1523 4884 proximos,
1545 4825 1614 4885 quos
1640 4817 1773 4885 truquun

974 4904 1117 4974 nosipsos
1140 4900 1303 4975 diligemus:
1327 4900 1487 4957 attrahimus
1505 4907 1531 4956 et
1549 4899 1686 4973 inimicos,
1701 4917 1774 4973 quos

975 4990 1009 5046 ad
1037 4992 1089 5047 hoc
1120 4990 1258 5065 diligimus
1285 4999 1315 5047 ut
1342 4991 1398 5046 sint
1426 5000 1452 5047 et
1477 4989 1529 5059 ipsi
1557 4990 1625 5046 sicut
1655 5005 1718 5059 nos,
1738 4988 1773 5047 id

974 5087 1016 5135 ιιι
1032 5087 1063 5135 ut
1085 5080 1140 5137 sinl
1162 5079 1251 5137 amici.
1276 5080 1363 5136 Deum
1387 5095 1452 5136 tero
1477 5079 1509 5145 si,
1532 5086 1562 5135 at
1581 5079 1695 5151 dignum
1718 5085 1771 5149 est,

976 5177 1029 5225 tota
1064 5167 1173 5236 virtute,
1206 5179 1261 5226 tota
1289 5170 1390 5234 anima,
1416 5169 1480 5225 todo
1507 5168 1590 5224 corda
1621 5166 1771 5242 diligimus,

975 5257 1027 5327 ipsi
1050 5258 1138 5331 magis
1163 5259 1190 5314 in
1212 5275 1273 5312 ιιιιιι
1298 5258 1444 5330 pergimus,
1470 5265 1497 5313 et
1519 5265 1576 5312 tota
1601 5254 1773 5312 festinatione

973 5346 1000 5401 in
1020 5361 1093 5412 euro,
1109 5347 1153 5419 qui
1168 5347 1343 5405 ineffabiliter
1358 5362 1440 5418 supra
1453 5360 1505 5403 nos
1517 5351 1569 5410 est,
1580 5360 1770 5418 properamus.

1010 5437 1037 5491 i.
1056 5437 1115 5492 Jatn
1138 5452 1203 5494 vero
1226 5446 1252 5493 et
1274 5436 1300 5492 id
1322 5436 1499 5493 manifestum
1520 5441 1572 5500 ιιι,
1589 5433 1721 5504 quonlam
1742 5433 1770 5489 iu

974 5522 1096 5594 corporis
1119 5525 1243 5580 sensibus
1270 5525 1343 5581 tisus
1365 5524 1475 5596 quidem
1500 5521 1607 5581 ιιιιιίι
1630 5522 1769 5588 omuibus,
