3734 5948
161 187 220 249 aaa
448 238 456 253 χ
631 176 658 236 ε.
680 171 849 236 mannans
869 172 1008 238 lunaris
1027 180 1342 246 onaan-vmrnnsrs
1377 145 1380 150 ⁴
1755 182 1810 246 aaa

164 329 235 386 opus
253 306 362 382 pietatis
375 301 504 376 praeteriit
518 299 699 358 Malachiam?
719 301 825 374 Pauper
840 298 899 367 tibi,
913 298 1000 402 sedq
1049 307 1075 361 l.
1103 305 1169 364 Sine
1191 307 1342 367 turbatione
1368 310 1525 369 versabatur
1545 307 1573 365 in
1596 307 1686 366 turbis
1716 326 1725 366 r
1751 306 1810 367 sine
1855 312 1860 353 ἰ

165 404 243 460 divos
267 394 431 470 pauperibus
452 401 519 447 erat.
544 390 625 448 Pater
643 391 835 461 orphanorum,
851 390 962 446 maritus
1014 393 1067 450 otio
1083 401 1199 466 tempus,
1223 398 1295 470 quod
1320 397 1374 455 otio
1397 397 1517 470 dederat,
1544 385 1721 471 transigebat.
1737 395 1810 466 Quo-
1856 434 1860 439 -

163 494 325 554 viduarum,
351 491 480 556 patronus
506 480 607 537 exstitit
635 496 839 551 oppressorum.
864 480 963 536 Hilaris
1015 485 1096 540 modo
1111 485 1223 551 otiosus,
1243 488 1351 559 qnando
1373 487 1549 544 exercebatur
1567 487 1593 542 in
1607 484 1811 558 justificationi·
1858 524 1860 529 ·

163 583 256 644 dator,
282 575 380 649 petitor
404 588 498 640 rarus,
527 580 655 642 acceptor
677 570 857 625 verecundus.
885 569 962 625 Pacis
1015 571 1065 628 bns
1080 573 1211 631 Domini?
1233 577 1300 630 Nam
1316 575 1368 631 etsi
1395 576 1508 632 habebat
1532 583 1640 649 tempus
1657 573 1811 632 libernma

163 666 341 731 reformandas
363 663 433 719 inter
456 661 645 718 discordantes
667 657 718 714 fuit
736 658 774 713 illi
798 675 863 716 cura
876 659 962 714 maai·
1016 662 1219 720 necessitatibus
1238 664 1367 737 plebium,
1383 680 1437 720 uon
1457 673 1548 722 tamen
1563 681 1579 720 a
1596 664 1698 721 sanctis
1722 664 1811 721 medi·

164 774 217 825 ma,
233 765 260 813 et
269 751 393 811 efficacia
402 749 499 806 multa.
516 748 582 817 Quis
597 762 673 821 teque
688 745 787 821 piusad
802 745 963 818 compatien-
1016 750 1162 808 talionibus
1182 751 1317 822 feriatum,
1328 768 1382 809 non
1393 754 1487 811 orandi
1506 754 1606 824 studio,
1617 753 1744 826 nonipso
1755 756 1811 810 otio

166 848 242 913 dum,
258 846 293 901 ad
308 840 523 900 subveniendum
539 847 690 908 promptus,
706 837 738 890 ad
763 834 961 906 corripiendum
1016 841 1228 913 contemplandi.
1243 842 1336 898 Sermo
1352 843 1390 898 illi
1411 843 1438 899 in
1455 854 1575 915 tompore
1589 843 1639 899 otii
1653 855 1698 900 aut
1713 844 1811 910 serius,

152 934 258 1014 ,liberi
274 935 341 988 Nam
358 939 384 987 et
403 927 574 991 sanuserat,
594 941 645 982 nec
658 926 752 980 deerat
767 923 890 994 scientia,
911 926 962 981 zeli
1016 936 1062 984 aut
1076 929 1175 987 nullus.
1186 929 1320 1003 aspectus
1328 933 1440 1004 ejusaut
1450 931 1597 1002 officiosus,
1608 939 1656 988 aut
1665 931 1812 1000 demissus,

165 1025 251 1099 ipsius
265 1018 439 1079 moderatrix.
458 1017 489 1072 Et
503 1016 613 1089 quidem
637 1015 758 1072 infirmus
775 1013 899 1080 infirmis,
914 1013 962 1070 scd
1015 1028 1042 1074 ot
1055 1020 1190 1077 cohibitus
1214 1020 1284 1077 intra
1307 1037 1346 1076 so,
1369 1021 1475 1093 Nempe
1499 1020 1584 1095 (quod
1613 1035 1667 1077 non
1681 1020 1813 1077 mediocri

165 1111 341 1172 nibilominus
359 1107 516 1179 potentibus
536 1115 641 1178 polens,
667 1105 792 1176 superbit
807 1103 961 1168 resistebat.
1015 1107 1089 1164 laudi
1100 1108 1169 1165 inter
1176 1108 1312 1181 sapientes
1322 1109 1608 1181 ducitur)oculnsejus
1616 1109 1644 1164 in
1653 1107 1744 1181 capite
1755 1108 1814 1178 ejus

72 1219 74 1223 ’
164 1211 293 1277 tgmnnos
320 1198 488 1263 verberabat,
514 1212 610 1270 regum
639 1195 766 1267 magister
790 1209 821 1250 ac
849 1190 962 1249 tosa
1016 1197 1115 1269 (flecte.
1138 1214 1167 1270 rr,
1186 1199 1241 1271 ts),
1265 1214 1396 1273 nusquam
1425 1199 1547 1264 avolans,
1569 1198 1622 1254 nisi
1643 1214 1706 1255 curn
1719 1195 1815 1256 virtuti

163 1291 327 1366 principum.
350 1288 412 1360 lpse
427 1295 477 1355 est,
492 1285 539 1356 qni
554 1285 609 1357 regi
635 1283 737 1341 orando
752 1284 839 1339 visum
855 1290 882 1339 et
901 1296 962 1337 ma·
1017 1287 1157 1360 paruisset.
1188 1288 1267 1344 Risus
1290 1297 1337 1343 aut
1358 1287 1479 1344 indicans
1502 1287 1648 1358 charitatis,
1672 1296 1720 1344 aut
1743 1302 1812 1358 pro·

162 1380 275 1453 lignanti
298 1377 367 1444 tulit,
392 1383 419 1430 ct
446 1373 586 1430 humiliato
612 1370 738 1430 restitnit.
761 1372 823 1442 lpse
844 1377 893 1440 est,
917 1371 963 1444 qui
1015 1391 1141 1432 vocans:
1166 1390 1244 1431 rarus
1267 1385 1355 1432 amen
1379 1383 1405 1431 et
1428 1375 1496 1449 ipse.
1521 1376 1652 1450 liquidem
1674 1375 1814 1431 interdum

163 1470 238 1544 pacis
255 1483 334 1541 quam
358 1465 460 1522 teeemt
483 1461 638 1531 violatores,
659 1460 765 1532 spiritui
789 1459 890 1518 erroris
904 1467 962 1516 tra·
1017 1466 1139 1531 eductus,
1156 1480 1288 1521 excussus
1301 1480 1460 1538 nunquam:
1477 1466 1525 1538 qui
1544 1465 1581 1519 ita
1596 1465 1730 1522 nuntiaret
1747 1479 1812 1521 eor-

163 1557 245 1625 ditos,
261 1557 407 1612 frustratus
430 1562 471 1609 est
497 1552 525 1607 in
549 1552 619 1606 malo
647 1551 721 1622 quod
748 1549 837 1606 facere
858 1549 962 1621 cogita·
1016 1553 1058 1608 dis
1072 1551 1204 1622 letitiam,
1221 1562 1250 1610 ut
1263 1554 1302 1611 ori
1317 1552 1432 1626 gratiam
1453 1568 1507 1609 non
1532 1552 1675 1622 minueret,
1700 1550 1751 1608 sed
1764 1567 1814 1607 an·

164 1649 229 1704 bant
244 1663 251 1700 ε
268 1661 299 1702 ac
312 1645 402 1700 denno
424 1641 514 1713 coegit
538 1641 571 1694 ad
594 1655 697 1712 pacem,
712 1638 840 1695 confusos
854 1636 964 1710 quidem
979 1609 1001 1688 Β
1017 1652 1101 1718 geret.
1118 1642 1183 1699 Tam
1207 1643 1355 1710 modestus,
1381 1652 1411 1698 ut
1429 1641 1546 1698 levitatis
1566 1658 1619 1699 non
1638 1650 1731 1713 posset
1752 1656 1815 1698 esse

163 1744 191 1794 et
204 1735 367 1808 stupefactos
382 1732 410 1787 in
425 1745 457 1787 eo
476 1729 548 1802 quod
564 1728 616 1784 sibi
635 1725 793 1799 contigemt.
814 1727 874 1798 Ipse
889 1723 961 1781 enim
1017 1743 1158 1803 suspectus
1178 1753 1184 1790 :
1207 1732 1327 1789 tantillus
1354 1740 1455 1803 tamen,
1474 1740 1502 1788 ut
1523 1731 1636 1788 hilarem
1658 1730 1762 1788 vultum
1779 1731 1815 1785 ab

163 1833 214 1892 est,
230 1824 271 1882 cui
294 1824 423 1879 adversus
441 1819 520 1886 alios,
542 1816 613 1890 pacti
629 1832 707 1890 aeque
731 1816 962 1888 prevaricatores,
1017 1821 1092 1876 omni
1107 1820 1220 1878 tristitiae
1234 1837 1310 1877 naevo
1325 1821 1365 1878 vel
1393 1820 1487 1877 nubilo
1503 1819 1639 1877 vindicare
1663 1817 1815 1877 sufficeret.

163 1915 238 1972 rivus
260 1910 460 1969 officiosissime
482 1907 587 1973 adfuit,
607 1907 675 1962 miro
690 1905 771 1962 modo
790 1904 898 1974 objectu
921 1902 964 1959 sni
1017 1909 1326 1984 omanusporfmrum!
1345 1911 1564 1967 oholoooustum
1578 1907 1723 1983 pingoelo
1738 1909 1816 1965 obse.

165 2018 300 2060 evacuans
320 2000 458 2057 molimina
489 1996 646 2069 impiorum.
669 1995 771 2052 Imbres
792 2009 845 2050 non
875 2004 963 2064 erant,
1018 2000 1110 2073 quiam
1128 2010 1235 2073 gratum
1254 2009 1345 2057 mente
1363 2006 1390 2055 et
1409 1999 1506 2056 manni
1532 1995 1618 2067 Quam
1637 2000 1724 2055 bonus
1747 1996 1817 2054 odor

164 2106 219 2148 110⁰
234 2089 339 2147 illuviffl
354 2101 495 2161 aquarum,
516 2099 571 2141 ¹¹⁰ss
593 2081 885 2150 0⁰ss0¹¹l⁸11⁵¹¹¹¹bi¹¹1111
910 2096 964 2136 1¹0ss
1018 2089 1076 2147 Deo
1091 2089 1118 2144 in
1133 2088 1301 2146 orationibus
1324 2088 1420 2145 otiosi!
1436 2102 1520 2162 quam
1543 2086 1633 2144 bonus
1659 2085 1817 2143 bominibus

165 2178 321 2254 liquefactio
334 2176 435 2233 nivium
452 2192 460 2231 :
477 2190 538 2231 cnm
554 2172 645 2229 subito
657 2173 743 2229 factus
753 2179 796 2228 est
810 2172 837 2226 in
854 2170 965 2226 fluvium
1018 2180 1046 2235 111
1061 2179 1205 2236 sudoribus
1219 2176 1359 2251 occupari!

162 2259 306 2341 magnum,
326 2266 372 2340 qui
386 2265 490 2323 rivulus
507 2269 563 2320 erat
579 2279 586 2320 ε
602 2269 629 2319 et
644 2260 718 2319 rivus
728 2261 793 2330 ibat,
808 2270 836 2317 et
849 2261 966 2318 intuma·
1055 2272 1081 2325 5.
1098 2270 1150 2324 Pro
1164 2267 1317 2338 hujusmodi
1332 2281 1398 2338 ergo
1412 2265 1526 2323 dilectus
1544 2266 1630 2323 aDeo
1646 2274 1674 2321 et
1694 2262 1816 2321 bomini·

167 2359 259 2416 scebat
272 2356 417 2424 inundans,
433 2363 460 2411 et
478 2368 582 2430 negans
596 2355 706 2408 omnino
718 2351 859 2408 transitum
874 2351 966 2408 volen·
1019 2359 1082 2428 bus,
1103 2373 1156 2413 non
1179 2356 1312 2412 immerito
1335 2355 1416 2413 hodie
1440 2354 1581 2412 Malachiae
1599 2353 1627 2409 ia
1647 2351 1817 2411 consortium

167 2448 242 2505 tibus
255 2446 408 2518 malignari.
1021 2448 1178 2520 angelornm
1193 2445 1330 2517 recipitur,
1346 2445 1512 2516 readeptus,
1528 2443 1602 2516 quod
1615 2443 1725 2501 nomine
1740 2442 1815 2500 dioe-

205 2541 231 2593 3.
248 2535 354 2606 Quanta
376 2532 528 2589 audivimus
550 2538 576 2587 el
598 2530 777 2604 eognovimus
800 2545 832 2586 et
854 2529 889 2585 de
908 2529 966 2585 2810
1020 2536 1108 2593 batur.
1123 2535 1156 2591 Et
1169 2535 1278 2608 quidem
1293 2542 1354 2589 ante
1368 2533 1482 2606 angelus
1504 2540 1562 2591 erat
1589 2549 1642 2589 non
1658 2532 1749 2588 minus
1762 2547 1817 2603 pu·

168 2627 221 2683 viri
236 2635 263 2682 et
276 2625 379 2680 ultione
399 2623 581 2688 inimicorum,
597 2636 659 2677 cnm
683 2628 772 2675 tamen
785 2630 858 2675 esset
878 2619 968 2675 suavis
1020 2622 1111 2693 ritate,
1131 2640 1211 2696 quarn
1234 2627 1360 2692 nomine;
1375 2624 1426 2681 sed
1448 2638 1519 2679 nnnc
1540 2621 1643 2680 felicius
1657 2623 1770 2696 gloriosi
1789 2621 1817 2676 in

167 2715 289 2781 atmitis,
303 2722 330 2769 et
344 2714 434 2768 multae
458 2709 652 2767 misericordia
666 2708 793 2764 omnibus
815 2708 965 2765 necessita·
1022 2727 1055 2768 eo
1083 2712 1269 2786 interpretatio
1293 2712 1411 2770 nominis
1430 2711 1602 2784 adimpletur,
1626 2712 1736 2784 quando
1759 2711 1817 2783 pari

166 2813 223 2862 tem
247 2802 437 2877 patientibns‘l
462 2799 512 2868 Qui
537 2799 613 2871 qnasi
632 2814 703 2854 unns
726 2796 845 2853 omnium
869 2812 967 2867 parans
1021 2817 1082 2857 cum
1097 2801 1199 2875 angelis
1215 2802 1301 2873 gloria
1315 2811 1342 2858 et
1357 2802 1482 2858 felicitate
1504 2802 1617 2860 laetatnr.
1639 2800 1817 2873 Congratule·

167 2895 274 2952 vivebat
287 2893 433 2956 omnibus;
450 2891 527 2963 qnasi
544 2888 644 2964 gallina
668 2888 756 2962 pullos
771 2902 846 2953 suos,
863 2888 903 2944 sic
921 2888 966 2942 fo-
981 2892 1003 2972 ῃ
1020 2907 1081 2946 mnr
1094 2889 1199 2963 itaque,
1220 2889 1325 2957 fratres,
1342 2890 1575 2963 congratulemur,
1595 2897 1624 2945 nt
1637 2889 1751 2962 dignum
1765 2900 1816 2955 est,

167 2985 247 3042 vebat
262 2998 366 3041 omnes.
382 2990 408 3037 et
419 2981 446 3035 in
465 2980 617 3039 velamento
633 2977 733 3034 alarum
749 2992 859 3032 suarum
873 2982 967 3048 prote·
1023 2979 1094 3050 patri
1110 2991 1218 3045 uostro;
1234 2978 1297 3051 qnia
1310 2987 1337 3035 et
1350 2979 1424 3050 pium
1448 2987 1499 3046 est,
1516 2978 1669 3035 defunctum
1686 2979 1819 3050 plangere

169 3075 261 3148 gebat.
277 3074 339 3129 Non
354 3087 448 3141 sertus,
463 3084 518 3125 non
532 3078 609 3138 aetas,
629 3082 683 3124 non
697 3065 816 3124 conditio
830 3066 970 3122 discerne-
1022 3069 1176 3126 lfalacbiam
1190 3087 1197 3141 3
1218 3066 1328 3124 toas
1342 3075 1369 3124 et
1384 3068 1459 3140 pium
1481 3066 1575 3141 magis,
1591 3065 1728 3122 lfalacbiae
1747 3081 1818 3121 con·

169 3165 260 3231 batur,
275 3170 322 3219 ant
335 3177 452 3235 persona
469 3177 475 3217 :
494 3162 585 3215 deerat
607 3156 720 3230 nemini,
736 3173 854 3228 expanso
877 3156 968 3213 omni·
1023 3161 1141 3232 gaudere
1163 3158 1274 3214 viventi.
1289 3157 1418 3229 Nunquid
1434 3173 1488 3213 non
1511 3156 1595 3213 vivit?
1608 3155 1644 3212 nt
1665 3156 1755 3214 beate.
1770 3155 1820 3212 Ni-

171 3253 222 3308 bns
254 3248 360 3322 gremio
387 3248 502 3320 pictatis.
532 3248 571 3302 De
603 3261 763 3319 quacunque
793 3244 970 3301 tribulatione
1022 3246 1212 3305 mirumvisns
1231 3257 1272 3303 est
1294 3245 1579 3318 oculiainsipientium
1598 3246 1678 3314 mori,
1694 3245 1740 3303 ille
1767 3261 1818 3302 an·

171 3341 335 3398 clamaretur
349 3336 383 3392 ad
398 3353 471 3404 eum,
487 3335 627 3408 propriam
651 3334 814 3407 reputabat:
830 3334 881 3390 nisi
897 3333 969 3404 qnod
1024 3343 1078 3392 tem
1090 3345 1132 3392 est
1146 3336 1172 3391 in
1188 3351 1266 3407 pace.
1281 3335 1403 3406 Denique
1415 3336 1472 3406 jam
1487 3335 1608 3393 concivis
1622 3343 1777 3392 sanctornm
1792 3341 1820 3390 et

172 3431 200 3486 in
215 3446 263 3485 sua
278 3427 391 3500 patiens,
405 3427 433 3481 in
447 3425 532 3481 aliena
546 3424 712 3495 compatiens
731 3432 797 3495 erat,
812 3424 970 3495 plerumque
1023 3424 1185 3481 domesticus
1207 3423 1266 3492 Dei,
1282 3424 1372 3495 psallit
1394 3424 1504 3496 pariter,
1518 3435 1545 3481 et
1569 3424 1624 3498 egit
1646 3423 1758 3496 gratias,
1780 3425 1820 3480 di·

172 3529 200 3576 et
215 3516 369 3592 impatiens.
383 3515 583 3585 Nonnunquam
609 3512 742 3584 siquidem
768 3512 886 3584 repletus
900 3514 969 3578 zelo,
1023 3529 1104 3571 cens:
1117 3514 1364 3587 Trousiuimaspcr
1373 3513 1502 3585 ipsemet
1516 3519 1665 3587 aquomst
1674 3515 1821 3572 induciati

174 3623 223 3682 pro
238 3607 297 3663 aliis
312 3607 339 3660 in
355 3605 423 3660 alios
438 3602 610 3668 movebatur,
636 3610 665 3656 ut
682 3600 800 3674 eripiens
824 3601 927 3673 inopes,
944 3607 971 3656 et
1024 3622 1074 3663 aas
1089 3605 1122 3661 irc
1131 3605 1314 3676 refrigerium
1336 3606 1425 3675 (Paul.
1440 3620 1508 3672 nav,
1520 3605 1576 3678 la),
1591 3604 1725 3662 Transivit
1740 3604 1819 3677 plana

172 3697 324 3771 reprimens
351 3693 452 3766 fortes,
476 3694 634 3748 consuleret
655 3690 770 3763 proinde
793 3690 919 3746 omnibus
942 3691 970 3746 in
1024 3692 1150 3761 viriliter,
1179 3702 1206 3749 et
1228 3692 1342 3750 feliciter
1370 3693 1548 3764 pertransivit.
1580 3695 1667 3752 verus
1692 3693 1820 3750 llebroeut

172 3790 299 3862 salutem.
321 3785 415 3857 ltaque
433 3782 610 3849 irascebatur,
633 3782 680 3837 sed
703 3796 736 3836 nc
757 3796 812 3837 non
830 3780 971 3837 irascendo
1024 3784 1123 3854 pascha
1150 3782 1295 3841 celebravit
1322 3783 1350 3837 in
1378 3782 1486 3854 spiritu,
1516 3790 1543 3839 et
1577 3781 1657 3838 nobis
1687 3781 1820 3839 transiens

174 3877 272 3947 [aliua
287 3888 321 3929 ne
337 3871 489 3945 irascendo]
500 3880 633 3943 peccaret,
644 3873 720 3942 juxta
731 3869 797 3926 illud
811 3869 846 3926 de
853 3871 969 3943 psalmo:
1025 3871 1186 3944 loquebatur
1200 3890 1207 3927 :
1223 3871 1365 3928 Desiderio
1380 3871 1529 3930 desideravi
1543 3872 1596 3928 hoc
1615 3869 1718 3926 Pascha
1740 3887 1818 3927 man·

175 3963 491 4027 sacramentotenus
509 3977 624 4035 peccare
641 3960 731 4034 (Paul.
746 3976 784 4028 rv,
804 3960 841 4032 bl,
865 3975 920 4017 non
933 3959 973 4014 ira
1025 3960 1125 4018 ducere
1143 3960 1214 4033 apud
1238 3976 1298 4017 vos.
1323 3960 1456 4016 Transivit
1479 3977 1527 4033 per
1547 3959 1638 4034 ignem
1658 3967 1687 4015 et
1711 3975 1820 4033 aquam,

175 4054 224 4122 illi,
240 4053 286 4110 sed
303 4052 363 4125 ipse
377 4050 467 4107 animo
481 4049 680 4110 dominabatur.
695 4053 757 4107 Erat
775 4050 873 4106 suimet
893 4049 972 4121 potis.
1028 4066 1108 4122 quem
1123 4066 1173 4106 nec
1198 4048 1285 4107 tristia
1305 4049 1438 4122 frangere,
1455 4065 1504 4107 nec
1527 4049 1646 4106 detinere
1663 4048 1755 4105 mollia
1768 4064 1822 4119 po·

176 4143 249 4219 Sane
264 4142 350 4197 victor
365 4138 416 4208 sui,
434 4137 473 4193 ira
488 4137 610 4210 superari
620 4153 673 4193 non
686 4146 799 4209 poterat.
815 4141 857 4194 lra
871 4140 931 4209 ejus
944 4138 973 4194 in
988 4175 1012 4254 n
1027 4145 1145 4197 tuerunt.
1160 4139 1304 4207 Laetemur,
1319 4140 1391 4212 quod
1411 4140 1524 4211 angelus
1543 4147 1636 4195 noster
1653 4137 1777 4194 ascendit
1791 4136 1824 4192 ad

177 4248 261 4289 manu
275 4232 345 4301 eius.
357 4229 458 4286 Vocata
467 4226 608 4293 veniebat,
624 4226 726 4298 exiens,
742 4242 797 4284 non
808 4244 972 4299 erumpens3
1029 4231 1101 4288 cives
1115 4245 1190 4296 suos,
1210 4244 1261 4303 pro
1284 4227 1346 4286 filiis
1372 4228 1533 4299 captia-tratis
1548 4226 1682 4300 legatione
1697 4228 1824 4300 tangens,

178 4330 247 4378 nntn
266 4335 322 4377 non
341 4320 446 4390 impetn
468 4317 617 4374 ferebatur.
632 4315 694 4370 Non
710 4317 840 4373 urebatur
855 4316 913 4386 illa,
928 4317 976 4372 sed
1030 4318 1113 4376 corda
1130 4319 1208 4376 nobis
1223 4317 1368 4376 concilians
1384 4319 1534 4389 beatorum,
1552 4324 1614 4375 vota
1629 4315 1683 4373 illis
1696 4315 1826 4372 intimans

179 4411 318 4467 utebatur.
340 4410 435 4480 blagna
450 4404 488 4460 illi
504 4413 556 4460 tam
580 4404 607 4458 in
631 4405 693 4472 hoc,
715 4421 795 4477 qnam
819 4405 847 4461 in
872 4405 977 4463 cunctis
1031 4407 1200 4465 miserorum.
1215 4407 1359 4478 Laetamur,
1376 4406 1496 4481 inquam,
1512 4416 1540 4463 et
1558 4407 1738 4472 exsultemus,
1763 4406 1827 4478 quia

178 4499 319 4572 utriusque
334 4497 451 4554 hominis
470 4498 511 4552 sni
537 4495 654 4552 motibus
683 4495 810 4566 regendis
830 4495 872 4550 vel
896 4493 975 4550 colri-
1030 4496 1150 4553 coelestis
1165 4496 1209 4552 illa
1225 4499 1298 4554 curia
1312 4513 1346 4553 err
1360 4497 1541 4568 nobishabet,
1552 4495 1638 4553 cuisit
1650 4511 1715 4552 cura
1729 4496 1827 4562 nostri,

178 4590 285 4660 bandis,
301 4603 423 4644 censurae
442 4586 593 4659 diligentia,
611 4593 637 4642 et
659 4584 863 4658 circumspectio
882 4585 975 4642 multa.
1030 4586 1076 4659 qni
1090 4586 1146 4642 suis
1159 4601 1210 4642 nos
1226 4593 1349 4660 protegat
1362 4586 1555 4658 meritis,qnos
1568 4584 1726 4644 informavit
1738 4601 1829 4642 exent-

178 4679 240 4735 Non
255 4680 327 4736 euim
347 4677 382 4733 ita
398 4677 524 4732 omnibus
539 4675 708 4748 intendebat,
730 4686 758 4733 ut
772 4692 801 4732 se
824 4677 911 4732 solnm
930 4692 977 4733 err·
1031 4676 1091 4748 plis,
1104 4675 1242 4732 miraculis
1257 4675 1435 4736 confirmavit.

180 4778 305 4842 poneret,
319 4767 408 4825 solum
424 4781 498 4823 curae
513 4767 650 4838 exciperet
663 4765 791 4838 generali.
809 4765 872 4822 Erat
893 4772 921 4821 et
934 4765 978 4822 sui
1067 4768 1094 4822 6.
1119 4766 1233 4822 Sanctus
1262 4765 1395 4838 pontifex,
1419 4766 1466 4839 qni
1497 4767 1524 4822 in
1549 4765 1646 4839 spiritu
1669 4765 1830 4823 humilitatis

182 4857 321 4914 sollicitus.
351 4857 473 4928 Seipsum
498 4853 677 4912 custodiebat.
708 4855 746 4910 lta
769 4853 884 4924 deniqne
907 4860 979 4910 totns
1031 4855 1133 4912 hostias
1155 4855 1281 4927 pacificas
1305 4855 1382 4913 coelis
1402 4855 1558 4929 frequenter
1580 4855 1727 4924 invexerat,
1748 4854 1831 4911 bodie

183 4963 258 5020 suus,
273 4956 299 5005 et
313 4953 387 5004 totns
401 4944 520 5003 omnium
545 4953 612 5011 erat,
629 4951 658 5001 ut
682 4960 731 5000 nec
753 4944 869 5010 ebaritas
883 4961 898 5000 a
911 4959 977 4999 cns·
1031 4961 1082 5019 per
1095 4945 1270 5017 semetipsum
1283 4945 1404 5004 introivit
1424 4947 1458 5002 ad
1485 4947 1569 5001 altare
1590 4945 1648 5013 llei,
1663 4944 1721 5017 ipse
1740 4943 1831 5000 hostia

184 5035 256 5090 todia
269 5036 322 5106 sui,
334 5053 386 5093 nec
409 5035 561 5107 proprietas
575 5037 609 5089 ab
633 5033 747 5092 utilitate
761 5033 899 5091 communi
913 5049 978 5089 euna
1031 5042 1059 5091 et
1077 5037 1213 5092 sacerdos.
1233 5035 1365 5108 Migranto
1388 5035 1539 5103 sacerdote,
1563 5033 1688 5091 sacrificii
1714 5034 1782 5091 ritus
1802 5034 1830 5089 in

182 5122 315 5197 impedire
328 5124 370 5182 vel
393 5125 525 5181 retardare
540 5123 568 5178 in
582 5122 671 5197 aliquo
690 5122 838 5183 videretur.
855 5120 884 5177 Si
898 5121 978 5178 vide·
1033 5123 1130 5180 melius
1148 5130 1267 5181 mutatus
1281 5135 1335 5190 est;
1352 5122 1413 5179 fons
1436 5125 1615 5197 lacrymarum
1638 5123 1757 5180 siccatus
1776 5133 1828 5189 est,

183 5232 226 5272 res
241 5213 376 5271 hominem
400 5215 497 5271 mediis
519 5214 677 5272 immersum
700 5213 798 5278 turbis,
814 5219 841 5268 et
865 5211 980 5285 implici·
1032 5212 1221 5270 holocaustam
1245 5229 1324 5272 omne
1344 5212 1467 5270 conditur
1489 5213 1517 5269 in
1545 5211 1636 5269 laetitia
1659 5221 1687 5267 et
1710 5209 1832 5266 exsulta-

183 5314 240 5362 tum
254 5303 336 5371 curis,
352 5303 454 5361 diceres
467 5303 561 5376 patria
576 5312 689 5372 natum,
705 5295 759 5362 non
774 5301 837 5358 sibi.
851 5301 880 5358 Si
899 5302 979 5359 ride·
1034 5303 1118 5363 tione.
1144 5302 1305 5360 Benedictus
1340 5303 1473 5360 Dominus
1499 5303 1573 5360 Deus
1604 5299 1754 5369 lfslscbioe,
1785 5298 1832 5372 qui

183 5412 226 5452 res
246 5395 383 5452 bominem
398 5392 497 5463 solnm,
512 5401 537 5451 et
556 5411 647 5453 εεειιιτι
668 5393 848 5465 habitantem,
871 5399 980 5466 putares
1033 5391 1100 5449 tanti
1115 5390 1249 5466 pontificis
1267 5391 1414 5450 ministerio
1437 5390 1553 5450 visitavit
1572 5391 1681 5464 plebem
1704 5397 1833 5461 suam,et

184 5485 234 5542 soli
248 5486 339 5545 virere
352 5483 411 5542 Deo
425 5489 452 5540 et
465 5481 527 5540 sibi.
1035 5496 1109 5541 nuno
1135 5489 1274 5558 assumpto
1308 5498 1341 5541 eo
1369 5482 1397 5543 in
1429 5490 1548 5544 mactant
1573 5478 1721 5564 ciam,
1748 5486 1833 5541 aare
