3734 5948
115 270 151 328 75
588 262 616 322 S.
635 258 802 320 Blilllidlllil
820 255 957 318 laetale
975 253 1287 317 cutaevtbtansls
1723 258 1758 317 76

115 392 271 454 celorum?
285 390 395 463 (liniti.
410 401 472 457 xxx,
488 387 546 458 li.)
559 385 611 444 Ubi
624 386 753 459 legeras:
770 386 803 442 ln
821 397 907 440 earne
925 396 948 475 Α
964 380 1013 438 nn
1036 378 1178 457 virginalis
1192 397 1200 434 a
1216 380 1288 452 quod
1313 395 1368 436 non
1388 378 1554 452 perturbata,
1570 378 1734 436 fortitudinis
1750 395 1757 433 :

114 476 737 545 mimambulantes,nonsecundumcnrnem
743 473 906 530 militamus
964 470 1037 544 quod
1052 468 1135 527 tacuit
1143 476 1171 526 et
1184 468 1320 540 cogitavit,
1331 468 1492 540 prudentiss.
1507 468 1650 540 Copitnbot
1660 470 1758 523 antem

115 571 154 641 (ll
163 572 223 629 Cor.
241 585 270 635 x,
280 570 324 638 3);
336 575 381 624 et:
401 567 455 636 Qui
466 564 649 622 matrimonio
655 562 755 634 jungit
767 562 907 633 virginem
963 561 1052 636 walis
1071 563 1141 616 esset
1159 561 1215 614 isto
1234 558 1381 614 salutatio.
1406 557 1513 613 Sciebat
1530 556 1652 628 prudens
1669 555 1757 626 virgo,

114 658 282 722 scandens
291 658 378 729 tacit·
388 647 907 727 etqninonjanpit,meliassneittUbi
962 649 1035 721 quod
1049 663 1121 720 saepe
1135 644 1248 718 angelus
1268 646 1374 702 Satanae
1389 646 1563 719 transfigurat
1584 660 1614 701 se
1629 643 1657 699 iu
1670 659 1757 714 ange·

113 745 257 804 audieras:
272 747 332 802 Volo
342 760 387 802 vos
403 757 498 801 omnes
512 755 571 795 esse
580 739 656 795 sient
666 742 694 794 et
703 755 748 795 me
758 739 908 812 ipsnmtet
962 737 1016 792 lum
1030 737 1098 792 lueis
1113 755 1120 794 :
1135 742 1163 791 et
1178 734 1241 807 quia
1255 734 1381 790 nimirum
1396 733 1504 790 hamdis
1518 740 1546 790 et
1559 732 1673 804 simplex
1689 736 1758 799 erat,

112 826 805 901 Bonumsatiemini,sisicpermnneotseenndnm
812 841 908 883 menna
962 825 1029 880 nihil
1043 825 1095 880 tale
1111 825 1217 896 penitus
1231 839 1247 878 a
1261 829 1355 879 saneto
1369 822 1467 897 angelo
1491 822 1637 895 sperabat;
1652 828 1682 893 et
1694 819 1757 878 ideo

112 925 283 982 consilinm?
303 923 341 977 De
359 917 524 991 virginibus,
539 916 638 989 inquit,
653 918 831 988 preceptum
850 929 908 969 non
963 913 1102 985 cogitabat
1117 912 1204 985 qualis
1218 919 1292 967 esset
1305 911 1356 967 ista
1371 909 1506 968 salutatio.

112 1003 555 1077 babeo,eonsitinmontemdo(l
565 1005 688 1074 Consu,
701 1001 906 1071 aenaeae).
998 1004 1042 1056 lt).
1065 1001 1140 1057 Tunc
1169 999 1282 1073 angelus
1309 999 1421 1056 intuitus
1448 998 1598 1074 Virginem,
1619 1005 1648 1055 et
1667 996 1758 1055 vanas

111 1100 152 1155 'l'u
166 1113 231 1155 vero
246 1111 299 1152 nou
314 1094 403 1151 dicam
423 1100 600 1164 praeceptum,
616 1090 665 1146 sed
685 1106 738 1146 nec
756 1089 907 1156 consilium,
962 1105 1055 1147 secum
1073 1091 1183 1147 volvere
1198 1089 1377 1162 cogitationes
1394 1087 1519 1144 facillime
1534 1087 1757 1160 deprehendens,

112 1201 164 1242 nec
187 1182 342 1254 exemplum
368 1201 374 1238 :
399 1180 453 1235 uisi
476 1179 549 1252 quod
572 1179 664 1235 unctio
687 1178 803 1235 docebat
824 1185 851 1232 to
873 1175 908 1230 de
961 1178 1085 1252 pavidam
1099 1177 1263 1244 consolatur,
1279 1176 1422 1234 confirmat
1435 1176 1554 1244 dubiam,
1568 1174 1755 1234 aelamiliari-

110 1273 253 1341 omnibus;
269 1287 301 1327 ac
321 1285 411 1328 sermo
435 1269 486 1324 Dei
508 1268 585 1324 vivus
607 1277 634 1323 et
652 1267 757 1334 efficax,
774 1274 837 1321 ante
860 1264 909 1320 tibi
962 1274 1004 1323 ter
1020 1282 1118 1324 vocans
1132 1282 1166 1323 ex
1181 1266 1430 1338 nomine,benigne
1443 1282 1478 1322 ne
1492 1265 1585 1321 timeat
1598 1264 1754 1337 persuadet.

110 1363 197 1419 lactus
212 1360 344 1434 magister
357 1373 438 1431 quam
459 1356 538 1422 filius,
554 1356 630 1427 prius
647 1354 806 1411 instruxerit
825 1369 906 1409 men·
962 1357 1001 1413 Ne
1019 1356 1129 1424 timeas,
1148 1355 1246 1428 inquit,
1261 1356 1359 1421 Μανία,
1379 1356 1516 1413 invenisti
1535 1354 1657 1429 gratiam
1679 1353 1757 1426 apud

111 1459 177 1516 tem,
192 1465 273 1522 quam
294 1447 415 1503 induerit
432 1460 552 1503 carnem.
576 1443 683 1500 Christo
707 1459 773 1518 ergo
791 1442 909 1498 devoves
963 1447 1061 1502 Deam.
1085 1443 1158 1500 Nihil
1171 1443 1216 1500 hic
1236 1443 1303 1508 doli,
1318 1443 1384 1500 nibil
1399 1443 1444 1500 hio
1458 1442 1570 1500 inflaciae
1584 1451 1635 1500 est.
1650 1440 1756 1497 Nullam

111 1544 138 1595 te
152 1536 283 1594 exhibere
298 1535 448 1606 virginem3
466 1539 494 1589 et
509 1531 600 1589 nescis
619 1532 692 1604 quod
712 1530 763 1602 ipsi
786 1528 908 1585 exhiberi
962 1533 1231 1598 circumventionem,
1242 1532 1329 1588 nullas
1343 1532 1387 1589 bie
1400 1531 1547 1604 suspiceris
1559 1530 1682 1588 iusidias.
1697 1529 1755 1589 Non

111 1635 138 1684 te
152 1634 278 1699 oporteat
293 1625 375 1681 etiam
391 1631 513 1679 matrem.
528 1622 613 1695 Eligis
625 1621 653 1677 in
668 1619 752 1677 lsrael
766 1636 826 1676 esse
840 1633 907 1675 con·
961 1639 1022 1678 sum
1036 1623 1128 1693 bomo,
1139 1621 1188 1677 sed
1201 1620 1326 1696 spiritum
1338 1627 1365 1676 et
1375 1620 1425 1676 Dei
1434 1621 1558 1694 angelus,
1568 1635 1623 1677 non
1635 1620 1754 1676 Satanae.

111 1714 278 1787 iemifibfflss
289 1719 317 1769 θῑ
332 1720 362 1769 ὓῑ
375 1711 412 1766 iffi
427 1710 536 1783 llflssessss
551 1710 593 1784 ⁰¹¹5
607 1717 635 1767 ¹0
648 1708 783 1783 lll⁰b³⁵¹is
794 1706 906 1764 maledi·
961 1714 1000 1770 Ne
1009 1709 1584 1783 timeas,nana,invenisttpratiamepne
1592 1711 1688 1766 mana.
1701 1706 1757 1764 Osi

110 1811 184 1860 etum
198 1803 337 1859 incurrere
353 1799 561 1858 sterilitatiszet
574 1815 638 1857 ecee
652 1797 806 1856 maledictio
820 1798 906 1853 bene·
924 1772 946 1850 Β
961 1800 1047 1858 scires
1073 1806 1204 1874 quantum
1233 1805 1279 1855 tua
1305 1798 1443 1854 humilitas
1473 1797 1611 1854 Altissimo
1639 1795 1754 1868 placeat,

110 1891 230 1948 dictione
248 1896 441 1960 commutatur,
457 1887 586 1946 sterilitas
606 1886 774 1946 iocunditate
797 1901 906 1943 recom·
960 1896 1060 1963 manta
1075 1898 1101 1947 te
1114 1889 1186 1961 apud
1200 1888 1288 1960 ipsum
1312 1887 1464 1943 sublimitas
1487 1885 1615 1942 maneatl
1632 1883 1757 1957 angelico

111 1988 250 2052 pensatur.
961 1987 989 2036 te
1002 1977 1142 2053 indiguam
1168 1992 1220 2034 nec
1233 1977 1352 2048 alloquio
1374 1975 1522 2048 judicares,
1537 1990 1589 2031 uec
1612 1972 1756 2046 obsequio.

145 2073 173 2125 8.
193 2068 287 2140 Aperi,
304 2067 392 2140 virgo,
407 2066 508 2134 sinum,
523 2065 649 2138 expande
672 2064 819 2138 gremium,
835 2079 906 2135 prae·
961 2067 1061 2140 thnid
1076 2067 1149 2124 enim
1163 2065 1311 2122 indebitam
1335 2065 1383 2121 tibi
1396 2063 1497 2121 dixeris
1514 2063 1630 2137 gratiam
1643 2061 1758 2134 angelo·

108 2170 175 2228 para
189 2161 297 2212 uterum
313 2173 320 2210 :
337 2155 400 2227 quia
417 2169 482 2211 ecee
494 2153 616 2210 tacturus
630 2159 672 2209 est
687 2151 734 2208 tibi
748 2167 849 2225 magna
860 2151 908 2224 qui
961 2172 1031 2224 rum,
1047 2171 1108 2228 quae
1125 2153 1252 2212 iuvenini
1274 2153 1388 2229 gratiam
1406 2152 1478 2227 apud
1502 2152 1613 2209 Deum?
1627 2150 1757 2208 Invenisti

108 2249 275 2316 potensest,
297 2243 325 2298 iu
347 2250 454 2299 tantum
478 2250 507 2298 ut
530 2256 581 2315 pro
604 2239 795 2297 maledictione
810 2239 907 2307 lsrael,
962 2244 1033 2317 quod
1048 2248 1202 2316 quaerebas,
1217 2241 1346 2300 invenisti
1360 2242 1433 2316 quod
1452 2256 1535 2298 nemo
1549 2249 1613 2297 ante
1627 2246 1655 2296 te
1669 2238 1758 2311 potuit

108 2331 216 2387 beatam
231 2340 258 2387 te
272 2331 363 2387 dicant
371 2346 467 2387 omnes
476 2330 678 2406 generationes.
689 2329 746 2386 Nee
753 2336 908 2400 suspectam
960 2332 1095 2400 inveniro,
1110 2330 1239 2390 invenisti
1255 2331 1370 2406 gratiam
1390 2331 1462 2402 apud
1476 2330 1574 2386 Deum.
1589 2328 1677 2400 Quam
1690 2343 1757 2401 gra-

108 2418 221 2491 babeas‚
236 2419 358 2492 prudeus
376 2419 471 2492 Virgo,
486 2417 692 2484 fecunditatem,
706 2418 771 2490 quia
786 2433 841 2474 uon
854 2432 907 2472 au·
961 2421 1045 2477 tiam?
1069 2421 1120 2479 liei
1142 2430 1170 2478 et
1189 2420 1329 2476 bominum
1351 2434 1457 2492 pacem,
1477 2419 1571 2475 mortis
1591 2415 1758 2474 destructio-

109 2507 180 2565 ieret
193 2508 389 2581 integritatem.
407 2505 563 2578 concipies,
573 2505 622 2562 sed
636 2505 695 2561 sine
707 2512 831 2578 peccato,
842 2520 907 2576 gra·
960 2527 1034 2577 nem,
1049 2511 1112 2567 vitae
1126 2509 1339 2583 reparationem.
1352 2507 1417 2566 Haec
1431 2515 1473 2566 est
1486 2522 1553 2580 ergo
1567 2506 1662 2578 gratia
1675 2520 1758 2578 quarn

108 2596 172 2656 vida
195 2597 261 2664 eris,
282 2596 332 2653 sed
356 2611 411 2653 uon
435 2604 563 2667 gravata3
578 2593 680 2667 paries,
695 2593 745 2650 sed
769 2608 907 2650 nonaum
960 2598 1090 2657 invenisti
1113 2598 1185 2670 apud
1209 2599 1304 2655 Deum.
1328 2598 1364 2654 Et
1386 2598 1439 2654 hoc
1460 2595 1509 2652 tibi
1532 2595 1640 2670 signum
1660 2611 1668 2654 :
1690 2596 1758 2651 Eece

108 2684 219 2741 tristitia
235 2702 242 2742 :
258 2685 367 2743 nescies
390 2684 490 2752 virum,
503 2691 531 2740 et
550 2683 649 2758 gignes
673 2681 769 2738 filium.
793 2681 907 2751 Qualem
960 2690 1100 2760 concipies
1110 2692 1137 2746 et
1148 2688 1242 2761 paries
1255 2688 1361 2758 fitium,
1371 2691 1398 2743 et
1406 2686 1515 2745 vocata
1529 2699 1632 2741 nomen
1641 2685 1702 2754 ejus
1713 2684 1758 2739 10.

108 2773 212 2828 tlliumi
224 2773 299 2830 lilius
311 2773 365 2829 eris
377 2781 478 2841 mater,
487 2772 568 2842 eujus
582 2772 657 2827 Deus
671 2778 714 2828 est
724 2771 812 2827 Pater.
824 2770 908 2826 Filius
960 2794 1036 2834 sum,
1052 2775 1186 2850 menige,
1203 2777 1324 2846 prudens
1337 2774 1433 2847 virgo,
1449 2790 1483 2830 εχ
1497 2772 1605 2829 nomine
1620 2769 1680 2827 tanti
1693 2786 1759 2842 pm.

110 2871 233 2935 patsruae
258 2861 387 2918 claritatis
410 2861 473 2934 tot,
499 2861 652 2927 charitatis;
672 2861 723 2927 ot,
746 2859 906 2932 maiestatis]
961 2864 1046 2932 missi,
1056 2872 1186 2938 quantam
1196 2871 1224 2920 et
1236 2879 1317 2937 mam
1332 2861 1480 2937 specialem
1494 2861 1608 2934 gratiam
1621 2859 1760 2916 inveneris

5 2945 8 2952 ’
106 2951 158 3007 crit
182 2964 282 3008 corona
306 2958 359 3007 tuae
381 2949 520 3008 eastitatis.
537 2948 676 3022 Sapientia
697 2948 802 3019 paterni
818 2948 907 3004 cordis
961 2954 1032 3026 apud
1046 2954 1142 3026 Deum,
1159 2955 1195 3011 Et
1209 2953 1325 3025 coemo,
1338 2951 1567 3022 ait,nomenejas
1581 2953 1688 3007 tesam.
1703 2948 1758 3005 lla-

107 3039 161 3094 erit
176 3038 281 3095 fructus
293 3038 364 3096 uteri
382 3037 531 3111 virginalis.
551 3038 638 3094 Deum
662 3035 781 3109 denique
803 3035 905 3108 paries,
961 3042 1062 3099 tionem
1077 3043 1157 3114 hujus
1169 3041 1294 3099 vocabuli
1307 3036 1648 3115 aliusevangelistaponit,
1659 3036 1759 3108 angelo

104 3132 133 3183 et
147 3126 182 3184 de
197 3130 255 3185 Det)
264 3125 412 3200 concipies.
423 3126 585 3184 Conforiare
595 3140 673 3199 ergo.
684 3124 767 3198 Virgo
777 3123 904 3190 fecunda,
922 3131 944 3211 c
959 3130 1001 3187 sie
1014 3131 1212 3203 interpretante
1224 3147 1231 3188 ς
1243 3132 1303 3203 lpse
1313 3132 1389 3188 enim
1397 3130 1509 3188 salvum
1522 3128 1610 3200 saciet
1620 3125 1760 3200 populum

104 3221 179 3272 easta
202 3216 350 3287 Pucrpera,
375 3214 463 3271 llater
485 3215 604 3282 intaeta;
629 3213 693 3286 quia
716 3229 772 3270 non
798 3212 853 3270 eris
877 3213 905 3269 in
960 3237 1042 3278 suum
1057 3238 1075 3277 a
1087 3222 1212 3295 peccatis
1226 3235 1323 3277 eorum
1336 3218 1450 3290 (Maste.
1464 3232 1486 3291 r,
1500 3216 1557 3290 al).

89 3298 190 3362 'lsrael
202 3303 274 3359 ultra
286 3300 441 3368 maledicta,
450 3316 540 3375 neque
553 3301 626 3356 inter
639 3300 748 3358 steriles
762 3302 903 3374 deputata.
996 3309 1208 3366 ll.Duostesus
1221 3306 1284 3381 lego
1293 3307 1322 3363 iu
1332 3314 1398 3381 typo
1407 3303 1760 3379 hujus‚quemuuncinma·

103 3391 141 3447 Et
154 3391 177 3447 si
191 3391 280 3447 adhuc
295 3389 467 3446 malediceris
479 3390 513 3445 ab
524 3389 768 3459 lsrael-secundum
783 3406 903 3458 munem,
959 3390 1757 3470 nibushahemus‚praeeessisse,ambospopulispraeiuisso:

104 3495 161 3536 non
177 3479 241 3553 quia
264 3479 385 3536 sterilem
399 3478 504 3544 vident,
520 3478 570 3535 sed
585 3478 649 3552 quia
670 3476 813 3535 fecundam
832 3479 905 3536 invi·
960 3502 1075 3560 quorum
1085 3501 1155 3542 unus
1164 3485 1293 3558 populum
1301 3500 1379 3542 suum
1390 3485 1424 3541 de
1434 3483 1573 3556 Babylone
1580 3481 1757 3555 eduxittdgg.

104 3569 171 3626 dent
186 3589 194 3625 ι
211 3578 349 3626 memento
363 3569 436 3642 quod
450 3574 478 3626 et
487 3568 609 3627 christus
623 3568 797 3625 maledictum
812 3576 905 3643 pertu-
959 3592 987 3646 ¹3
1003 3576 1045 3633 tt!
1056 3575 1133 3632 eser.
1146 3591 1175 3641 v,
1187 3577 1227 3647 5),
1237 3575 1305 3631 alter
1320 3573 1438 3631 suumin
1454 3581 1555 3629 terram
1568 3569 1760 3642 promissionis

102 3655 134 3714 lit
147 3658 247 3730 erucis,
264 3658 309 3731 qui
330 3666 357 3715 te
372 3673 449 3714 suam
468 3663 583 3714 matrem
607 3657 746 3714 benedixit
759 3657 787 3713 in
801 3657 879 3714 coelis
896 3672 903 3715 :
958 3663 1108 3720 introduxit
1121 3663 1224 3736 (tostae,
1236 3664 1311 3735 1,ll)
1327 3681 1334 3720 :
1351 3663 1385 3719 lit
1398 3662 1436 3717 illi
1450 3660 1559 3736 quidem
1573 3659 1645 3728 illos,
1659 3657 1760 3732 quibus

102 3747 152 3804 sed
168 3756 196 3804 et
213 3747 242 3803 in
266 3747 347 3803 terris
369 3748 404 3803 ab
428 3747 526 3820 angelo
545 3747 700 3815 benedicta,
718 3753 746 3803 et
764 3762 780 3802 a
799 3747 904 3805 cunctis
959 3760 1107 3827 praeerant,
1127 3753 1163 3809 eb
1185 3753 1309 3808 hostibus
1331 3751 1537 3821 defendeban23
1561 3748 1611 3806 sed
1634 3746 1759 3821 nunquid

101 3834 327 3908 generationibus
350 3841 431 3891 terrae
452 3835 550 3892 merito
564 3836 645 3892 beata
667 3835 834 3909 praedicaris.
850 3836 904 3894 Be·
959 3842 1103 3900 salvabant
1118 3858 1134 3899 a
1147 3841 1268 3915 peccatis
1286 3841 1405 3897 eorum‘.l
1418 3841 1444 3896 ls
1458 3847 1549 3896 autem
1566 3844 1660 3895 noster
1677 3836 1760 3893 iesus

102 3923 213 3979 nedicta
225 3936 293 3994 ergo
308 3931 337 3979 tu
351 3922 379 3978 iu
394 3922 562 3996 mulieribus,
579 3931 607 3982 et
620 3923 782 3983 benedictus
801 3925 905 3986 tructus
959 3937 988 3988 et
1001 3947 1017 3986 a
1032 3929 1151 4003 peccatis
1164 3929 1251 3988 salvat
1264 3928 1394 4002 populum
1418 3945 1507 4000 suum,
1524 3934 1553 3985 et
1565 3924 1714 3984 introduxit
1729 3924 1758 3980 in

102 4010 207 4068 veniris
222 4010 270 4067 tui·
961 4027 1060 4092 terram
1074 4018 1233 4077 viventium.
1246 4019 1305 4094 lpse
1314 4020 1512 4077 enimsatvnm
1521 4019 1611 4088 tacet
1617 4016 1758 4089 pupulam

140 4104 166 4156 9.
179 4097 249 4165 Qnae
256 4115 324 4155 cnm
334 4099 471 4166 audisset,
480 4100 597 4157 turbata
603 4106 645 4159 est
655 4103 688 4158 in
697 4118 824 4162 sermone
832 4107 902 4178 ejas,
960 4127 1070 4167 sauma
1077 4111 1203 4182 peccetis
1213 4124 1320 4166 eornm.
1332 4107 1398 4177 Quis
1406 4105 1636 4180 estbiequietiam
1646 4114 1759 4176 peccata

104 4194 133 4244 et
142 4188 284 4260 cogitabat
297 4185 378 4244 m
391 4189 482 4261 quotis
493 4192 575 4255 esset,
586 4191 644 4246 ista
653 4191 799 4253 salutatio.
811 4193 906 4252 Solent
961 4196 1095 4254 dimittit?
1109 4196 1219 4254 Utinam
1234 4205 1262 4254 et
1275 4213 1318 4254 me
1333 4206 1508 4270 peccatorem
1525 4197 1653 4273 dignetur
1667 4194 1760 4252 Domi-

105 4277 306 4350 virgines,quae
320 4291 395 4332 verae
408 4276 530 4352 virgines
544 4284 616 4349 sunt,
629 4294 738 4352 semper
751 4282 867 4353 pavidae,
879 4289 907 4338 et
961 4302 1013 4342 nus
1036 4285 1115 4341 lesus
1135 4300 1316 4343 annumerare
1336 4284 1436 4359 populo
1459 4300 1519 4352 suo,
1539 4292 1569 4340 ut
1588 4276 1692 4341 salvum
1714 4298 1759 4339 me

106 4381 246 4439 uunquam
260 4381 321 4422 csse
344 4381 469 4435 securae;
486 4373 514 4422 et
526 4373 557 4422 ut
571 4377 685 4425 caveant
705 4369 809 4440 timida,
824 4371 907 4428 etiam
960 4373 1072 4431 laniata
1093 4374 1213 4446 peccatis
1233 4373 1319 4431 mais!
1335 4375 1407 4432 Vere
1430 4375 1503 4432 enim
1524 4373 1620 4430 beatus
1643 4370 1760 4445 populus

107 4461 165 4511 tuta
179 4455 385 4526 pertimescere,
401 4454 522 4512 scientes
537 4471 567 4511 se
582 4456 695 4513 invasis
709 4456 907 4516 somnusue-
962 4464 1038 4534 cutus
1051 4463 1104 4519 iste
1117 4465 1197 4521 lesus
1214 4462 1346 4521 Dominus
1365 4463 1440 4521 Deus
1460 4463 1531 4535 ejus,
1546 4461 1610 4536 quia
1629 4461 1690 4531 ipse
1704 4461 1759 4517 sal·

109 4558 219 4602 saumm
241 4551 350 4615 portare
375 4543 536 4615 pretiosum,
559 4552 587 4602 et
607 4545 688 4602 nimis
706 4546 821 4603 arduum
845 4564 907 4606 esse
962 4569 1025 4611 vum
1041 4551 1120 4610 faciet
1132 4553 1262 4626 populum
1275 4568 1353 4609 suum
1368 4569 1385 4608 a
1398 4551 1517 4625 peccatis
1531 4565 1636 4609 eorum.
1656 4551 1761 4607 Vereor

108 4632 202 4690 vivere
226 4631 350 4707 angelice
374 4631 447 4690 iuter
469 4632 603 4703 homiues,
628 4641 656 4690 et
678 4634 707 4690 iu
730 4635 811 4692 terris
832 4652 909 4695 more
964 4652 1055 4699 autem
1074 4658 1109 4699 ue
1122 4641 1200 4698 malti
1211 4657 1241 4698 se
1256 4639 1436 4712 profiteantur
1447 4657 1509 4698 esso
1524 4641 1559 4696 de
1573 4636 1675 4712 populo
1688 4638 1762 4710 eius,

110 4720 262 4779 eoelestium
285 4721 451 4788 conversari,
472 4730 501 4778 et
524 4722 552 4777 in
573 4735 657 4777 carue
679 4722 803 4780 caelibem
826 4741 910 4799 agere
963 4746 1034 4804 quos
1047 4739 1140 4787 tamen
1153 4730 1213 4801 ipse
1227 4745 1283 4787 nou
1297 4730 1396 4788 babeat
1409 4745 1460 4804 pro
1471 4729 1572 4803 populo
1585 4741 1763 4785 suo:vcreor

111 4811 204 4868 vitam.
219 4811 259 4866 dc
272 4810 389 4882 proinde
404 4810 536 4884 quidquid
559 4824 669 4878 novum,
685 4811 817 4887 quidquid
831 4815 909 4873 subi·
965 4836 1001 4878 ue
1014 4819 1164 4893 plerisque,
1179 4817 1226 4892 qui
1238 4818 1317 4892 quasi
1337 4820 1366 4875 in
1381 4818 1482 4893 populo
1496 4820 1558 4889 ejus
1576 4815 1763 4894 religiosiores

113 4910 170 4958 tum
192 4899 274 4987 luerit
290 4908 391 4966 ortum,
405 4904 547 4972 suspectas
569 4900 670 4956 habeut
689 4901 813 4976 insidias,
827 4911 912 4963 totum
966 4926 1028 4967 esse
1043 4908 1180 4977 videntur,
1190 4907 1250 4979 ispe
1265 4908 1411 4981 aliquando
1425 4908 1497 4964 dicat
1508 4923 1516 4962 ε
1527 4907 1654 4978 Populus
1664 4905 1709 4963 bie
1723 4904 1765 4961 la·

113 4997 252 5048 contrane
273 4992 408 5047 estimant
431 4987 624 5045 machinatum.
648 4990 752 5048 ldeirco
776 5001 804 5050 et
828 4995 913 5053 diaria
966 4999 1018 5056 biis
1031 5013 1076 5055 me
1091 4999 1222 5064 bonorm,
1236 5014 1284 5056 eor
1304 5003 1401 5055 antem
1420 5009 1517 5054 eornm
1532 4995 1613 5068 longe
1630 4997 1672 5053 ert
1689 5009 1766 5051 nme

114 5081 222 5137 turbata
235 5087 279 5137 est
292 5079 320 5135 iu
335 5092 462 5136 sermone
477 5076 579 5149 angeli.
595 5078 714 5136 Turbata
728 5089 782 5153 est,
793 5084 842 5140 sed
857 5102 912 5142 non
967 5086 1075 5158 (liniti.
1091 5102 1142 5153 xv,
1157 5086 1196 5159 8).
1210 5087 1293 5144 Novit
1309 5086 1383 5143 enim
1397 5083 1530 5142 Dominus
1541 5084 1622 5141 iesus
1636 5083 1684 5156 qui
1702 5090 1767 5138 sunt

113 5169 285 5241 perturbata.
302 5168 440 5226 turbatas
453 5184 528 5239 snm,
540 5168 638 5239 inquit,
648 5173 677 5226 et
691 5188 747 5229 non
760 5189 824 5230 snm
839 5176 913 5231 loen
968 5177 1028 5247 eius
1041 5177 1081 5245 (ll
1096 5178 1164 5233 lim.
1184 5192 1215 5242 11,
1232 5176 1295 5246 l9);
1312 5173 1387 5231 novit
1400 5181 1429 5230 et
1442 5187 1511 5245 quos
1534 5171 1618 5244 elegit
1630 5187 1647 5228 a
1661 5170 1767 5244 princi·

116 5263 162 5316 tns
172 5279 182 5328 ,-
194 5258 254 5326 sed,
264 5257 385 5330 cogitavi
397 5255 455 5314 dies
464 5259 605 5330 antiquos,
615 5262 644 5316 et
653 5277 742 5318 annos
752 5268 872 5321 aeternos
882 5266 913 5320 in
966 5265 1023 5337 pio.
1042 5266 1113 5334 Quid
1126 5280 1172 5322 me
1185 5266 1301 5330 vocate,
1316 5261 1364 5329 ait,
1379 5263 1506 5333 Domine,
1522 5264 1650 5334 Domine,
1666 5263 1694 5318 et
1708 5274 1767 5317 nen

117 5351 213 5407 mente
228 5346 314 5404 babai
325 5343 414 5415 (Psoi.
434 5360 529 5415 sxxvr,
543 5350 570 5414 s,
586 5349 624 5420 6).
639 5349 678 5405 lta
692 5365 759 5422 ergo
782 5357 811 5408 et
830 5350 915 5409 ilaris
967 5355 1066 5425 tocius
1076 5353 1313 5427 quedicottlac.
1325 5365 1365 5419 vr,
1375 5352 1433 5423 ts.)
1443 5350 1491 5409 Vis
1501 5351 1572 5407 scire
1582 5365 1617 5406 au
1628 5347 1768 5421 pertineas

119 5436 225 5494 turbata
240 5439 291 5502 est,
306 5441 335 5490 et
348 5448 403 5490 nou
417 5442 460 5491 est
481 5435 581 5503 locuta,
595 5439 644 5494 aad
667 5438 803 5514 cogitabat
827 5441 914 5513 qualis
968 5442 1003 5497 ad
1016 5442 1145 5515 populum
1156 5433 1228 5512 ejus,
1237 5439 1282 5498 vel
1294 5441 1433 5514 pobusvis
1446 5454 1507 5497 esse
1522 5437 1558 5496 de
1571 5437 1672 5514 populo
1687 5437 1768 5507 ejus?

118 5531 195 5583 esset
214 5523 265 5581 ista
284 5523 420 5594 mutatio.
445 5523 527 5594 Quod
550 5526 657 5583 turbata
680 5534 731 5601 est,
744 5527 915 5589 verecundie
969 5530 1023 5590 Fac
1044 5544 1105 5601 que
1127 5526 1192 5586 dicit
1214 5527 1313 5601 iesus;
1328 5537 1357 5587 et
1376 5527 1544 5604 computabit
1564 5534 1593 5585 te
1612 5526 1644 5586 iu
1664 5524 1767 5601 populo
