3734 5948
166 190 236 252 1075

454 340 570 396 SEllth
588 341 668 398 LXII.

169 496 240 566 Quid
257 495 296 549 sit
314 492 443 547 enimam
457 489 569 558 fidelem
583 492 755 548 commorari
770 513 781 541 s
796 493 827 545 in
840 491 960 560 torami-

201 569 282 621 nibns
295 566 427 645 petrem
445 567 473 616 et
489 561 557 632 qnid
569 582 582 608 e
596 564 627 617 in
641 562 769 618 cauernis
782 563 927 617 ruocerirc.
945 580 956 608 a

201 639 239 692 De
251 637 300 690 oo
321 634 468 713 oo'lunlole
486 634 592 704 potius,
608 649 692 706 qnam
711 634 862 704 majestate
875 648 958 688 scru-

202 705 300 761 tando.
318 705 439 775 Denique
448 703 481 760 de
494 704 621 775 puritate
634 705 739 762 mentis
753 720 912 761 accessorio
923 703 959 758 cd

199 776 435 850 praedicationem
450 777 593 832 ueritatis.

205 927 230 983 l.
248 926 380 984 Columbo
390 941 453 982 orreo
467 927 499 981 tn
512 925 700 995 foraminibus
714 930 814 997 petrae,
826 927 858 980 in
868 940 962 980 coum

168 1021 212 1072 nis
230 1015 363 1073 maceriae
377 1016 474 1082 (Conl.
498 1028 528 1081 rr,
545 1014 600 1082 ll).
616 1015 676 1068 Non
692 1020 795 1068 tautum
811 1013 838 1067 in
853 1012 961 1067 torami-

166 1105 248 1163 nihus
262 1112 346 1175 petra
361 1110 446 1157 tutum
461 1102 560 1172 reperit
574 1102 698 1157 columba
713 1100 844 1171 retugium
857 1121 865 1167 ;
881 1116 961 1171 repe-

168 1193 202 1248 rit
216 1201 243 1247 et
261 1191 289 1247 in
303 1190 427 1248 cavernis
450 1189 584 1246 maceriae.
600 1189 678 1258 Quod
699 1190 721 1244 si
746 1190 888 1245 maceriam
908 1205 961 1244 non

166 1281 322 1355 congeriem
347 1280 476 1351 lapidum,
506 1280 553 1334 sed
568 1287 718 1336 sanctorum
742 1280 962 1334 communionem

168 1370 323 1441 accipimus,
359 1368 500 1424 videamus
524 1383 558 1422 ne
586 1368 655 1423 l'orte
683 1381 811 1422 cavernas
838 1366 963 1421 maceries

168 1459 265 1515 dixerit
292 1458 463 1530 augelorum,
487 1457 534 1527 qui
563 1458 597 1510 ob
620 1455 773 1526 superbiam
802 1455 869 1524 lapsi
891 1466 961 1520 suut,

167 1548 226 1604 loca
241 1546 319 1617 quasi
334 1561 417 1600 vacua
434 1543 545 1600 1478
561 1543 691 1600 derelicta
707 1560 714 1597 :
730 1543 829 1615 quippe
844 1560 904 1615 quan
921 1559 964 1597 re-

167 1636 235 1708 pleri
248 1651 283 1691 ex
303 1633 457 1688 hominibus
473 1633 582 1697 habent,
600 1643 724 1704 tanquam
740 1631 825 1686 ruinae
840 1631 874 1685 de
891 1631 962 1701 lapi-

149 1745 151 1750 ·
169 1724 249 1778 dibus
263 1721 335 1778 vivis
350 1720 513 1776 reficiendae.
530 1720 606 1776 Unde
626 1724 763 1791 apostolus
779 1720 875 1775 Petrus
892 1734 898 1773 :
915 1723 964 1777 ,lc-

168 1810 307 1877 cedentes,
321 1807 417 1880 inquil,
429 1808 465 1861 od
476 1808 598 1878 lapidem
610 1810 713 1873 mcum,
725 1813 752 1863 el
762 1808 817 1880 ipsi
827 1814 964 1877 tunquam

170 1898 275 1972 lapides
297 1898 353 1954 uiui
381 1897 651 1968 superaedificemini
678 1896 772 1952 domos
800 1896 965 1968 spirituales

169 1986 196 2057 (l
203 1988 280 2043 Patr.
294 2000 325 2052 rr,
342 1987 369 2053 t,
381 1986 418 2056 5).
434 1986 489 2039 Nec
503 1994 568 2056 puto
581 1984 653 2038 abre
666 1999 738 2050 essm
754 1984 777 2038 si
791 1984 966 2055 intelligimus

169 2074 330 2147 augelorum
355 2073 505 2129 custodiam
533 2072 617 2128 vicem
642 2073 768 2130 exhibere
788 2073 914 2128 macerias
936 2072 965 2128 in

170 2163 249 2221 vinea
271 2162 389 2226 Domini,
415 2171 537 2233 quaeest
559 2161 679 2218 Ecclesia
700 2162 963 2230 praedestinatorum,

171 2270 232 2311 cum
243 2253 340 2309 Paulus
350 2252 421 2308 dicat
433 2269 438 2307 :
453 2253 549 2309 Nonne
558 2268 653 2307 omncs
665 2251 903 2309 administratorii
912 2253 968 2322 spi·

170 2344 245 2400 ritas
258 2346 337 2405 sunl,
362 2341 442 2396 missi
461 2341 492 2395 in
506 2341 704 2396 ministerium
725 2343 839 2411 propter
859 2340 968 2411 eosqui

170 2428 368 2486 haeredilatem
382 2429 500 2498 copiunt
515 2424 640 2483 solutis?
655 2427 749 2498 (ltebr.
761 2441 780 2493 1,
796 2429 852 2496 11.)
867 2435 893 2481 ot
909 2428 969 2481 l’ro·

171 2516 267 2586 pheta:
281 2518 415 2571 immittit
427 2517 547 2585 angelus
557 2518 671 2573 Domini
686 2516 853 2571 incircuitu
864 2515 968 2571 timen-

172 2605 247 2660 tium
258 2621 323 2660 cnm
332 2605 418 2673 (Psal.
430 2617 532 2668 xxxin,
545 2606 587 2672 8).
605 2603 641 2657 Et
655 2604 679 2657 si
693 2603 730 2657 ita
740 2604 826 2670 sedet,
842 2603 893 2657 erit
907 2618 968 2658 seu·

171 2708 227 2757 sus,
245 2691 307 2764 quia
321 2691 470 2748 Ecclesiam
487 2699 609 2760 tempore
624 2700 651 2745 et
666 2691 725 2746 loco
739 2690 967 2761 peregrinationis

172 2795 228 2835 suae
242 2779 304 2835 due
319 2794 363 2834 res
376 2779 568 2850 consolentur3
581 2780 614 2833 de
630 2778 765 2849 praeterito
779 2779 899 2850 quirem,
915 2796 968 2834 me

174 2867 258 2923 moria
268 2866 400 2938 passionis
413 2865 532 2935 Christi;
549 2869 581 2922 de
597 2866 685 2922 tuturo
695 2873 794 2931 autem,
813 2868 886 2937 quod
901 2883 967 2924 seru

173 2965 272 3013 sortem
288 2965 444 3013 sanctorum
458 2957 561 3029 cogitat
583 2966 611 3013 et
638 2953 751 3010 contidit
775 2955 967 3026 recipiendam.

173 3047 262 3104 amos
288 3047 355 3112 haec,
371 3045 451 3102 veluti
466 3055 527 3101 ante
550 3054 577 3101 et
600 3053 671 3102 retro
691 3047 805 3112 oculata,
823 3045 969 3101 insatiabili

173 3136 306 3192 desiderio
320 3143 481 3206 contuetur;
497 3143 523 3191 st
542 3143 655 3205 uterque
676 3135 714 3190 illi
737 3135 848 3191 intuitus
871 3137 968 3190 admo-

175 3225 240 3280 dum
252 3233 356 3295 gmtus‚
375 3232 488 3295 uterque
503 3232 544 3279 est
558 3224 596 3278 illi
612 3223 747 3295 retugium
766 3240 783 3279 a
797 3223 969 3279 tribulatione

174 3313 309 3368 malorum
338 3319 365 3367 et
388 3313 490 3367 dolore.
516 3313 623 3383 Integra
646 3313 806 3382 consolatio,
835 3329 895 3368 cum
916 3327 970 3367 uon

176 3402 264 3455 solum
278 3399 342 3464 quid
353 3401 574 3466 exspectandum,
590 3400 639 3455 sed
654 3409 680 3456 et
691 3402 762 3457 uude
776 3401 803 3456 id
817 3401 851 3456 sit
865 3416 970 3472 praesu·

175 3488 302 3545 mendum
322 3487 436 3544 novarit.
465 3488 616 3558 Expectatio
642 3489 701 3544 laeta
723 3504 772 3544 nec
798 3489 891 3556 dubia,
908 3504 969 3562 quas

175 3576 273 3634 Christi
292 3584 377 3632 morte
400 3575 505 3632 finnata
526 3584 577 3634 est.
602 3577 656 3633 Cur
680 3586 774 3648 paveat
802 3577 836 3633 ad
867 3578 971 3648 praemii

178 3665 400 3740 magnitudinem,
427 3681 489 3736 quae
520 3666 600 3737 pretii
617 3665 776 3737 dignitatem
798 3667 970 3723 considerat-t

175 3755 255 3827 Quod
278 3754 366 3811 libens
381 3762 470 3811 mente
494 3754 586 3810 invisit
604 3754 748 3826 foramina,
769 3771 817 3825 per
838 3771 899 3827 quse
921 3756 972 3812 sibi

177 3843 339 3900 sacrosancti
363 3844 504 3915 sanguinis
529 3843 648 3915 pretium
671 3843 764 3900 ssuxitl
783 3845 871 3912 Quam
886 3845 973 3901 libens

177 3946 306 3989 cavernas
326 3930 502 3999 perambulat,
528 3942 554 3987 et
577 3932 734 4000 diversoria,
755 3940 781 3989 et
807 3933 970 4001 mansiones,

177 4034 238 4091 quae
253 4025 315 4072 suut
328 4016 355 4073 in
370 4016 450 4074 domo
470 4019 554 4075 Patris
577 4022 669 4077 multra
692 4030 773 4093 atque
799 4021 922 4088 diversae,
942 4022 970 4077 in

640 189 668 246 S.
687 187 853 249 stanton!
871 185 1006 245 ABBthS
1020 185 1335 248 euthmvtttodsts

968 318 1001 397 Α
1016 302 1138 373 Quonam
1160 307 1252 372 modo,
1280 303 1394 375 inquis?
1417 303 1589 375 cogitatione
1617 315 1645 362 et
1675 309 1812 368 aviditate.

1748 191 1813 253 lon

1015 395 1092 449 Cedit
1105 410 1203 465 nempe
1217 394 1245 448 in
1268 392 1377 448 modum
1398 390 1522 448 maceriae
1535 393 1676 452 mollioris
1692 398 1740 469 pia
1756 412 1813 456 mt-

1013 483 1098 538 ceries
1113 483 1247 539 desiderio
1264 484 1370 550 auimae,
1390 480 1460 537 cedit
1476 497 1551 551 pura
1577 487 1813 560 contemplationi,

1013 570 1082 626 cedit
1095 571 1196 626 crebris
1211 570 1334 626 orationi.
1350 569 1474 640 Denique
1492 571 1582 626 oratio
1604 573 1676 642 justi
1690 585 1814 646 penetrat

1014 660 1098 715 coelos
1125 659 1223 731 (dccli.
1239 675 1330 729 xxsv,
1356 661 1417 728 21).
1434 659 1494 714 Non
1517 660 1608 732 utique
1635 664 1708 720 aeris
1735 667 1814 736 hujus

1014 750 1139 817 corporei
1158 749 1291 821 spatiosas
1304 745 1472 810 altitudines,
1488 747 1569 802 veluti
1593 749 1717 820 quodam
1732 756 1813 812 remi·

1015 834 1060 905 gio
1079 834 1180 890 alarum
1204 850 1312 890 suarum
1328 834 1414 890 instar
1426 833 1545 889 volueris
1560 835 1678 892 volantis
1694 839 1811 908 scindet,

1016 932 1061 977 aut
1077 923 1154 995 quasi
1182 922 1289 996 gladius
1302 931 1398 978 acutus
1412 921 1498 992 ipsius
1513 923 1680 980 firmamenti
1697 928 1812 985 solidum

1015 1011 1171 1082 celsumque
1187 1013 1316 1069 verticem
1332 1011 1480 1083 perforabit
1497 1030 1503 1064 :
1520 1013 1568 1067 ssd
1589 1022 1654 1071 suut
1667 1016 1737 1073 coeli
1751 1033 1814 1074 san-

1017 1100 1063 1164 cti,
1079 1099 1141 1169 vivi,
1169 1095 1328 1165 rationales,
1349 1100 1395 1171 qui
1421 1109 1547 1156 enarrant
1560 1103 1675 1174 gloriam
1694 1106 1758 1175 Dei,
1772 1108 1814 1180 qui

1017 1187 1155 1242 favorabili
1188 1189 1302 1259 quadam
1323 1189 1421 1259 pietate
1446 1188 1545 1242 nostris
1559 1205 1589 1244 se
1604 1193 1679 1248 votis
1696 1193 1814 1251 libenter

1018 1276 1156 1344 inclinant,
1177 1289 1203 1332 ct
1218 1277 1332 1331 sinuatis
1356 1277 1389 1332 ad
1419 1285 1516 1332 tactum
1541 1287 1644 1334 nassum
1660 1281 1817 1339 devotionis

1017 1364 1160 1420 att'ectibus
1170 1365 1196 1419 in
1213 1380 1262 1420 sua
1275 1380 1325 1420 nos
1340 1364 1473 1435 recipiunt
1482 1363 1602 1433 viscera,
1615 1368 1817 1445 quotiosdigm

1018 1453 1050 1506 nd
1067 1469 1114 1508 eos
1129 1453 1277 1510 intentione
1305 1455 1450 1524 pulsamus.
1476 1454 1596 1509 Pulsauti
1620 1455 1695 1512 eninr
1711 1459 1815 1529 aperis·

1020 1550 1071 1596 tur.
1103 1541 1204 1598 iicebit
1225 1542 1316 1613 itaque
1342 1544 1490 1612 uuicuique
1519 1547 1816 1611 nostrum,etiamboc

1017 1632 1141 1700 tempore
1165 1639 1264 1685 nostras
1292 1629 1472 1699 mortalitatis,
1488 1647 1584 1686 cavare
1598 1632 1663 1704 sibi,
1691 1652 1815 1709 quacunn

1017 1734 1069 1790 que
1092 1728 1165 1789 parte
1180 1720 1261 1791 volet,
1277 1734 1409 1775 cavernas
1422 1735 1545 1790 supernae
1568 1722 1697 1779 maceriae
1715 1740 1723 1795 ;
1748 1742 1815 1783 nunc

1018 1807 1127 1879 quidem
1155 1806 1320 1879 patriarchas
1345 1807 1474 1879 revisere,
1503 1824 1574 1865 nunc
1601 1826 1667 1867 vero
1697 1813 1813 1870 salutm

1018 1898 1175 1965 prophetas,
1205 1912 1277 1952 nunc
1304 1896 1409 1952 senatui
1436 1896 1582 1953 immisceri
1615 1900 1812 1968 apostolorum,

1019 1999 1090 2038 nuuc
1117 1992 1263 2054 martyrum
1292 1985 1373 2040 inseri
1398 1985 1516 2055 choris3
1547 1987 1595 2042 sed
1620 1993 1648 2041 et
1673 1990 1812 2049 beatorum

1020 2071 1146 2127 virtutum
1162 2079 1248 2129 status
1260 2079 1287 2127 et
1301 2072 1453 2128 mansiones
1468 2073 1607 2130 amiuimo
1619 2078 1720 2147 angelo
1731 2095 1815 2152 usque

1019 2160 1051 2215 ad
1081 2159 1210 2216 cherubin
1240 2171 1265 2216 et
1292 2161 1429 2231 seraphin,
1459 2171 1516 2217 tota
1544 2163 1643 2219 ruentis
1675 2165 1815 2224 alacritate

1021 2249 1203 2318 percurrendo
1242 2249 1374 2316 lustrare,
1403 2256 1483 2320 prout
1515 2266 1595 2320 quem
1625 2268 1674 2308 sua
1707 2253 1818 2312 devotio

1022 2336 1099 2392 feret.
1125 2336 1207 2407 Apud
1234 2337 1307 2409 quod
1322 2338 1407 2411 tnagis
1426 2337 1571 2407 afficietur,
1587 2339 1747 2398 immittente
1759 2341 1813 2397 sibi

1022 2425 1123 2496 Spiritu
1150 2433 1231 2496 prout
1252 2426 1325 2496 vult;
1348 2427 1371 2480 si
1392 2427 1499 2482 steterit
1524 2431 1552 2482 et
1581 2429 1743 2500 pvdsaverit,
1758 2446 1820 2487 con·

1022 2513 1114 2570 testim
1128 2514 1265 2587 aperietur
1292 2515 1326 2576 ei,
1344 2524 1371 2569 et
1385 2515 1454 2572 tacta
1467 2515 1544 2587 quasi
1563 2532 1681 2573 caverna
1696 2517 1725 2573 in
1739 2534 1818 2574 mou·

1023 2603 1107 2668 tibus,
1122 2603 1162 2657 vel
1179 2603 1268 2674 potius
1283 2605 1418 2660 mentibus
1438 2604 1549 2677 sanctis,
1561 2605 1626 2661 dum
1640 2622 1669 2662 sa
1685 2606 1761 2664 ultro
1775 2607 1818 2663 in·

1022 2691 1134 2748 flectunt
1157 2693 1191 2746 ad
1207 2691 1345 2762 pictatem,
1362 2693 1513 2765 requieseat
1536 2695 1578 2750 vel
1594 2694 1734 2765 paululum
1751 2696 1819 2767 apud

1022 2780 1094 2835 illos.
1119 2782 1215 2837 Omnis
1242 2784 1338 2838 animae
1366 2784 1406 2839 sie
1424 2783 1545 2841 lamentis
1562 2795 1589 2841 et
1616 2786 1709 2851 iacies,
1724 2797 1754 2843 et
1769 2804 1818 2842 voa

985 2873 1079 2952 clleo
1097 2880 1174 2943 grata
1190 2873 1281 2929 existit
1299 2889 1305 2926 :
1328 2872 1421 2943 tudes,
1438 2881 1547 2947 propter
1574 2876 1736 2948 puritatem;
1754 2892 1815 2944 voa,

1022 2969 1132 3031 propter
1147 2961 1358 3017 contessionem.
1375 2961 1481 3017 Etenim
1496 2962 1630 3019 confessio
1656 2973 1686 3020 et
1698 2965 1819 3033 pulchri·

1023 3049 1089 3105 tudo
1110 3049 1136 3103 io
1161 3057 1307 3120 conspectu
1322 3049 1382 3117 ejus
1393 3049 1481 3119 (Prot.
1497 3064 1562 3113 xcv,
1580 3049 1618 3120 6).
1637 3051 1715 3106 Unda
1730 3061 1763 3108 et
1776 3052 1817 3106 di·

1022 3135 1092 3192 citur
1104 3136 1142 3191 illi
1157 3136 1204 3209 qui
1226 3136 1360 3205 ejusmodi
1386 3144 1452 3192 est:
1476 3135 1596 3192 Ostende
1620 3137 1693 3192 milti
1706 3143 1819 3208 facien

1024 3230 1116 3290 loom,
1126 3229 1205 3282 sonet
1220 3241 1274 3282 oon
1288 3228 1340 3280 loo
1355 3223 1509 3280 inauribus
1524 3226 1592 3280 tun.
1605 3225 1666 3279 Vox
1676 3225 1826 3284 admiratio

1024 3312 1051 3369 in
1074 3313 1162 3369 animo
1183 3312 1400 3383 contemplantis,
1419 3327 1470 3369 vox
1494 3311 1641 3385 gratiarum
1671 3313 1749 3370 actio
1773 3324 1823 3370 est·

1023 3402 1184 3458 Delectatur·
1201 3399 1346 3457 admodum
1380 3399 1534 3456 istiusmodi
1562 3400 1687 3457 cavernis
1701 3402 1822 3470 Deum

1022 3491 1121 3562 quibus
1135 3489 1188 3544 sibi
1202 3505 1253 3545 vox
1269 3497 1377 3546 resonas
1390 3490 1535 3563 gratiarum
1553 3489 1679 3557 actionis,
1694 3506 1749 3548 vox
1769 3493 1821 3548 ad-

1024 3577 1173 3633 mirationis
1184 3587 1211 3631 et
1224 3577 1327 3633 laudis.
1804 3597 1806 3601 ¹

1060 3671 1087 3722 3.
1102 3665 1176 3721 Felix
1189 3681 1277 3735 mens,
1307 3682 1367 3738 quae
1383 3666 1434 3720 sibi
1449 3666 1476 3721 in
1489 3667 1540 3722 hac
1554 3666 1670 3725 maceria
1683 3666 1821 3739 trequen-

1001 3800 1007 3807 .
1026 3765 1066 3813 ter
1080 3751 1191 3811 wi)
1204 3769 1301 3811 cavare
1319 3753 1465 3818 studuerim
1482 3755 1601 3825 sedqum
1615 3756 1642 3810 in
1657 3763 1746 3827 petra,
1762 3755 1821 3812 teli·

1027 3845 1093 3903 cior.
1108 3843 1182 3900 Licet
1204 3843 1312 3915 quidem
1331 3858 1429 3900 cavare
1452 3843 1478 3897 in
1507 3852 1599 3914 petra,
1628 3845 1679 3900 sed
1705 3845 1743 3899 ad
1769 3846 1823 3901 hoo

1028 3935 1137 4005 puriore
1159 3936 1255 3988 mentis
1282 3932 1340 3989 acie
1354 3947 1425 4003 opus
1439 3938 1490 4003 est,
1506 3940 1533 3987 et
1546 3932 1749 3988 vehementiori
1764 3949 1823 3991 om·

1026 4023 1090 4078 uino
1104 4021 1264 4084 intentione,
1281 4019 1358 4073 etiam
1383 4026 1409 4073 et
1434 4018 1536 4075 meritis
1565 4019 1716 4090 potioribus
1731 4021 1826 4077 munti·

177 4106 275 4179 quibus
290 4108 369 4162 habet
391 4106 615 4165 collocaredilios
644 4125 708 4166 suos
736 4125 784 4182 pro
802 4126 973 4182 quorumque
988 4111 1010 4188 n
1028 4113 1089 4166 tatis
1100 4109 1184 4183 {olias
1198 4106 1342 4179 fodiamus]
1352 4107 1439 4177 (121).
1451 4106 1483 4161 Et
1495 4107 1528 4161 ad
1541 4109 1597 4162 traec
1611 4107 1672 4179 quis
1685 4107 1824 4167 monensi

177 4194 331 4252 diversitate
347 4196 518 4251 meritorum!
541 4197 573 4252 Et
594 4212 665 4254 nune
687 4197 806 4269 quidem,
827 4196 900 4269 quod
924 4212 972 4250 so·

179 4282 235 4338 lum
253 4282 358 4339 interim
371 4292 470 4355 potest,
486 4285 544 4341 sola
558 4286 585 4340 iu
602 4286 642 4340 his
666 4287 799 4343 memoria
817 4284 971 4358 requiescit,

178 4374 289 4447 coeleste
302 4373 487 4430 habitaculum
500 4393 508 4443 ;
523 4357 597 4452 quod
612 4377 756 4432 desursum
770 4384 820 4444 est,
834 4375 890 4443 jam
909 4374 972 4430 aui·

179 4476 223 4519 mo
242 4461 365 4518 induens.
382 4462 439 4518 Erit
460 4457 549 4536 aute'r'n
564 4480 626 4520 cum
650 4463 772 4537 implebit
790 4462 890 4532 ruinas,
909 4477 971 4517 cum

177 4566 306 4609 cavernas
320 4559 348 4607 et
361 4566 475 4622 corpore
491 4552 660 4621 inhabitabit,
676 4563 701 4609 el
716 4560 804 4609 mente
820 4570 827 4624 ;
844 4567 907 4607 cum
921 4567 971 4609 va·

178 4658 229 4699 cua
240 4640 385 4706 domicilia,
406 4656 466 4713 quae
483 4640 586 4712 antiqui
611 4642 781 4714 reliquerunt
795 4640 971 4713 habitatores,

178 4730 237 4801 ipsa
253 4745 310 4787 suae
334 4728 496 4788 universatis
515 4729 663 4785 illustrabit
683 4729 837 4802 prasentia,
853 4745 904 4786 nec
917 4730 973 4788 ulla

179 4819 248 4874 ultra
261 4818 401 4891 apparebit
416 4833 531 4874 caverna
546 4818 652 4890 penitus
675 4818 703 4873 in
727 4817 829 4874 caelesti
844 4819 974 4888 maceria,

179 4906 250 4964 latici
271 4907 305 4963 de
331 4911 432 4965 cetero
456 4906 623 4978 perfectione
651 4908 692 4962 sui
717 4917 797 4977 atque
819 4907 974 4978 integritate

178 4994 321 5070 gaudente.

214 5089 241 5142 t.
257 5088 319 5153 hut,
329 5085 353 5141 si
371 5083 398 5141 id
417 5085 505 5160 magis
519 5084 628 5159 probas,
649 5083 769 5141 dcemus
785 5084 833 5139 has
847 5098 976 5140 cavernas

180 5173 308 5232 studiosis
328 5182 356 5230 et
379 5174 433 5244 piis
448 5175 585 5231 mentibus
611 5188 666 5229 non
688 5171 812 5244 inveniri,
834 5171 882 5229 sed
906 5171 975 5232 lieri.

1027 4199 1132 4270 Nempe
1146 4198 1191 4252 ille
1205 4195 1251 4269 qui
1270 4195 1357 4251 dixit:
1376 4196 1407 4250 ln
1421 4196 1635 4267 principioeret
1655 4195 1825 4267 Vertumni

1032 4290 1148 4345 Verbum
1157 4289 1220 4342 eret
1234 4281 1608 4354 specumentotenus
1626 4283 1764 4341 Verbum:
1776 4285 1825 4343 boe

1026 4381 1088 4434 eret
1098 4378 1129 4430 in
1140 4374 1284 4447 principio
1295 4371 1372 4444 opud
1385 4376 1474 4430 Deum
1488 4373 1581 4446 (loon.
1596 4387 1615 4438 r,
1631 4376 1659 4437 l,
1672 4373 1715 4441 2).
1727 4374 1826 4430 Nonne

1026 4463 1072 4518 tibi
1085 4462 1189 4520 videtur
1204 4459 1270 4529 ipsis
1295 4474 1324 4514 se
1341 4460 1420 4516 Verbi
1437 4459 1618 4532 penetralibus
1632 4458 1823 4529 immersisse,

1025 4560 1051 4607 ot
1074 4550 1108 4605 de
1127 4549 1222 4605 abditis
1250 4548 1366 4620 pectoris
1393 4550 1452 4619 ojus
1475 4548 1611 4620 quandam
1646 4547 1753 4605 intimas
1777 4565 1822 4606 aa·

1027 4639 1134 4710 pientiae
1155 4644 1353 4693 sacrosanctam
1376 4637 1478 4692 eruisse
1492 4635 1661 4693 meouhamt
1679 4632 1757 4705 Quid
1775 4637 1822 4694 ille

1026 4727 1073 4800 qui
1088 4723 1244 4798 sapientiam
1260 4723 1419 4796 loquebatur
1443 4724 1514 4781 inter
1532 4723 1680 4794 perlectos,
1708 4725 1824 4798 sapien·

1028 4817 1091 4870 tiam
1107 4815 1133 4869 in
1158 4814 1286 4884 mysterio
1304 4812 1499 4879 absconditam,
1515 4829 1595 4883 quam
1616 4827 1700 4868 nemo
1717 4815 1824 4884 princi·

1028 4920 1091 4977 pum
1107 4901 1198 4958 mundi
1214 4901 1294 4968 hujus
1304 4900 1449 4973 cognovit?
1465 4903 1489 4973 (l
1505 4902 1567 4960 Cor.
1583 4915 1614 4966 ιι,
1634 4904 1663 4970 fi,
1679 4904 1720 4974 8).
1731 4904 1828 4960 Nonne

1029 5007 1083 5048 uuo
1102 4991 1228 5046 etaltera
1250 4989 1320 5045 coelo
1342 4998 1431 5059 acuta,
1446 4990 1493 5044 sed
1524 4989 1568 5062 pia
1581 4989 1741 5048 curiositate
1756 5001 1826 5049 tere·

1029 5079 1122 5147 bratis,
1141 5097 1156 5135 e
1171 5079 1250 5136 tertio
1266 5079 1374 5135 tandem
1394 5079 1463 5133 hanc
1478 5079 1553 5149 prius
1566 5086 1702 5136 scrutator
1711 5080 1827 5140 avexitt

1030 5169 1066 5224 ht
1089 5169 1176 5244 ipsam
1199 5183 1252 5222 nou
1276 5167 1351 5224 siluit
1378 5167 1470 5236 uobis,
1494 5167 1582 5223 verbis
1608 5167 1711 5240 quibus
1740 5170 1828 5242 potuit

216 5399 290 5469 (111)
303 5398 428 5470 Plerique
451 5399 558 5455 codices
586 5398 712 5454 omittunt
727 5401 898 5462 sanctitates,
915 5411 997 5467 quam
1024 5403 1114 5453 tanuen
1142 5411 1239 5452 vocem
1267 5395 1365 5450 habent
1393 5411 1496 5461 omnes,
1526 5395 1607 5451 etiam
1636 5395 1737 5467 primae
1769 5397 1827 5454 edi·

181 5471 277 5526 tiones.
