3734 5948
109 199 133 258 il
626 212 635 239 ι
689 197 790 258 SUPRR
809 199 936 265 ttlsshs
955 200 1023 257 EST
1036 197 1194 262 flolltlfl.
1218 264 1221 269 ,
1731 197 1768 263 58

107 325 170 381 litteo
188 324 402 383 commendavit
416 324 538 399 eloquio,
559 325 642 381 veluti
657 324 791 396 perflante
806 330 910 390 austro,
927 324 1072 416 gsimiics
1082 339 1204 382 essemus
1218 326 1285 395 (isa.
1302 340 1322 391 ι,
1338 329 1377 395 9).
1390 323 1492 380 Flornit
1507 333 1597 379 autem
1610 324 1766 384 hocsemen

105 424 177 485 atque
192 428 211 468 e
227 413 323 471 sinim
336 414 396 471 sola
411 414 535 473 radiante
549 413 672 485 justitiae,
688 413 812 485 quiedam
828 429 862 468 ex
877 428 912 469 ao
966 412 993 466 in
1008 411 1186 480 mirabilibus,
1201 430 1262 486 quac
1276 420 1386 470 ostensa
1409 421 1473 469 sunt
1496 413 1523 467 in
1538 411 1612 469 exitu
1632 413 1716 470 lsrael
1727 414 1764 472 de

105 501 253 574 spiritualia
285 502 477 575 profluxerunt
500 511 630 560 aromata
658 501 766 558 Utinam
787 509 816 556 et
839 517 913 558 nunc
966 502 1092 572 AEgypto,
1108 500 1135 555 in
1155 500 1292 576 figuriset
1315 500 1505 576 aenigmatibus
1529 517 1578 572 pcr
1600 509 1687 558 totum
1710 502 1764 560 iter

105 592 172 646 bens
184 591 431 649 emittatverbnm
447 609 537 660 suum,
554 600 582 648 et
596 590 751 664 liquefaciat
767 607 800 647 ea
813 591 911 658 nobis,
966 589 992 643 in
1007 588 1119 645 deserto
1134 606 1222 662 usque
1245 591 1272 645 in
1297 600 1395 646 terram
1418 590 1617 663 promissionis,
1633 599 1662 646 et
1684 591 1765 648 dein·
1820 589 1827 610 ⁶

105 677 200 750 perdet
231 679 348 752 spiritua
375 681 443 750 eius,
475 691 503 738 ct
533 668 606 736 fiant*
627 678 706 737 nobis
734 678 913 753 intelligibilis
965 693 1031 749 caps
1045 678 1072 732 in
1086 678 1236 734 visionibus
1251 685 1278 734 et
1291 678 1427 735 vaticiniis
1449 679 1657 750 prophetarum,
1674 680 1702 735 in
1717 695 1764 738 or·

105 766 184 824 rerba
198 767 390 843 evangelica:
412 768 479 824 fiant
493 769 521 824 in
536 768 665 825 cordibus
680 768 782 825 uostris
801 768 913 824 deside·
966 765 1104 821 clinatione
1132 781 1241 838 quoque
1271 767 1348 841 regni
1379 782 1412 823 ac
1439 768 1585 826 sacerdotii
1614 754 1699 840 usque
1729 768 1778 825 ad'

105 853 413 928 rabiliasuperaurum
434 856 595 928 etlapidem
615 856 765 930 pretiosum
788 857 911 924 multum,
965 853 1111 915 Christum.
1126 854 1250 911 Christus
1270 862 1361 910 ιιιιοιιι
1385 854 1465 924 hujus
1489 855 1602 913 seminia
1616 864 1645 913 et
1667 858 1764 914 horum

105 943 166 998 tant
180 950 215 1000 et
229 943 358 1002 dulciora
373 961 458 1016 super
473 946 524 1002 mel
540 954 570 1003 et
588 944 697 1004 favumi
966 943 1062 999 florum
1084 957 1139 998 non
1161 942 1296 999 immerito
1320 942 1425 999 fructus
1445 960 1506 1000 esse
1533 944 1706 1019 intelligitur,
1722 946 1766 1002 di-

133 1035 162 1086 2.
176 1031 228 1086 ait
242 1031 340 1105 itaque
355 1051 361 1088 :
381 1035 480 1091 Uiscus
494 1039 537 1092 est
550 1035 668 1107 angetur
687 1035 799 1092 Gabriel
813 1052 832 1088 o
847 1037 910 1090 ltro.
966 1039 1045 1086 cente
1059 1029 1143 1088 David
1155 1049 1161 1085 :
1174 1032 1310 1090 Dominus
1321 1031 1397 1088 dabit
1414 1032 1628 1104 beniqnitntem,
1643 1039 1672 1092 ct
1688 1040 1766 1092 terra

103 1122 161 1176 lion
187 1119 317 1178 arbitror
330 1121 403 1177 bunc
417 1121 546 1196 angelum
560 1123 595 1178 de
610 1121 761 1181 minoribus
774 1138 846 1186 esse,
866 1121 912 1194 qui
966 1125 1063 1177 nostro
1076 1119 1153 1176 dabit
1168 1123 1299 1191 [rnatum
1311 1137 1395 1178 suurn
1409 1123 1497 1190 (Prot.
1514 1136 1636 1188 suuxrv,
1655 1124 1721 1193 ts);
1736 1132 1765 1180 ot

102 1208 230 1281 qnalibet
250 1225 289 1265 ex
310 1226 402 1277 causa,
427 1211 524 1267 crebra
545 1211 652 1268 soleant
674 1211 709 1266 ad
729 1219 816 1267 terras
836 1209 912 1282 fungi
966 1207 1063 1263 iterum
1081 1227 1088 1263 ι
1103 1211 1252 1280 Detracta
1267 1210 1373 1266 ventris
1390 1211 1434 1266 tni
1452 1226 1556 1282 ponam
1570 1226 1656 1283 snper
1669 1211 1764 1269 swam

103 1296 248 1368 ιεςιιιοιιο
268 1315 278 1353 2
298 1298 373 1371 qaod
397 1314 431 1355 ex
455 1297 517 1372 ejus
544 1298 653 1356 nomine
683 1299 772 1372 palam
795 1296 912 1371 intelligi
967 1302 1047 1352 tuom
1061 1299 1149 1365 (Prot.
1164 1312 1263 1365 cxxxr,
1282 1298 1335 1368 ll).
1351 1297 1382 1355 ln
1394 1297 1529 1354 Nazareth
1544 1313 1612 1370 ergo
1627 1299 1766 1357 nuntiatur

103 1385 195 1456 datur,
211 1387 291 1459 qnod
304 1387 514 1458 interpretatum
529 1386 669 1460 fortitudo
684 1390 734 1446 Uei
752 1387 868 1453 dicitur;
883 1393 913 1442 et
965 1384 1089 1441 Christus
1107 1386 1275 1455 nasciturus;
1292 1386 1355 1458 qnia
1375 1386 1404 1442 in
1427 1385 1494 1443 flore
1518 1393 1642 1456 speratur
1663 1385 1766 1444 fructas

103 1473 166 1545 quia
188 1489 251 1531 non
277 1476 311 1530 ab
334 1474 388 1531 alio
412 1476 503 1550 aliquo
526 1476 597 1533 forte
620 1474 808 1533 excellentiori
828 1481 913 1545 aetat
939 1488 1153 1544 processurus.
1167 1474 1221 1530 Sed
1236 1475 1389 1545 prodeunte
1405 1472 1565 1545 fructu,tlos
1577 1474 1690 1544 decidit,
1701 1476 1766 1547 quia

103 1560 216 1632 assolet)
240 1561 352 1634 spiritu,
375 1562 425 1620 aad
449 1564 484 1619 ab
498 1564 558 1636 ipso
580 1565 638 1621 Deo
657 1563 727 1621 mitti
740 1563 909 1636 perhibetur.
964 1561 1078 1619 veritate
1094 1570 1243 1635 apparente
1255 1562 1388 1630 incarne,
1399 1562 1488 1636 ligura
1501 1562 1670 1635 pertransiit.
1686 1563 1766 1621 Unde

104 1653 224 1721 Propter
238 1651 371 1723 hooergo
380 1651 498 1723 positum
508 1660 560 1719 est,
572 1656 668 1723 aliem·
678 1652 722 1710 vel
733 1653 796 1709 ideo
810 1652 910 1708 dictum
964 1659 991 1706 et
1001 1651 1136 1709 Nazareth
1146 1651 1367 1723 civitasGalilaeae
1376 1650 1518 1718 dicitur,id
1529 1653 1766 1723 esttrcnsmtqrn·

104 1746 153 1808 ast,
170 1755 192 1794 n
204 1741 277 1805 naa,
292 1755 328 1795 ne
342 1740 588 1799 ouivclbeatorum
598 1741 723 1815 spiritum
738 1759 817 1799 snum
826 1742 910 1810 Deus,
926 1699 949 1776 B
964 1741 1051 1797 tionis
1063 1757 1070 1794 ι
1080 1741 1144 1812 quia
1157 1748 1289 1798 nascente
1305 1740 1424 1807 Christo,
1435 1740 1527 1795 omnia
1536 1739 1582 1794 illa
1597 1738 1766 1797 transierunt

104 1833 258 1896 antequam
272 1825 387 1900 Virgini,
407 1826 544 1885 revelasse
559 1836 670 1900 putetur
684 1828 838 1897 consilium,
858 1844 909 1883 ex·
963 1842 1024 1898 quaa
1037 1829 1163 1900 superius
1177 1828 1344 1893 enumeravi,
1360 1845 1432 1901 quse,
1447 1835 1477 1884 ιιι
1499 1827 1537 1883 ait
1550 1828 1708 1900 Apostolus,
1730 1830 1763 1885 in

103 1921 184 1984 cepto
199 1914 336 1970 dunnxat
348 1916 512 1986 archangelo
527 1917 665 1983 Gabriele,
685 1917 732 1990 qui
744 1917 835 1989 utique
852 1922 911 1971 tan-
962 1916 1054 1987 tiano
1067 1919 1264 1990 condnqebnnt
1284 1917 1342 1973 iliis
1361 1918 1387 1987 (l
1410 1918 1471 1976 Cor.
1488 1932 1517 1983 x,
1544 1918 1598 1988 tl).
1619 1917 1674 1973 llos
1698 1932 1765 1989 ergo

104 2012 134 2058 trs
148 2003 228 2058 inter
241 2017 309 2059 suos
321 2001 437 2061 inveniri
451 2005 572 2076 potuerit
587 2003 867 2074 excellentissiman
882 2011 910 2060 et
964 2003 1045 2062 flores
1058 2013 1086 2061 et
1101 2021 1152 2062 nos
1165 2007 1211 2079 qui
1224 2008 1281 2077 jam
1296 2006 1414 2063 fructum
1429 2012 1565 2072 tenemus,
1583 2004 1765 2075 pertransisse

104 2091 217 2148 nomine
232 2091 334 2162 dignus
349 2092 505 2160 haberetur,
526 2102 554 2149 et
569 2094 675 2151 nuntio.
695 2095 752 2150 Nec
770 2093 910 2149 discordat
963 2091 1086 2149 uidemus
1101 2111 1107 2150 :
1123 2103 1151 2150 et
1164 2095 1228 2150 dum
1242 2094 1332 2152 adbuc
1355 2095 1453 2150 florere
1484 2093 1657 2159 videbantur,
1674 2101 1764 2149 trans·

104 2194 207 2235 nomen
232 2194 251 2233 a
278 2179 383 2235 nuntio.
413 2180 463 2237 Dei
491 2181 592 2254 quippo
620 2182 747 2240 virtutem
774 2183 910 2241 Christum
963 2179 1026 2236 ituri
1039 2181 1269 2254 praevidebantur.
1285 2183 1362 2240 Unde
1378 2181 1576 2239 baridzltana
1590 2181 1665 2238 sicut
1681 2181 1767 2239 herba

103 2283 185 2339 quem
203 2267 307 2322 melius
331 2267 455 2325 nuntiare
470 2269 595 2338 decebat,
622 2287 704 2344 quam
718 2272 800 2341 hunc,
825 2289 910 2344 quem
964 2273 1199 2336 transeutnsone
1209 2269 1764 2341 florentettronaeot:vespercdscidat,

104 2355 193 2410 dmile
208 2370 315 2411 nomen
328 2356 462 2413 honorati
472 2358 541 2413 Nam
553 2358 618 2431 qnid
629 2360 752 2416 estahud
768 2359 908 2429 fortitudo,
964 2357 1079 2416 indurat
1088 2364 1116 2414 et
1125 2358 1640 2429 arascutqrsotaxxux,chvmpere
1649 2355 1763 2424 etenim,

103 2459 185 2517 quarn
199 2442 314 2501 uirtus?
326 2445 389 2502 Non
403 2453 494 2504 antem
509 2447 647 2504 dedocens
666 2459 712 2504 ant
729 2449 909 2520 incongruum
963 2445 1060 2510 idest,
1086 2446 1195 2517 quando
1223 2447 1298 2503 venit
1325 2446 1465 2519 plenitudo
1491 2444 1633 2517 temporis,
1655 2445 1684 2501 in
1707 2460 1764 2518 qno

104 2532 242 2599 rideatur,
271 2532 411 2590 domnum
440 2544 468 2592 et
497 2537 621 2593 nuntium
645 2537 781 2593 communi
803 2537 909 2594 censeri
964 2533 1035 2588 misit
1056 2535 1131 2590 Deus
1155 2534 1329 2610 Unigenitum
1345 2552 1438 2603 suum,
1454 2535 1555 2590 factum
1579 2549 1614 2589 ex
1637 2533 1763 2601 muliere,

104 2620 260 2689 rocabn103
274 2637 338 2677 cum
352 2621 448 2679 similis
465 2624 493 2679 in
508 2633 622 2697 utroque
637 2624 839 2697 appellationis,
852 2641 908 2683 non
963 2620 1063 2676 factum
1078 2622 1128 2677 sub
1143 2623 1205 2694 lega
1220 2624 1327 2694 (Galat.
1351 2640 1390 2691 rs,
1408 2626 1446 2693 t),
1462 2622 1571 2679 dicente
1586 2621 1645 2695 ipso
1665 2639 1673 2678 ι
1695 2625 1764 2683 Uere

105 2712 138 2766 sit
165 2722 263 2767 nmen
291 2711 432 2783 utriusque
461 2713 554 2771 similis
582 2730 673 2772 causa.
694 2717 780 2771 Aliter
808 2718 909 2787 quippe
962 2713 1224 2782 novofocioomnia
1238 2713 1332 2784 (Apoc.
1349 2714 1473 2784 uar,5);
1489 2718 1583 2768 vetere
1598 2709 1764 2767 transierunt

104 2800 229 2856 christus
255 2799 385 2859 fortitudo
400 2803 443 2859 vel
458 2802 544 2859 virtus
564 2804 615 2860 Uei
638 2804 747 2872 dicitur,
763 2804 842 2861 aliter
856 2820 908 2861 an·
962 2804 991 2854 et
1003 2798 1209 2872 disparuerunt,
1227 2802 1364 2873 quomodo
1378 2802 1407 2857 ιιι
1421 2801 1546 2858 novitate
1565 2799 1764 2857 succrescentis

103 2889 189 2963 gelus.
206 2888 333 2961 angelus
355 2891 427 2946 enim
448 2897 552 2947 tantum
577 2893 769 2965 nuncupative,
785 2893 909 2949 Christus
962 2885 1066 2946 fractus
1087 2888 1169 2946 floras
1195 2889 1327 2948 decidunt
1350 2898 1378 2947 et
1401 2898 1541 2947 arescunt.
1568 2887 1646 2945 Unde
1669 2904 1763 2945 rursus

103 2986 195 3033 antem
222 2977 309 3032 etiem
322 2977 492 3036 substantive
506 2979 630 3036 Christus
644 2981 695 3037 Uei
707 2981 792 3037 virtus
805 2982 832 3053 (l
846 2982 907 3041 dor.
961 2976 1092 3050 scriptum
1105 2984 1148 3035 est
1160 2994 1166 3035 :
1178 2981 1288 3036 Fanum
1303 2982 1393 3046 croit,
1404 2983 1432 3036 et
1446 2980 1498 3048 tior
1510 2977 1631 3046 decidit;
1646 2977 1764 3034 verbnm

103 3080 121 3135 r,
136 3068 185 3135 at)
200 3072 232 3122 et
248 3064 348 3122 dicitur
368 3073 397 3123 et
412 3075 464 3134 est,
480 3084 540 3140 queo
561 3067 623 3124 forti
637 3078 752 3138 armato,
768 3069 908 3142 quisnam
923 3044 945 3124 Β
962 3071 1058 3124 aarum
1067 3067 1181 3123 Domini
1190 3072 1287 3124 monet
1298 3069 1332 3124 in
1341 3072 1492 3126 oehrnnm.
1503 3064 1604 3131 Credo,
1615 3080 1670 3121 non
1680 3066 1763 3121 ambi-

102 3156 203 3211 atrinm
224 3154 255 3210 in
277 3169 345 3227 pace
368 3155 505 3213 custodire
528 3156 645 3225 solebat,
665 3155 761 3213 fortior
778 3172 909 3228 supervo-
961 3152 1004 3229 gia
1021 3154 1087 3226 quin
1109 3153 1224 3212 verbnm
1247 3154 1351 3213 tructas
1366 3155 1400 3211 sit
1413 3170 1422 3224 3
1437 3152 1559 3212 Verbum
1573 3159 1665 3210 autem
1680 3151 1760 3209 Chri·

103 3242 194 3311 ιιιοιιιι,
209 3244 304 3316 ipsum
317 3259 367 3300 suo
389 3244 503 3303 brachio
517 3244 684 3314 debellavit;
699 3252 729 3301 et
741 3244 782 3300 sic
803 3244 830 3300 ei
845 3260 909 3300 vasa
962 3249 1020 3299 stus
1034 3249 1085 3300 est.

102 3331 271 3403 captivitatis
280 3339 411 3403 potenter
425 3333 533 3405 eripuit.
549 3332 671 3407 angelus
691 3349 757 3391 vero
779 3332 908 3389 fortitudo

102 3418 153 3476 Uei
178 3418 415 3492 appellamsest,
440 3420 483 3476 vel
506 3421 580 3491 quod
603 3419 759 3493 hujusmodi
779 3420 909 3477 meruerit
962 3429 1105 3477 aeternum.
1117 3420 1173 3478 Sed
1186 3421 1233 3478 ubi
1248 3429 1289 3479 est
1300 3422 1393 3480 fenum
1403 3422 1476 3494 quod
1489 3419 1582 3477 amitt
1596 3419 1642 3476 ubi
1654 3427 1698 3477 est
1711 3419 1764 3477 tloa

101 3509 319 3582 prerogativam
332 3506 427 3576 officii,
441 3523 496 3581 quc
511 3508 636 3573 eiusdem
650 3508 788 3566 nuntiaret
802 3509 906 3566 adven·
962 3509 1008 3581 qui
1027 3509 1150 3566 deciditt
1163 3510 1299 3583 Propheta
1324 3509 1500 3583 respondeat.
1517 3510 1614 3568 Οιιιιιιι
1635 3525 1703 3567 coro
1717 3513 1762 3581 [e-

999 3334 1024 3386 t.
1041 3333 1130 3388 bonus
1151 3331 1244 3405 itaque
1266 3332 1370 3389 fructus
1393 3331 1528 3398 Christus,
1552 3331 1600 3403 qui
1618 3337 1711 3387 manet
1732 3329 1762 3387 in

103 3604 159 3654 ιιιιιι
178 3597 315 3655 virtmb:
335 3597 380 3653 vel
404 3597 466 3670 qnia
490 3598 625 3672 virginem
649 3607 745 3654 natura
769 3598 905 3670 pavidam,

103 3686 268 3759 medicant,
293 3687 485 3753 verecundam,
512 3689 547 3744 de
576 3687 698 3743 miraculi
722 3687 842 3743 novitma
873 3702 909 3744 ne

103 3783 316 3848 expavesceret,
330 3775 488 3832 confortare
515 3775 630 3833 deberet
651 3794 657 3830 :
679 3775 751 3847 quod
775 3783 804 3832 et
831 3774 907 3843 fecit,

102 3867 139 3926 ilc
153 3868 276 3934 timess,
286 3863 424 3936 inquiens,
436 3866 534 3934 Uario,
546 3866 684 3923 invenisti
694 3865 819 3937 qratiam
832 3865 909 3938 npcd

101 3957 204 4012 Uram
221 3952 280 4009 Sed
294 3959 324 4009 et
335 3953 423 4025 ipsius
435 3968 576 4025 sponsum,
591 3954 730 4011 hominem
750 3955 843 4025 ntique
863 3953 907 4010 ni-

101 4041 253 4099 bilominus
276 4041 404 4099 humilem
424 4058 457 4098 ac
476 4043 642 4112 timoratum,
659 4057 715 4098 non
734 4042 906 4099 irrationabi-

102 4132 165 4188 liter
177 4130 299 4188 forsitan
313 4130 387 4187 idem
397 4132 512 4205 angelus
525 4131 695 4188 confortasse
713 4128 797 4188 181
816 4130 908 4188 oredi-

103 4229 157 4288 tur,
172 4235 335 4293 quanquam
349 4228 413 4276 tnnc
429 4219 465 4275 ab
480 4220 647 4293 evangelista
670 4235 725 4276 non
741 4221 906 4277 nominetur.

962 3616 1033 3655 num
1041 3617 1051 3665 ,·
1067 3604 1094 3656 et
1107 3602 1198 3656 omnis
1207 3601 1298 3671 qtorio
1311 3601 1384 3672 ejas,
1400 3606 1537 3674 tanquam
1551 3602 1603 3669 tior
1617 3600 1679 3670 teni
1691 3599 1760 3667 (lso.

962 3702 1009 3756 xa,
1025 3687 1064 3756 8).
1079 3686 1108 3743 Si
1121 3688 1211 3744 omnis
1225 3703 1290 3746 caro
1301 3687 1413 3759 fenum3
1429 3703 1497 3760 ergo
1516 3687 1632 3744 carnalis
1651 3685 1697 3744 ills
1711 3701 1760 3760 po·

961 3775 1041 3848 pulus
1055 3776 1211 3833 Judaeorum
1229 3784 1259 3833 ιιι
1273 3775 1367 3834 fenum
1380 3775 1452 3831 aruit
1466 3777 1561 3845 (etms,
1573 3775 1645 3846 fait).
1661 3776 1760 3833 Annon

962 3864 1055 3921 fenum
1079 3864 1158 3932 aruit,
1175 3864 1241 3921 dum
1264 3865 1339 3921 idem
1362 3862 1480 3936 populus
1503 3865 1538 3920 ab
1552 3864 1627 3921 omni
1649 3864 1761 3937 spiritua

962 3953 1127 4029 pinguedine
1151 3968 1267 4024 vacuus,
1286 3951 1364 4009 drcae
1388 3952 1486 4010 litterae
1504 3952 1643 4011 sdhaedtr
1664 3955 1762 4011 Annon

962 4041 1041 4098 etiam
1056 4044 1108 4100 llos
1122 4041 1230 4112 decidit,
1243 4042 1354 4114 quando
1367 4040 1506 4114 gloriatio,
1522 4057 1604 4114 qnam
1618 4041 1758 4098 habebant

960 4131 989 4186 in
1003 4132 1076 4204 lege,
1090 4146 1145 4189 non
1159 4128 1314 4188 remansit?
1329 4129 1359 4188 Si
1371 4130 1423 4187 flos
1435 4145 1491 4187 non
1505 4130 1618 4201 decidit,
1630 4130 1678 4188 ubi
1693 4145 1761 4201 argo

962 4236 1086 4294 regnam,
1111 4220 1157 4275 nbi
1179 4218 1374 4286 sacerdotium,
1395 4218 1441 4274 ubi
1456 4220 1609 4291 prophetae,
1625 4219 1672 4276 ubi
1694 4225 1761 4277 tena-

104 4308 220 4382 loseph,
229 4308 329 4380 inquit,
336 4308 486 4377 thoboid,
497 4323 533 4365 ns
543 4309 644 4366 timeas
653 4310 780 4381 accipere
789 4308 908 4365 Uariam
962 4310 1046 4382 plum,
1065 4308 1110 4366 nbi
1124 4309 1244 4381 denique
1258 4306 1394 4380 magnalia
1407 4307 1463 4376 iila,
1478 4308 1513 4364 de
1532 4308 1632 4382 quibus
1649 4308 1762 4381 gloriari

104 4400 259 4470 conjugem
274 4401 356 4454 trram
369 4396 482 4466 (lfotth.
494 4413 514 4462 r,
528 4398 583 4466 ao.)
598 4397 802 4453 convenienter
816 4396 908 4469 itaque
923 4393 946 4471 u
962 4397 1369 4466 solebant,etdicere:annts
1378 4397 1762 4471 andivimaaetoopnovimsa

105 4485 221 4542 Gabriel
234 4485 272 4541 ad
287 4486 421 4557 hocopus
439 4484 550 4558 eligitur
566 4505 572 4542 :
590 4484 644 4541 imo
658 4485 721 4557 quia
737 4485 789 4541 talc
803 4486 842 4542 illi
857 4504 906 4544 ne·
963 4506 1006 4554 cc,
1018 4493 1047 4545 st
1054 4492 1153 4561 potres
1168 4488 1260 4543 rsottri
1270 4493 1464 4544 sonaverunt
1478 4487 1556 4545 nobis
1567 4485 1582 4542 f
1595 4495 1624 4544 ot
1637 4486 1736 4542 iterum
1752 4501 1759 4538 :

103 4576 212 4647 gotium
228 4574 392 4650 injungitur,
407 4580 482 4631 reste
496 4573 542 4630 tali
555 4573 665 4630 nonnae
683 4575 854 4649 designatur.
966 4578 1079 4646 Quanto
1091 4575 1239 4632 mandam
1254 4574 1384 4647 patribus
1405 4579 1511 4634 nostris
1532 4581 1601 4633 nota
1615 4577 1709 4645 [acere
1727 4590 1762 4632 eo

138 4667 167 4722 3.
183 4663 287 4719 Missua
309 4670 353 4719 eat
369 4678 437 4735 ergo
451 4664 565 4735 angelus
579 4663 689 4719 Gabriel
703 4680 720 4720 a
734 4664 802 4721 Deo.
826 4664 909 4733 Qua?
962 4666 1030 4735 filiis
1043 4666 1102 4722 seris
1116 4664 1488 4736 (Psol.auru,3.llitbaec
1501 4664 1575 4720 dicta
1589 4670 1653 4718 sunt
1667 4676 1761 4733 proco

103 4755 293 4811 lacivitstem
305 4752 490 4820 delitescendi
495 4769 598 4811 nomen
608 4752 908 4811 Nazareththdeamus
963 4752 1035 4826 quod
1050 4753 1166 4825 positum
1178 4762 1243 4808 eat:
1261 4753 1297 4809 fn
1311 4753 1453 4811 Nazareth
1461 4753 1608 4809 ciuitatem
1624 4750 1760 4808 Uelitrae

101 4843 134 4908 si,
150 4852 184 4898 nt
200 4841 239 4897 ait
251 4840 414 4906 Nathanael,
430 4841 606 4897 adunarem
616 4846 706 4913 potest
720 4843 830 4915 aliquid
845 4844 909 4901 boni
999 4845 1025 4898 b.
1042 4842 1073 4898 ln
1086 4840 1160 4898 illam
1173 4856 1240 4913 ergo
1254 4841 1390 4900 civitatem
1405 4840 1504 4895 missus
1519 4846 1562 4896 ost
1575 4837 1690 4911 angelus
1703 4838 1760 4896 Ua·

101 4948 163 4989 erre
175 4932 274 5000 (toan.
284 4942 306 4996 t,
318 4930 374 5002 ta).
385 4928 517 4987 Nazareth
528 4929 723 5001 interpretatur
736 4932 797 5000 [toa.
810 4931 909 4989 Viden·
962 4931 1030 4986 briei
1044 4947 1060 4986 a
1074 4932 1143 4988 Deo.
1162 4931 1205 4988 ad
1220 4929 1325 5004 quemi
1337 4930 1379 4987 Ad
1401 4929 1541 5000 Virgine-m
1559 4930 1761 5003 desponsatam

102 5018 326 5077 tarantemmilri
340 5018 479 5091 quoddam
495 5033 590 5074 semen
605 5017 688 5074 fnisse
702 5019 802 5076 divinae
815 5020 909 5094 cogni·
962 5021 1031 5087 niro,
1053 5022 1099 5077 cni
1116 5038 1221 5079 omnen
1241 5024 1305 5077 erat
1327 5019 1438 5090 ioseph.
1457 5018 1524 5087 Quae
1539 5024 1582 5076 eat
1606 5019 1664 5076 haec
1680 5017 1760 5088 firgo

102 5109 201 5174 tionis,
218 5118 350 5180 tanquam
364 5122 381 5164 e
399 5106 471 5165 ooelo
490 5108 623 5178 jactatum
642 5107 670 5162 in
694 5116 793 5178 terras,
808 5109 909 5168 alleca·
963 5117 1018 5165 tam
1036 5109 1214 5175 venerabilis,
1228 5115 1257 5164 nt
1274 5107 1588 5181 salutetnrabange103
1607 5115 1661 5164 tam
1674 5105 1760 5162 humi-

102 5199 197 5254 tiones
217 5204 249 5252 et
271 5197 468 5268 promissiones
501 5195 580 5253 feotae
613 5196 723 5252 cultus
746 5196 781 5252 ad
804 5206 908 5270 patres,
962 5196 1006 5266 lis,
1021 5205 1051 5254 ut
1064 5199 1229 5270 desponsata
1243 5197 1280 5253 sit
1293 5196 1397 5253 fabro?
1413 5197 1527 5255 Pulchra
1543 5195 1685 5270 permistio
1699 5195 1758 5251 rir-

101 5287 249 5344 Abrabam
263 5285 380 5352 seilicet,
394 5287 469 5343 Isaac
491 5294 520 5342 et
544 5284 647 5353 Jacob;
673 5287 708 5340 de
731 5301 785 5357 quo
804 5288 909 5345 semine
962 5285 1084 5360 ginitatis
1098 5295 1126 5344 et
1141 5285 1298 5342 humilitatis
1315 5302 1321 5341 :
1338 5302 1390 5344 nec
1404 5286 1579 5343 mediocriter
1593 5286 1683 5358 placet
1700 5283 1760 5341 lieo

100 5376 241 5448 scriptum
251 5376 376 5433 astslfisi
386 5375 652 5434 DominasSnbooth
662 5374 820 5447 reliquisset
831 5378 908 5436 archis
962 5375 1007 5430 illa
1029 5375 1129 5442 anima,
1145 5377 1240 5447 inqua
1255 5383 1284 5431 et
1299 5375 1436 5433 humilitas
1457 5374 1633 5433 commendat
1645 5371 1759 5447 virgini·

100 5482 214 5533 searesr,
227 5464 742 5537 metiamtanumnsretqncri
757 5466 909 5525 domnia
964 5471 1057 5530 tatem
1092 5472 1120 5524 et
1153 5463 1293 5541 virginitas
1335 5474 1450 5523 exornat
1482 5463 1670 5522 humilitatem.
1703 5462 1758 5523 Sed
