3734 5948
99 168 133 235 85
348 208 351 214 -
668 161 782 227 suaet
801 163 921 224 118st
937 161 1006 220 EST
1024 155 1183 221 doullie.
1357 234 1360 241 1
1714 159 1752 220 86

94 295 150 365 lul.
167 288 354 366 perniciosos)
373 288 409 346 ad
423 290 544 348 bonores
557 304 681 365 quosque
696 250 900 347 amleiasticus
918 300 942 380 fl
958 284 1119 359 Quanquam
1146 283 1185 340 nil
1212 283 1301 340 obstat
1322 281 1447 356 intelligi,
1472 284 1536 357 fiat,
1558 299 1620 342 esse
1637 287 1751 344 verbum

101 380 263 457 pervolare3
296 394 412 452 moxque
445 379 497 434 sibi
524 377 691 452 applaudere
719 377 900 446 sanctitatem,

101 472 221 529 restium
237 470 368 526 duntaxat
390 468 551 538 mutatione,
574 482 629 524 non
643 468 789 532 mentium
815 474 843 523 ει
859 466 902 521 di·

100 575 173 637 gnos
188 575 220 616 se
234 557 370 615 estimare
388 556 520 631 dignitate
533 558 568 612 ad
583 573 665 628 quam
679 555 824 612 ambiendo
839 569 904 626 per-

100 646 256 714 'renerunt3
280 647 408 719 quodque
428 645 464 715 (si
483 646 571 702 audeo
594 645 699 719 dicere)
723 645 816 718 adepti
842 651 905 701 suut

103 737 235 804 nummis,
262 735 411 793 attribuere
433 734 548 791 meritis.
568 734 667 792 Omitto
694 743 785 791 sutem
808 733 843 790 de
862 731 905 788 his

103 840 174 898 quos
189 830 309 882 exsecat
323 821 446 890 ambitio,
463 830 490 878 et
503 823 591 880 honor
603 822 662 895 ipse
675 821 855 896 superbiendi<
865 820 905 877 eis

103 913 222 970 materia
236 920 288 969 est.
712 917 718 924 ·

139 1006 188 1058 to.
203 1001 260 1057 Sed
278 1000 359 1057 rideo
382 998 468 1071 (quod
482 998 570 1072 magis
592 999 684 1071 doleo)
707 1006 769 1071 post
786 1005 906 1070 spretam

105 1088 199 1147 mauu
211 1104 341 1162 pompam
359 1086 506 1144 nonnullos
519 1087 548 1142 in
571 1086 665 1144 schola
682 1086 839 1143 humilitatis
856 1102 906 1142 su·

104 1179 230 1252 perbiam
253 1179 341 1253 magis
362 1175 515 1242 addiscere,
540 1192 573 1233 ac
589 1175 703 1233 subulis
726 1175 799 1231 mitis
815 1172 906 1230 humi-

106 1267 196 1338 lisque
215 1265 339 1339 magistri
361 1264 472 1340 gravius
485 1264 663 1333 insolescere,
688 1271 717 1321 ει
733 1263 907 1336 impatientes

107 1355 226 1427 amplius
250 1354 310 1411 lieri
334 1354 361 1409 in
376 1353 504 1420 claustro,
519 1369 600 1426 quam
619 1352 736 1409 luissent
753 1351 782 1409 in
795 1351 905 1410 saeculo.

107 1443 244 1515 Quodque
264 1441 353 1516 magis
378 1441 457 1501 ῚὸΙ
485 1458 646 1515 perversum
668 1451 721 1508 est,
744 1442 867 1515 plerique
880 1440 908 1497 in

107 1534 191 1590 domo
206 1531 257 1588 Dei
271 1547 327 1588 nou
344 1531 485 1605 patiuntur
503 1531 597 1589 baberi
620 1531 799 1604 contemptui,
820 1528 908 1604 quiin

107 1638 158 1678 sua
173 1620 283 1679 nonnisi
297 1620 514 1694 contemptibilos
536 1636 598 1678 esse
613 1628 759 1693 potueruut
774 1637 782 1676 ι
800 1628 831 1677 ιιι
846 1619 909 1695 quia

107 1708 251 1776 uidelicet,
273 1707 322 1765 ubi
345 1725 361 1765 a
382 1709 506 1781 pluribus
527 1710 647 1767 honores
661 1716 835 1783 appetuntur,
856 1709 909 1780 ipsi

108 1799 199 1855 locum
215 1798 319 1855 babere
329 1814 384 1855 nou
397 1805 564 1866 meruerunt,
581 1798 676 1856 saltem
686 1798 722 1855 ibi
738 1794 910 1855 honorabiles

108 1887 267 1953 rideantur,
290 1887 338 1943 ubi
358 1888 393 1942 ab
408 1888 534 1944 omnibus
548 1889 666 1944 honores
685 1893 907 1944 contemnuntur.

108 1975 197 2032 Video
213 1982 243 2032 et
256 1976 326 2031 alios
345 1976 430 2048 (quod
444 1991 499 2033 non
518 1976 578 2033 siue
598 1976 692 2034 dolore
712 1976 799 2033 videri
815 1974 909 2048 debet)

108 2073 171 2137 post
180 2080 343 2139 aggressam
357 2064 454 2121 Christi
474 2065 606 2131 militiam¹
623 2082 716 2122 rursus
734 2065 911 2122 secularibus

108 2153 247 2225 implicari
284 2154 408 2227 negotiis,
446 2170 539 2210 mrsus
566 2154 758 2227 cupiditatibus
794 2153 910 2209 terrenis

108 2242 257 2314 immergi:
274 2258 334 2298 curn
349 2257 526 2314 magnacum
540 2245 646 2318 erigere
660 2259 762 2315 muros,
777 2251 804 2299 ει
818 2242 910 2314 negli-

110 2346 177 2405 gere
192 2345 288 2386 mores
303 2349 310 2387 :
325 2331 375 2387 sub
390 2339 523 2402 pretextu
546 2347 654 2404 quoque
673 2332 823 2388 communis
837 2330 911 2386 utili·

110 2419 184 2487 tatis,
207 2419 294 2474 verba
316 2419 437 2476 vendere
463 2420 600 2490 divitibus,
624 2429 651 2477 et
670 2420 799 2476 matronis
813 2419 913 2475 saluta·

111 2508 202 2563 bones
218 2526 226 2563 :
243 2508 292 2563 sed
309 2514 337 2564 ει
359 2514 454 2567 contra
468 2509 643 2581 Imperatoris
656 2509 697 2566 sui
713 2509 832 2565 edictum
847 2522 912 2563 oon·

110 2598 254 2668 cupisoere
277 2596 376 2663 auena,
393 2606 421 2654 ει
435 2614 559 2654 suasum
573 2599 620 2655 lite
634 2604 776 2671 repetere;
792 2612 846 2653 uon
861 2612 913 2652 au-

111 2685 224 2741 dientes
237 2685 389 2757 apostolum
409 2702 442 2742 ex
465 2685 580 2758 imperio
598 2687 681 2760 Regis
696 2685 911 2743 tubicinantem:

958 373 1069 432 orantis.
1082 373 1171 431 Nemo
1190 373 1290 446 quippe
1305 380 1375 441 urst,
1390 372 1442 429 uisi
1457 372 1531 447 quod
1549 372 1635 431 credit
1649 384 1675 433 et
1689 392 1754 449 spe·

958 471 1009 520 rat.
1025 460 1088 518 Vult
1103 468 1221 518 autema
1236 477 1266 517 εε
1285 460 1387 535 requiri
1403 462 1477 517 De'us
1492 462 1573 517 etiam
1587 462 1662 535 quod
1672 463 1752 536 polli-

958 560 1044 609 cetur.
1060 551 1094 606 lit
1106 550 1168 606 ideo
1182 549 1252 606 lorte
1266 549 1349 606 multa
1363 567 1424 623 quae
1439 550 1504 606 dare
1519 550 1662 623 disposuit,
1678 553 1755 625 prius

957 640 1111 713 pollicetur,
1138 645 1168 694 ut
1195 655 1227 694 ax
1251 639 1434 712 promissione
1453 633 1567 696 'devotio
1596 640 1752 697 excitetur:

959 730 1055 801 sicque
1069 727 1141 801 quod
1156 730 1241 803 gratis
1254 727 1367 784 daturus
1382 737 1450 800 erat,
1465 729 1562 784 devota
1576 730 1663 786 oratio
1683 746 1754 802 pro-

959 827 1104 874 mereatur.
1129 816 1176 872 Sic
1200 815 1263 888 pius
1281 817 1422 886 Dominus,
1445 820 1493 890 qui
1516 833 1611 874 omnes
1631 819 1756 875 homiues

959 905 1015 964 vult
1029 905 1119 962 salvos
1134 905 1205 971 heri,
1221 905 1317 962 merita
1332 905 1411 961 nobis
1425 914 1569 980 extorquet
1583 908 1689 965 anobis
1705 927 1712 964 ε
1729 915 1759 966 ει

960 997 1024 1051 dum
1045 1011 1095 1051 nos
1109 994 1240 1067 praeveuit
1256 994 1400 1051 tribuendo
1423 995 1496 1066 quod
1515 995 1657 1065 retribuat,
1673 997 1758 1071 gratis

961 1085 1026 1157 agit,
1051 1099 1087 1140 ne
1106 1083 1192 1156 gratis
1214 1082 1324 1139 tribuat.
1345 1085 1401 1140 Hoc
1420 1085 1515 1158 utique
1537 1086 1659 1157 prudens
1673 1086 1758 1161 Virgo

961 1172 1104 1239 intellexit,
1129 1171 1238 1245 quaudo
1260 1171 1435 1245 praevenienti
1459 1189 1489 1228 se
1513 1174 1619 1229 muneri
1633 1175 1760 1247 gratuitae

961 1261 1161 1337 promissionis,
1185 1261 1274 1334 junxit
1294 1261 1418 1317 meritum
1442 1277 1498 1318 suaa
1521 1261 1651 1318 orationis
1671 1263 1759 1333 trist,

962 1350 1097 1424 iuquiens,
1112 1350 1185 1407 mitt
1208 1351 1360 1408 secundum
1375 1348 1490 1408 verbum
1506 1354 1599 1407 tatum.
1620 1349 1679 1406 Fiat
1694 1348 1760 1405 mihi

963 1439 998 1497 de
1014 1441 1109 1498 Verbo
1130 1439 1280 1497 secuudum
1302 1439 1415 1496 verbum
1435 1446 1521 1496 tuum.
1545 1439 1665 1496 Verbum
1686 1439 1760 1512 quod

963 1539 1021 1587 erat
1035 1530 1064 1586 iu
1077 1528 1211 1602 principio
1224 1528 1296 1601 apud
1305 1529 1404 1595 Deum,
1416 1528 1461 1584 liat
1475 1544 1539 1586 caro
1554 1528 1589 1585 de
1603 1543 1690 1604 carne·
1699 1545 1762 1584 mea

963 1618 1113 1676 secundum
1133 1618 1245 1675 verbum
1263 1627 1348 1674 tuum.
1371 1618 1442 1684 Fiat,
1464 1619 1591 1687 obsecro,
1611 1617 1678 1674 mihi
1698 1634 1761 1674 ver-

963 1709 1039 1779 bum,
1053 1723 1109 1764 uon
1131 1707 1266 1779 prolatum
1285 1706 1358 1779 quod
1380 1714 1512 1774 trauseat,
1531 1707 1581 1764 sed
1595 1711 1758 1778 conceptum

963 1806 992 1853 ut
1007 1804 1124 1865 maneat,
1148 1812 1230 1852 carne
1245 1795 1373 1853 videlicet
1388 1796 1523 1865 indutum,
1543 1811 1597 1853 non
1613 1812 1687 1854 aere.
1702 1794 1764 1852 Fiat

965 1886 1027 1942 mihi
1050 1902 1105 1943 non
1131 1893 1235 1942 tantum
1255 1885 1374 1942 audibile
1398 1886 1516 1955 auribus,
1542 1887 1592 1943 sed
1616 1894 1643 1943 et
1657 1885 1763 1943 visibile

964 1975 1060 2041 oculis,
1079 1974 1215 2051 palpabile
1233 1975 1369 2040 manibus,
1394 1974 1526 2047 gestabile
1549 1975 1679 2032 humeris.
1705 1975 1764 2033 Nec

964 2064 1011 2121 liat
1026 2064 1091 2121 mibi
1105 2064 1219 2122 verbum
1242 2063 1372 2137 scriptum
1393 2073 1419 2121 et
1439 2073 1554 2133 mutum,
1570 2064 1620 2122 sed
1635 2065 1762 2120 iucarna-

965 2162 1020 2210 tum
1035 2162 1063 2209 et
1084 2153 1175 2210 rivum
1190 2171 1198 2209 ε
1215 2154 1268 2211 hoc
1282 2159 1336 2223 est,
1359 2171 1415 2210 uon
1431 2156 1510 2209 urutis
1529 2153 1635 2226 liguris,
1650 2153 1763 2209 mortuis

965 2243 992 2297 in
1017 2242 1133 2313 pellibus
1156 2251 1307 2311 exaratum,
1332 2243 1380 2299 sed
1405 2244 1432 2298 in
1452 2243 1538 2299 lorma
1549 2245 1668 2300 humana
1694 2241 1764 2297 meis

965 2330 1046 2387 castis
1069 2331 1220 2388 usuaribus
1240 2331 1369 2387 vivaciter
1386 2331 1550 2405 impressum
1572 2351 1579 2386 :
1599 2339 1625 2389 et
1643 2332 1695 2387 hoo
1709 2346 1764 2387 non

966 2419 1066 2476 mortui
1085 2419 1179 2476 calami
1205 2419 1369 2490 depictione,
1391 2420 1441 2476 sed
1464 2420 1549 2477 saneti
1569 2420 1685 2494 Spiritus
1698 2435 1765 2493 ope·

967 2508 1081 2564 ratione.
1098 2509 1138 2564 Eo
1162 2507 1289 2565 videlicet
1314 2508 1395 2565 modo
1418 2507 1467 2564 liat
1489 2509 1563 2577 mihi,
1588 2524 1643 2583 quo
1661 2507 1766 2566 nemini

967 2604 1093 2652 autema
1117 2594 1217 2654 lactum
1246 2604 1295 2665 est,
1324 2598 1426 2654 nemini
1444 2606 1506 2671 post
1527 2614 1571 2656 me
1597 2597 1763 2655 laciendum.

968 2687 1051 2741 Porro
1065 2684 1238 2741 multifariam
1260 2685 1408 2759 multisque
1429 2686 1516 2743 modis
1531 2686 1597 2744 olim
1608 2687 1683 2744 Deus
1691 2687 1766 2745 locu·

111 2776 167 2832 lloc
176 2774 386 2848 ipsum,iuquit,
394 2775 533 2833 delictum
543 2780 585 2834 est
595 2776 626 2833 in
637 2777 720 2848 vobis,
734 2776 805 2848 quod
815 2790 914 2832 cousus
968 2781 1011 2830 tus
1031 2781 1074 2829 est
1097 2774 1220 2831 Patribus
1239 2775 1267 2830 in
1286 2775 1443 2848 prophetis,
1470 2785 1496 2832 et
1519 2775 1577 2832 aliis
1601 2777 1711 2848 quidem
1735 2777 1764 2833 in

111 2861 914 2938 habetisQuaerammagistroudompotimirui(lcor.rt‚
967 2879 1042 2933 aure,
1062 2863 1120 2918 aliis
1134 2862 1162 2919 in
1177 2877 1234 2934 ore,
1248 2864 1307 2920 aliis
1328 2864 1409 2920 etiam
1432 2864 1461 2920 in
1479 2880 1561 2923 manu
1584 2865 1685 2923 iactum
1703 2882 1765 2924 esse

111 2951 153 3022 7.)
168 2950 247 3006 itane
260 2951 392 3007 mnndum
413 2951 473 3021 sibi,
494 2959 567 3009 etse
586 2952 687 3009 mundo
711 2952 912 3020 crucifixerunt,
966 2950 1079 3006 terbum
1104 2951 1211 3006 Domini
1226 2961 1413 3009 memoratur:
1437 2953 1502 3009 mihi
1516 2962 1606 3011 autem
1620 2969 1668 3011 oro
1692 2954 1765 3012 utin

110 3039 204 3113 utqui
218 3047 300 3096 autea
314 3040 359 3098 rix
379 3040 407 3096 in
430 3057 480 3098 suo
494 3041 553 3099 vico
572 3042 616 3098 vel
630 3041 730 3115 oppido
743 3043 844 3118 cogniti
858 3042 914 3100 lue·
929 3000 950 3079 c
966 3049 1044 3095 utero
1066 3038 1113 3095 fiat
1130 3041 1206 3110 juxta
1229 3041 1343 3098 verbum
1365 3051 1451 3100 tuum.
1471 3043 1542 3099 Nolo
1565 3053 1656 3100 autem
1671 3049 1701 3100 ut
1714 3043 1763 3101 liat

111 3134 185 3199 rant,
210 3129 294 3186 modo
315 3128 515 3187 choumeuntes
535 3130 688 3203 provincias
703 3139 730 3187 et
752 3130 841 3188 curias
859 3130 913 3189 sre-
967 3127 1033 3183 mihi
1061 3136 1108 3184 aut
1125 3129 1316 3186 declamatorie
1340 3130 1529 3201 praedicatum,
1553 3138 1598 3186 aut
1616 3131 1766 3204 figuraliter

111 3225 292 3291 queritantes,
309 3234 405 3294 regum
420 3218 541 3284 notitias,
556 3219 762 3293 principumque
776 3219 913 3277 familiari·
967 3214 1157 3288 significatum,
1182 3225 1227 3273 aut
1249 3217 1438 3292 imaginatorie
1462 3219 1640 3291 somniatum3
1665 3219 1715 3275 sed
1728 3218 1765 3274 si·

112 3316 186 3364 tates
208 3307 327 3364 assecuti
350 3307 427 3364 sint?
446 3307 517 3378 Quid
536 3308 570 3366 de
584 3309 644 3381 ipso
658 3309 751 3365 habitu
766 3309 864 3373 dicam,
884 3310 913 3365 in
966 3306 1055 3363 lenter
1078 3304 1161 3364 ⁷55
1184 3305 1355 3378 inspiratum,
1379 3307 1559 3380 personaliter
1582 3306 1763 3376 incarnatum,

111 3412 169 3470 quo
180 3398 240 3468 jam
263 3411 317 3453 nou
336 3397 420 3465 calor,
435 3398 483 3454 sed
497 3398 572 3454 color
594 3398 754 3473 requiritur;
771 3398 913 3476 magisque
967 3400 1144 3475 corporaliter
1164 3401 1368 3460 invisceratum.
1385 3403 1504 3459 Verbum
1527 3403 1620 3480 igitur,
1645 3404 1717 3477 quod
1735 3403 1765 3462 in

113 3485 199 3542 cultui
212 3485 341 3554 restium,
356 3503 438 3559 quam
460 3489 589 3546 virtutum
604 3488 755 3545 insistitur?
770 3489 857 3546 Pudet
871 3489 912 3544 di·
967 3506 997 3548 se
1011 3507 1063 3548 uec
1077 3498 1184 3563 poterat
1202 3490 1272 3559 lieri,
1288 3508 1341 3549 nec
1356 3491 1506 3568 indigebat,
1522 3494 1649 3566 dignetur
1663 3492 1691 3549 in
1707 3510 1763 3561 me,

113 3573 193 3630 cerei
210 3574 357 3632 vincuntur
378 3575 406 3631 in
430 3591 479 3633 suo
503 3577 593 3633 studio
612 3577 787 3647 mulierculae,
804 3579 913 3653 quando
967 3579 1095 3656 dignetur
1109 3588 1136 3635 et
1150 3580 1217 3636 mihi
1233 3580 1294 3636 fieri
1309 3581 1460 3639 secuudum
1474 3583 1587 3639 verbum
1603 3589 1689 3639 tuum.
1705 3583 1767 3639 Fiat

113 3663 287 3720 amonachis
309 3665 426 3736 pretium
440 3664 581 3721 affectatur
602 3666 776 3737 intestibus,
792 3682 847 3723 non
862 3685 913 3724 ne·
967 3669 1076 3742 quidem
1089 3669 1256 3742 generaliter
1269 3671 1341 3726 omni
1358 3671 1469 3739 mundo,
1489 3671 1539 3728 sed
1554 3671 1707 3744 specialiter
1719 3670 1767 3727 fiat

114 3751 227 3809 cessitas
250 3769 258 3807 z
282 3768 334 3809 neo
356 3754 453 3810 saltem
474 3753 561 3810 forma
588 3754 729 3830 religionis
752 3762 870 3824 retenta,
885 3756 913 3811 iu
967 3759 1033 3813 mibi
1048 3759 1199 3815 secundum
1213 3760 1328 3816 uerbum
1342 3766 1428 3815 tuum.

114 3840 209 3898 hssbilss
223 3840 324 3909 ⁰¹⁰³&
341 3856 396 3898 ¹1⁰ss
412 3843 512 3898 diffisi
527 3852 659 3915 appetuni
677 3843 775 3899 mihies
790 3844 888 3901 Christi
906 3865 912 3900 ²
969 3858 1120 3914 excusatio
1129 3858 1157 3914 S.
1169 3858 1318 3924 bernardi,
1336 3858 1407 3931 quod
1418 3859 1512 3913 torum
1525 3857 1614 3914 istum
1624 3857 1767 3930 Evangelia

113 3931 172 4004 qui,
188 3930 255 3985 dum
265 3946 295 3986 se
309 3946 462 4003 praeparare
477 3933 511 3987 ad
521 3933 654 4004 praelium,
668 3940 696 3988 et
710 3941 804 3990 contra
819 3950 915 3990 aereas
1010 3932 1076 3999 post
1090 3928 1160 3984 ulios
1179 3931 1351 3999 repositurus
1371 3929 1551 3985 tractandum
1565 3931 1730 4002 sumpserit.

113 4027 269 4093 potestates
282 4021 454 4092 pretendere
464 4022 632 4095 paupertatis
642 4023 750 4095 insigne
763 4024 917 4080 debuerant
1005 4024 1163 4080 Lectionum
1177 4024 1362 4096 evangelicam
1384 4027 1504 4099 exposui,
1522 4027 1592 4083 sicut
1605 4027 1698 4100 potui:
1717 4044 1768 4086 nec

115 4109 203 4181 (qnod
218 4109 313 4182 utique
331 4109 480 4166 aduersarii
492 4110 571 4168 valde
586 4111 755 4185 formidant),
766 4112 794 4168 in
805 4111 916 4170 mollitie
970 4113 1066 4186 ignoro
1080 4112 1153 4185 quod
1168 4127 1222 4169 non
1237 4113 1363 4170 omnibus
1385 4116 1512 4188 placebit,
1538 4117 1586 4172 sed
1602 4116 1658 4173 scio
1673 4133 1717 4175 me
1732 4119 1768 4174 ob

114 4197 345 4255 vestimentorum
369 4199 446 4272 pacis
473 4200 562 4271 potius
581 4200 759 4273 preferentes
776 4201 914 4270 iudicium,
971 4203 1042 4259 hano
1055 4218 1113 4258 rem
1133 4203 1278 4260 multorum
1293 4204 1352 4262 lore
1366 4205 1544 4278 indignationi
1560 4206 1723 4276 obnoxium;
1741 4215 1769 4265 et

115 4286 363 4344 ultrosehostibus
376 4288 577 4363 sinesanguine
591 4291 699 4346 tradunt
713 4291 844 4348 inermes.
860 4292 918 4347 Neo
973 4301 1019 4350 aut
1045 4293 1187 4365 judicabor
1216 4294 1380 4367 superfluus,
1406 4306 1452 4352 aut
1475 4303 1667 4369 praesumptor,
1694 4298 1769 4371 quod

117 4374 230 4431 aliunde
257 4377 317 4433 haec
343 4379 435 4434 omnia
462 4379 532 4434 mala
568 4379 737 4454 contingunt,
765 4380 817 4436 nisi
845 4381 917 4453 quod
933 4355 956 4432 ὓ
972 4381 1099 4439 videlicet
1117 4390 1179 4455 post
1192 4384 1297 4450 Patres,
1313 4384 1358 4457 qui
1373 4386 1445 4441 huuc
1459 4385 1547 4459 ipsum
1564 4385 1652 4443 locum
1666 4386 1770 4460 plenis·

117 4463 205 4533 illurn,
221 4481 276 4538 qua
289 4466 420 4523 saeculum
438 4467 619 4538 deseruimus,
636 4469 795 4524 deserentes
810 4468 919 4524 humili·
974 4473 1042 4529 sime
1057 4480 1251 4544 exposuerunt,
1268 4489 1361 4529 rursus
1376 4474 1403 4529 in
1419 4477 1516 4532 eodem
1531 4492 1618 4533 nouus
1633 4477 1770 4549 expositor

118 4560 218 4627 tatem,
237 4553 367 4628 damper
387 4557 441 4614 hoc
463 4557 587 4630 cogimur
609 4557 700 4630 inepta
713 4557 804 4614 denuo
819 4557 920 4615 sectari
975 4577 1056 4617 ausus
1080 4560 1179 4617 luerim
1200 4561 1307 4617 mittere
1329 4578 1449 4619 manum.
1466 4565 1520 4620 Sed
1540 4566 1565 4621 si
1579 4566 1644 4637 quid
1669 4566 1770 4623 dictum

118 4642 215 4699 studia
236 4645 416 4714 secularium,
440 4660 522 4704 canes
544 4645 677 4704 efficimur
698 4655 867 4704 revertentes
886 4647 921 4702 ad
975 4658 1016 4707 est
1034 4657 1096 4722 post
1121 4651 1214 4705 Patres
1237 4650 1311 4722 quod
1335 4666 1389 4707 nou
1413 4652 1447 4707 sit
1470 4659 1564 4709 contra
1588 4654 1699 4719 Patres;
1720 4670 1772 4712 nec

116 4733 262 4790 sumtum.

158 4827 205 4879 tt.
219 4823 369 4881 Audiamus
383 4823 485 4899 itaque,
500 4833 633 4900 quotquot
650 4824 716 4883 tales
735 4843 840 4898 sumus,
857 4825 923 4900 quid

119 4911 169 4970 ilia
180 4913 366 4985 responderit,
381 4932 443 4988 qute
466 4916 515 4972 Dei
530 4924 617 4973 mater
631 4915 791 4992 eligebatur,
809 4917 858 4973 sed
873 4917 923 4972 hu-

119 5001 264 5058 militatem
278 5018 333 5060 non
347 5003 569 5061 obliviscebatur.
585 5005 663 5078 Erre,
684 5007 730 5073 ait,
747 5007 854 5062 ancillo
869 5008 923 5062 lio·

120 5094 209 5157 mini,
224 5092 276 5163 fiat
291 5094 364 5150 miti
377 5096 531 5152 secuudum
550 5093 665 5151 uerbum
690 5100 781 5153 tuum.
805 5099 868 5152 Fiat
883 5099 926 5150 est

121 5181 259 5238 desiderii
280 5183 400 5258 signum,
419 5199 474 5241 non
488 5184 661 5240 dubitationis
676 5184 815 5240 iudicium.
831 5185 862 5239 Et
878 5200 927 5255 per

120 5273 176 5328 boc
192 5272 269 5344 qnod
283 5271 356 5339 dicit,
375 5275 427 5343 fist
441 5275 514 5331 miti
526 5275 682 5331 secuudum
699 5274 813 5331 verbum
832 5278 925 5344 tuum,

123 5362 218 5436 magis
236 5361 415 5438 intelligenda
438 5372 479 5420 est
502 5362 632 5421 allectum
646 5363 799 5435 exprimere
814 5363 926 5421 deside-

122 5452 226 5518 rantis,
251 5468 334 5524 quam
358 5451 484 5511 elieotum
505 5454 643 5527 roquirere
669 5468 745 5511 more
768 5452 927 5510 dubitantis.

976 4737 1099 4794 Patribus
1122 4737 1247 4807 arbitror,
1272 4755 1323 4796 nec
1347 4740 1471 4814 cuiquam
1492 4740 1636 4812 displicere
1657 4741 1770 4800 debere.

976 4827 1027 4883 Ubi
1046 4834 1138 4884 autem
1159 4827 1213 4882 dixi
1237 4830 1310 4901 quod
1335 4846 1351 4884 a
1375 4829 1497 4885 Patribus
1525 4829 1629 4901 accepi,
1648 4829 1711 4886 dum
1735 4831 1774 4888 sio

978 4916 1048 4973 absit
1068 4917 1166 4989 typhus
1189 4917 1420 4990 presumptionis,
1443 4928 1550 4974 utnon
1574 4920 1646 4976 desit
1669 4920 1773 4978 fructus

979 5006 1140 5078 dovotionis,
1165 5007 1299 5078 patienter
1317 5007 1422 5062 audiam
1447 5009 1481 5063 de
1504 5009 1690 5081 superfluitate
1708 5028 1775 5068 cau·

980 5103 1082 5153 santes.
1097 5097 1230 5153 Noverint
1244 5106 1333 5153 tanuen
1353 5097 1399 5169 qui
1423 5113 1466 5154 me
1489 5107 1617 5160 tunquam
1637 5103 1670 5158 de
1689 5103 1775 5159 otiosa

981 5195 1008 5244 et
1023 5203 1078 5244 nou
1098 5187 1253 5244 necessaria
1267 5187 1458 5259 explanatione
1477 5191 1631 5262 suggillant,
1647 5207 1702 5248 non
1721 5200 1776 5251 tam

982 5276 1134 5333 intendisse
1145 5292 1282 5348 exponere
1291 5277 1481 5350 Evangelium,
1496 5298 1575 5353 quam
1586 5298 1619 5337 ex
1630 5282 1777 5356 Evangelio

983 5383 1092 5424 sumere
1106 5367 1274 5423 occasionem
1286 5366 1416 5441 loquendi
1436 5371 1507 5442 quod
1526 5371 1601 5443 loqui
1614 5371 1776 5430 delectabat.

984 5458 1013 5515 Si
1027 5472 1093 5516 vero
1107 5455 1229 5528 peccavi,
1245 5459 1318 5531 quod
1337 5459 1473 5532 propriam
1488 5461 1574 5536 magis
1588 5477 1622 5517 ex
1636 5464 1688 5520 hoc
1701 5465 1778 5523 exci-
