3734 5948
104 109 160 172 sas
581 109 936 176 mrmmsmoaan
956 112 1117 176 mamm
1134 113 1244 178 mmo
1260 115 1283 177 1.
1699 70 1758 186 mo.

104 254 155 310 pu·
181 236 344 311 patibulum.
366 234 439 306 Quid
455 237 529 295 enim
556 237 620 294 dicit
645 238 686 295 ilti
700 248 796 297 amata
813 241 897 295 snat
917 258 941 338 Α
959 240 1051 313 pinnis
1065 241 1236 308 terantnaet
1255 247 1431 313 proteguntur
1444 240 1564 314 semis
1583 240 1659 307 ⁴aire
1672 239 1754 299 illiin

107 328 189 384 «Per
211 334 276 393 te,x
292 326 389 399 inquit,
419 343 461 384 me
483 327 603 399 recipiar,
618 329 665 400 qni
687 345 736 399 per
751 338 776 384 te
791 343 833 385 me
856 345 901 385 re-
959 327 1026 382 mari
1041 329 1104 393 sint,
1119 328 1469 395 siveintlnmiue,sireiu
1487 336 1584 400 stagno
1602 330 1698 399 (ιθυίι.
1713 345 1752 397 xx,

50 408 52 413 ’
104 416 232 473 densita
260 416 331 486 ltrgc
356 415 380 470 si
403 415 541 490 diligimus
560 433 633 487 enm,
650 417 852 489 congaudemus
867 417 902 484 ei,
958 419 988 487 9;
1004 419 1086 474 beat.
1104 433 1164 486 xiv,
1183 418 1222 490 2).
1242 418 1411 476 ltabetenim
1427 418 1506 476 etiam
1527 433 1601 491 mare
1622 419 1677 476 hoc
1690 435 1753 475 ma-

104 520 161 562 non
177 505 267 561 solum
286 504 351 576 quia
364 513 521 570 coronatus,
536 507 585 561 sed
603 514 630 562 et
650 506 715 579 quia
736 506 879 563 crucifixus
894 523 901 560 :
957 521 1041 577 gnum
1053 516 1080 562 et
1093 507 1240 579 spatiosum
1264 506 1354 578 pisces
1368 509 1494 573 mundos,
1509 518 1535 563 et
1550 507 1691 564 bomintca
1705 507 1751 564 di·

104 594 169 663 onis
196 593 360 650 desiderium
388 593 486 649 animae
501 594 561 663 ejus
577 594 667 650 tribuit
682 595 707 650 ei
721 594 862 663 Dominus,
877 603 905 652 et
956 609 1027 666 gnos
1041 610 1147 664 mensa;
1173 595 1236 667 quia
1263 610 1296 650 ex
1309 593 1352 651 his
1373 595 1419 666 qui
1443 595 1469 649 in
1489 594 1580 650 menti
1599 594 1751 663 latitudine,

50 726 54 753 ,
103 682 199 752 posuit
208 681 240 737 in
255 681 345 753 capite
359 681 566 750 cjua·coronam
596 682 632 738 de
657 683 745 754 lapide
774 683 902 754 pretioso.
957 682 1184 754 hubitn,actnqua
1198 695 1348 747 versamur,
1364 681 1474 755 reliquit
1488 681 1539 738 sibi
1554 682 1636 738 multa
1655 683 1751 752 millia,

50 770 55 807 i
103 771 297 826 Verumtamen
310 769 374 824 dum
385 771 604 841 congratulamur
613 771 728 843 siquod
739 771 787 828 diu
796 771 904 827 deside·
955 785 1024 843 quos
1038 772 1186 839 apostatica
1203 786 1305 841 sagena
1318 773 1408 840 trabit,
1424 779 1454 827 ut
1467 787 1528 827 cum
1547 770 1751 841 eductatuerit,

50 864 55 871 '
102 856 330 929 ratregcrucislrni
342 858 724 927 mereatrrramplexn,mirum
735 857 903 928 rstdaest,ai
956 866 1132 931 segregentur
1146 874 1163 915 a
1176 860 1263 916 malis.
1283 860 1332 916 Ubi
1346 876 1411 916 sane
1434 858 1539 915 sedebit
1551 867 1581 914 et
1599 859 1643 916 bio
1660 868 1753 917 noster

52 1000 57 1019 2
101 946 903 1022 uonipsnmejusmiramurgaudium,cuicongratulemur.
957 947 1074 1018 piscator
1089 948 1237 1016 bominum,
1253 950 1298 1019 qui
1313 957 1396 1004 totam
1411 954 1600 1018 nnncpostse
1623 948 1752 1005 Achaiam

51 1030 57 1089 ἒ
137 1039 165 1092 2.
180 1036 251 1091 Dum
265 1033 339 1091 enirn
358 1037 446 1091 uectis
460 1037 543 1105 hujus
557 1036 663 1108 vigilias
676 1036 855 1102 celebrantes,
876 1037 904 1092 in
957 1037 1046 1093 trahit.
1068 1037 1154 1092 Habet
1174 1045 1201 1092 et
1220 1036 1320 1093 tlumen
1339 1038 1426 1107 pisces
1445 1037 1569 1102 mundos,
1600 1035 1752 1108 quicunque

51 1124 57 1179 ξ
100 1123 194 1181 verbis
221 1130 303 1179 tantae
317 1123 503 1179 exsultationis
536 1125 670 1180 mutando
699 1126 903 1193 delectaremur,
957 1125 1028 1182 inter
1055 1125 1256 1191 dispensatores
1284 1123 1380 1182 hdetes
1415 1124 1599 1181 inveniuntur.
1641 1123 1752 1181 Fluvios

100 1220 194 1285 putas,
214 1226 270 1268 non
280 1211 330 1267 tuit
343 1213 370 1266 in
386 1211 474 1280 nobis,
488 1213 536 1284 qui
556 1228 650 1269 secum
664 1214 798 1286 cogitaret
811 1223 837 1270 ct
859 1213 904 1269 di·
956 1215 1058 1287 qnippe
1071 1223 1112 1272 est
1129 1213 1335 1285 predicatorum
1351 1217 1429 1282 ordo,
1455 1228 1510 1269 non
1529 1213 1557 1269 in
1569 1213 1666 1270 ecdem
1686 1230 1751 1286 per-

100 1312 177 1356 ceret
191 1298 279 1368 :Quid
293 1300 345 1356 sibi
360 1302 416 1357 vult
431 1303 482 1358 boc
495 1302 509 1356 t
524 1308 569 1357 aut
590 1302 663 1358 unde
677 1309 733 1357 tam
747 1317 817 1358 nora
831 1301 903 1357 laeti·
957 1320 1070 1360 manens
1084 1303 1155 1374 loco,
1171 1303 1219 1358 sed
1237 1304 1383 1360 extendeus
1392 1318 1422 1360 se
1434 1311 1462 1359 et
1476 1317 1599 1369 currens,
1615 1313 1643 1359 ut
1659 1301 1750 1359 diver·

102 1388 139 1445 tia
153 1389 168 1444 t
181 1388 260 1444 Certe
275 1397 302 1445 et
315 1404 382 1444 crux
396 1389 572 1459 pretiosiset,
590 1398 619 1445 et
632 1406 698 1447 crux
712 1391 797 1447 amari
814 1399 904 1463 potest
956 1409 1000 1450 saa
1020 1392 1115 1465 irriget
1128 1402 1222 1449 terras.
1243 1392 1312 1448 Sunt
1327 1400 1353 1448 et
1367 1391 1395 1447 in
1413 1391 1521 1463 stagnis
1543 1391 1640 1447 mnndi
1654 1392 1752 1462 pisces,

101 1489 129 1534 ct
151 1494 219 1534 cmx
239 1478 319 1534 habet
334 1478 539 1535 exultationem?
567 1480 607 1536 its
635 1488 686 1545 est,
711 1479 808 1536 tratres
830 1479 897 1538 mei.
957 1482 1003 1554 qui
1022 1483 1048 1536 ic
1069 1482 1193 1538 claustris
1206 1481 1263 1539 beo
1283 1480 1403 1538 serviunt
1427 1481 1457 1535 in
1470 1479 1567 1552 spiritu
1582 1487 1608 1535 et
1627 1479 1751 1536 veritate.

101 1568 133 1624 Si
146 1565 290 1638 fueritqui
305 1565 424 1640 colligat,
449 1582 557 1639 semper
580 1567 683 1638 liguum
710 1568 799 1623 crucis
822 1567 901 1625 vitam
922 1525 1053 1627 BMerito
1067 1570 1204 1642 siquidem
1226 1568 1333 1641 stagnis
1360 1567 1528 1624 monasteria
1550 1575 1751 1637 comparantur,

102 1654 247 1726 germinat,
277 1654 418 1711 fructificat
453 1656 661 1724 iucunditatem,
690 1657 780 1712 oleum
804 1657 901 1712 laetitiae
955 1660 1001 1715 nbi
1023 1660 1140 1731 quodam
1164 1658 1244 1713 modo
1260 1657 1414 1714 incarcerati
1433 1657 1521 1728 pisces
1544 1655 1677 1727 emendi
1699 1671 1753 1711 non

102 1743 195 1812 stillat,
209 1744 360 1799 balsamum
384 1746 463 1799 sudat
491 1744 671 1816 spiritualium
697 1745 900 1802 charismatum.
956 1748 1068 1805 habeant
1082 1748 1242 1812 libertatem,
1259 1762 1315 1818 quo
1330 1747 1453 1803 videlicet
1474 1746 1560 1816 parati
1574 1749 1629 1800 sint
1645 1760 1755 1816 semper

101 1831 475 1897 Noneatsitrestrisarbor;
492 1832 598 1908 tignum
619 1832 679 1889 ritae
692 1836 902 1906 estapprehen-
956 1839 990 1895 ad
1022 1837 1116 1909 epulas
1138 1837 1302 1907 spirituales,
1327 1835 1448 1891 dicentes
1478 1833 1578 1904 singuli
1605 1833 1676 1889 intra
1707 1849 1751 1890 se:

102 1920 233 1976 dentibus
246 1936 317 1976 eam.
332 1922 421 1977 hrbor
436 1919 582 1987 fructifera,
595 1924 677 1978 arbor
691 1921 829 1978 salutifera
841 1931 899 1984 est:
956 1923 1070 1994 Qnaudo
1081 1923 1171 1980 veniet
1180 1923 1228 1996 qui
1240 1938 1283 1978 me
1293 1921 1534 1978 detemttCnnctia
1544 1920 1753 1992 diebus,quibus

101 2010 222 2080 alioquin
246 2010 383 2081 quomodo
411 2009 579 2066 Dominicam
608 2018 754 2080 occuparet
777 2011 903 2067 terram?
958 2027 1029 2070 nunc
1043 2012 1139 2079 milito,
1154 2020 1279 2084 exspecto
1294 2013 1382 2067 donec
1405 2009 1497 2067 veniat
1516 2008 1664 2065 immutatio
1680 2023 1752 2066 mea.

101 2099 179 2154 illam
193 2098 255 2154 dico
270 2098 491 2169 pretiosissimam
507 2100 620 2169 glebam,
637 2099 682 2156 cni
695 2099 839 2156 clarorum
862 2108 903 2156 est
994 2105 1019 2158 t.
1036 2103 1128 2168 Porro,
1148 2108 1179 2155 ut
1197 2100 1232 2155 de
1255 2100 1319 2171 lege
1339 2114 1422 2170 supra
1445 2096 1629 2164 meminimus,
1649 2096 1705 2151 sire
1723 2096 1752 2151 in

100 2187 187 2242 infixa
199 2187 345 2243 radicibus.
366 2184 462 2242 Sinon
477 2189 619 2243 essethaec
637 2187 773 2259 pretiosor
787 2188 902 2258 cunctis,
956 2192 1033 2259 mari,
1049 2190 1105 2246 sive
1121 2189 1149 2243 in
1163 2187 1284 2255 humine,
1300 2188 1360 2244 sive
1371 2187 1397 2242 in
1408 2194 1515 2260 stagno,
1535 2184 1573 2241 illi
1588 2185 1753 2240 mnndisnnt

102 2275 270 2332 fructuosior
285 2275 434 2345 universis;
452 2291 591 2346 nunquam
614 2276 662 2332 illo
689 2277 854 2346 plantaretur
875 2276 903 2332 in
956 2278 1055 2351 pisces,
1071 2276 1118 2348 qui
1132 2291 1258 2348 squamas
1273 2284 1301 2332 et
1316 2273 1443 2346 pinnulas
1457 2274 1566 2330 habent.
1583 2273 1753 2329 sustentem

102 2365 194 2433 horto,
227 2379 279 2420 nec
302 2363 378 2419 ittam
400 2362 599 2434 permitteretur
627 2364 733 2420 vineam
757 2379 901 2436 occupare.
956 2381 1076 2440 squamae
1091 2366 1192 2433 multae,
1208 2363 1256 2420 scd
1276 2362 1561 2434 uuaexeiaquodam
1575 2360 1656 2416 modo
1672 2359 1754 2416 lorica

102 2453 228 2522 Deniqm
253 2455 318 2525 qnid
332 2454 427 2509 mirum
442 2453 466 2508 si
481 2453 553 2509 cruci
569 2453 724 2508 suavitatem
752 2452 836 2521 dedit,
853 2453 903 2526 qni
956 2453 1123 2521 contexitur;
1138 2454 1203 2525 qnia
1228 2467 1282 2509 una
1302 2460 1344 2507 eat
1357 2451 1484 2523 patentiae
1498 2449 1593 2518 virtus,
1618 2448 1680 2505 licet
1695 2449 1755 2504 sin·

102 2542 179 2598 dedit
196 2548 225 2596 et
238 2542 294 2613 igni
308 2545 323 2600 ‘t
337 2542 533 2614 autqucmodo
547 2556 612 2598 crux
627 2541 901 2613 judicaturiusipida,
956 2542 1028 2617 gulis
1061 2539 1279 2596 tribulationibus
1293 2539 1421 2596 exhibere
1452 2537 1575 2609 singulas
1604 2536 1753 2595 videamur.

102 2631 152 2686 ubi
165 2630 246 2686 dulce
254 2630 325 2697 sarrit
339 2638 367 2686 et
380 2629 512 2686 flammat
525 2629 597 2700 Quid
611 2629 683 2686 eninr
693 2629 815 2701 sapiebat
830 2631 901 2687 lau·
956 2632 1015 2687 tam
1031 2646 1094 2687 vero
1108 2630 1181 2687 sicut
1194 2644 1319 2703 masmae
1333 2627 1367 2685 ad
1389 2626 1556 2699 patientiam,
1572 2627 1612 2682 sic
1627 2627 1754 2698 pinnulas

104 2719 193 2775 rentic
213 2718 284 2790 ignis
311 2718 367 2784 itte,
396 2734 458 2775 curn
480 2719 581 2774 rideret
608 2716 763 2788 camiticea,
783 2719 903 2789 judicem
957 2735 1065 2792 qnoque
1079 2719 1114 2776 ud
1129 2718 1291 2775 bilaritatem
1306 2717 1427 2773 arbitror
1440 2730 1495 2774 non
1507 2715 1655 2788 incongrue
1672 2730 1754 2786 posse

102 2807 310 2864 subsanneret?
323 2807 394 2878 Quid
410 2822 460 2864 nos
470 2806 504 2862 ad
515 2805 566 2862 ista
576 2806 705 2876 mearum,
717 2805 814 2864 iratres
827 2796 940 2875 tCurC
956 2806 1062 2864 reterri.
1087 2805 1212 2861 llilaritas
1221 2804 1324 2877 quippe
1346 2803 1416 2859 terat
1429 2813 1457 2859 et
1470 2803 1600 2872 sublevat,
1620 2810 1650 2858 ut
1672 2805 1756 2858 saltus

104 2910 160 2951 non
174 2894 246 2967 sapit
264 2895 344 2952 etiam
360 2895 448 2965 nobis,
472 2912 534 2967 qnae
551 2910 600 2966 pro
615 2895 723 2954 Christo
736 2903 778 2952 est
792 2895 904 2952 tribula·
956 2893 1088 2968 quosdam
1104 2895 1132 2949 in
1147 2894 1232 2948 altum
1247 2893 1312 2947 dara
1327 2890 1460 2954 rideatur,
1477 2888 1602 2960 quisquis
1623 2888 1756 2946 exhilara·

105 2985 153 3053 tic,
167 3000 219 3041 nec
231 2995 371 3059 gustamus
389 2993 415 3041 et
425 2999 477 3041 nos
487 2999 586 3040 manna
603 2985 676 3040 istud
688 2985 902 3042 absconditum?
957 2993 1010 3039 tur.
1026 2983 1095 3038 Sune
1113 2988 1143 3039 nt
1155 2981 1222 3036 duas
1236 2979 1384 3036 habeamus
1399 2977 1534 3048 pinnulas,
1560 2976 1660 3049 duplex
1676 2978 1757 3035 nobis

106 3075 151 3130 Sic
165 3074 237 3130 enim
251 3073 341 3130 rictus
355 3085 426 3130 esset
443 3073 555 3131 omnino
572 3073 706 3141 diabolus,
721 3088 771 3131 nec
791 3076 903 3131 baberet
957 3069 1077 3126 bituritas
1090 3070 1236 3141 quaerenda
1247 3074 1297 3122 est.
1307 3067 1343 3123 itt
1357 3065 1426 3124 torte
1443 3074 1587 3138 propterea
1596 3065 1675 3122 docet
1686 3064 1759 3138 hpc·

105 3164 226 3234 penitus,
250 3164 321 3234 quod
346 3162 460 3218 ailerret
491 3163 587 3234 (alies,
606 3162 745 3233 auferret).
762 3160 904 3221 Suilleeret
958 3159 1044 3216 stolus
1057 3157 1113 3229 (itte
1127 3157 1199 3215 euim
1218 3172 1282 3213 aere
1305 3172 1407 3228 pennas
1422 3155 1547 3222 babebat,
1564 3154 1666 3228 quibus
1689 3162 1716 3210 et
1729 3154 1758 3210 in

105 3250 185 3307 nebia
201 3253 344 3307 hocuuum
360 3252 635 3323 adversnsdupticem
649 3251 777 3307 malitiam
790 3250 902 3309 inimici.
959 3248 1065 3305 tertium
1083 3261 1169 3318 usque
1183 3244 1283 3303 coelnm
1297 3252 1391 3318 raptus
1403 3253 1456 3313 est,
1484 3252 1511 3300 et
1523 3242 1621 3299 volant
1634 3243 1712 3300 etiam
1732 3243 1759 3299 iu

141 3343 170 3396 ³.
195 3341 281 3396 itabat
302 3342 405 3412 qnippe
421 3339 603 3410 nequissimus
621 3340 666 3396 ille
686 3341 806 3412 laqueos,
821 3339 904 3396 habet
957 3336 1128 3409 paradisum)
1152 3349 1205 3392 non
1228 3335 1316 3391 solum
1342 3333 1456 3408 gloriari
1479 3333 1507 3388 in
1532 3347 1590 3403 spe,
1612 3332 1659 3388 scd
1679 3331 1759 3387 etiam

105 3436 134 3485 et
146 3430 247 3498 jacula,
271 3436 365 3501 utpote
385 3428 581 3509 ‚callidissimus
610 3433 726 3486 venator
752 3428 902 3497 homiuum,
959 3425 1068 3501 gloriari
1093 3426 1119 3481 in
1140 3424 1358 3481 tribulationibus
1379 3424 1471 3496 (Rom,
1490 3437 1520 3490 v,
1533 3425 1561 3490 e,
1585 3424 1625 3492 3).
1646 3421 1760 3478 Prorsus

106 3518 197 3575 sotum
205 3518 301 3587 sitiens
323 3520 487 3590 sanguinem
500 3517 663 3574 aninrarum.
680 3517 757 3574 Alica
771 3518 831 3573 telis
851 3534 903 3588 ap-
959 3513 1076 3571 sublime
1090 3514 1162 3570 rotat
1175 3514 1301 3585 quisquis
1317 3512 1513 3584 illeest,quem
1524 3524 1580 3565 non
1595 3509 1677 3565 modo
1689 3507 1761 3564 lutu-

106 3609 174 3678 petit
203 3607 345 3663 malitiose
372 3607 516 3676 cujustibet
530 3605 737 3679 suggestionis;
756 3614 785 3662 et
811 3605 840 3662 in
866 3607 905 3663 eia
959 3619 1054 3661 rorum
1065 3602 1228 3674 exspectatio
1237 3603 1382 3670 bonorum,
1398 3600 1447 3655 sed
1463 3598 1636 3669 praesentium
1650 3611 1757 3668 qnoque

105 3695 230 3753 vulnerat
244 3697 356 3764 multos,
382 3709 498 3767 quornm
515 3695 659 3751 munisset
674 3694 811 3764 patientia
826 3694 905 3751 Alica
958 3693 1091 3749 matorum
1108 3689 1239 3748 exhibitio
1254 3690 1311 3761 ipsa
1333 3689 1458 3756 delectat,
1481 3687 1519 3744 ita
1532 3695 1562 3742 ut
1581 3686 1608 3740 in
1629 3701 1662 3742 ea
1676 3684 1756 3742 etiarn

105 3784 287 3855 voluptatibus
302 3784 407 3840 irretire
417 3784 534 3854 laborat;
550 3791 577 3839 et
597 3783 625 3839 iu
643 3782 687 3838 his
704 3788 778 3840 certe
792 3782 905 3840 includit
958 3779 1100 3853 glorietur.
1121 3779 1212 3834 Talem
1235 3776 1388 3834 invenimus
1409 3775 1482 3831 hunc
1505 3776 1616 3831 beatum
1634 3774 1756 3844 hpcstc-

105 3872 305 3930 multitudinem
320 3873 459 3944 copiosam
475 3888 567 3928 eorum
583 3873 627 3944 qui
655 3871 683 3927 in
710 3880 780 3928 terre
809 3879 905 3939 repunt
958 3870 1024 3936 lum,
1039 3868 1117 3924 talem
1132 3867 1271 3935 miramur,
1288 3865 1370 3922 talem
1385 3865 1479 3922 meritc
1489 3861 1679 3935 praedicamus.

105 3973 151 4018 aut
164 3962 278 4018 volitant
290 3962 369 4032 juxta
381 3977 452 4017 earn.
469 3960 509 4017 sit
532 3976 598 4033 ergo
610 3959 737 4036 gandium
752 3960 780 4016 in
789 3959 905 4018 tribula·
996 3958 1023 4012 b.
1039 3957 1115 4014 Unde
1128 3964 1156 4012 et
1168 3954 1302 4026 triplicem
1313 3954 1356 4011 hic
1369 3954 1432 4010 ticet
1441 3952 1611 4010 conmdsrare
1626 3949 1755 4022 gradum;
1835 4024 1839 4031 .

106 4052 181 4107 tione
197 4091 205 4116 ,
220 4051 314 4119 etjam
327 4066 381 4106 non
395 4050 475 4106 habet
491 4049 624 4123 malignus
638 4048 709 4106 uude
733 4049 835 4116 illiciet,
851 4063 906 4105 non
922 4066 945 4145 u
960 4044 1157 4118 incipientium,
1185 4041 1394 4117 proficientium,
1424 4041 1615 4113 perlectorum.
1648 4036 1756 4093 Initium

106 4140 275 4196 babetunde
290 4139 400 4209 dejiciat
415 4139 541 4194 :liberati
555 4153 681 4194 sumusa
695 4137 796 4210 laqueo
810 4152 907 4195 aenan-
959 4134 1032 4192 enim
1055 4132 1206 4207 sapientise,
1226 4131 1309 4189 timor
1328 4130 1432 4187 Domini
1460 4127 1561 4198 (eecli.
1582 4142 1603 4195 r,
1620 4124 1678 4195 te):
1696 4139 1756 4180 me·

106 4229 183 4288 tium.
199 4229 298 4299 pariter
312 4237 339 4283 et
353 4242 370 4283 a
384 4230 466 4283 verbo
480 4243 588 4299 aspero.
608 4225 682 4283 Nihil
696 4227 769 4282 enim
784 4224 907 4298 proficiet
960 4221 1045 4293 dnm,
1061 4237 1141 4293 spea3
1155 4221 1282 4289 charitas,
1298 4217 1446 4290 plenitudo.
1459 4215 1582 4286 Denique
1595 4212 1757 4282 Ati⁰³l⁰¹1¹¹¹¹

106 4313 233 4372 inimicus
247 4316 276 4372 in
290 4331 335 4385 eo,
356 4332 437 4388 quem
466 4330 533 4372 crux
564 4315 663 4372 Christi
685 4315 814 4384 delectat,
842 4329 905 4371 car-
960 4309 1257 4385 audi,quiapleaitade
1269 4303 1755 4379 lepixertcbcrttcatitom.xnr,10).

106 4407 196 4462 nalem
220 4405 388 4480 suggesserit
409 4404 637 4462 delectationem:
651 4401 763 4460 attilius
777 4403 904 4478 iniquita·
958 4397 1012 4467 Qui
1025 4397 1145 4453 initiatur
1163 4412 1180 4452 a
1199 4396 1307 4463 timore,
1327 4407 1432 4450 crucem
1448 4390 1547 4448 Christi
1575 4388 1689 4444 sustinet
1706 4403 1757 4459 pa-

107 4494 140 4551 tis
153 4509 209 4550 non
223 4500 341 4564 apponet
354 4493 501 4562 accersat,
517 4493 543 4549 si
560 4493 593 4548 ad
613 4492 828 4563 exasperandum
848 4491 906 4548 ani·
959 4488 1072 4552 benten
1088 4485 1134 4557 qui
1151 4483 1291 4556 proticitin
1304 4496 1364 4554 spe,
1379 4490 1469 4551 portat
1488 4478 1617 4549 libenter3
1632 4476 1679 4545 qni
1692 4490 1758 4532 aero

106 4599 183 4639 mnm
196 4583 258 4652 eiua
279 4581 428 4655 quamlibet
455 4581 600 4639 immittere
631 4581 775 4639 tantaverit
792 4578 899 4638 1061
958 4583 1161 4632 consummatur
1183 4573 1211 4628 in
1227 4571 1370 4640 charitate,
1396 4567 1567 4641 amplectitur
1587 4564 1643 4639 jam
1657 4564 1757 4620 arden·

106 4670 325 4728 amaritudinem.
340 4672 400 4728 Non
412 4680 487 4728 curat
502 4669 622 4739 delicias,
638 4670 684 4742 qui
696 4668 801 4740 jejunio
814 4670 906 4740 pesci-
960 4673 1010 4722 ter.
1034 4662 1115 4720 Solus
1140 4661 1239 4718 etenim
1257 4660 1308 4717 iste
1331 4666 1373 4714 est
1393 4658 1439 4730 qui
1466 4655 1558 4713 dicere
1581 4653 1678 4726 possit,
1694 4653 1757 4726 qnia

106 4770 170 4817 tur:
194 4761 281 4816 multo
300 4758 389 4815 minus
403 4774 571 4816 murmurare
586 4773 634 4828 pro
648 4765 792 4829 eupoloni,
807 4757 905 4831 inquo
962 4776 974 4805 a
999 4763 1101 4812 ametor
1124 4759 1187 4808 luite
1205 4763 1313 4820 semper
1339 4747 1388 4814 lui,
1411 4756 1439 4804 el
1459 4744 1610 4802 desideravi
1633 4741 1759 4814 amplecti

106 4850 189 4907 etiam
216 4850 372 4906 delectatur.
390 4850 471 4905 l’tane
489 4849 652 4905 altissimum
667 4845 755 4918 poenit
773 4845 905 4918 retugium
959 4852 994 4898 te.
1013 4862 1025 4894 x
1041 4842 1134 4916 Longe
1146 4848 1187 4896 est
1200 4853 1253 4895 vox
1278 4839 1329 4893 ista
1343 4835 1379 4892 ab
1393 4850 1426 4893 eo
1440 4833 1487 4905 qui
1502 4831 1617 4888 susurret
1634 4829 1757 4904 quidem,

106 4955 199 5005 sunm,
222 4938 269 4995 nbi
291 4953 341 4995 nec
368 4939 522 5011 muscipula
547 4935 782 4997 inimicitimeuda
795 4936 840 5003 sit,
856 4949 907 4992 uec
959 4931 1008 4987 aed
1022 4936 1127 5002 opturet
1144 4926 1266 4992 omnino,
1282 4925 1305 4980 si
1319 4932 1423 4996 posset,
1439 4936 1493 4978 uon
1516 4919 1625 4977 venisse
1645 4919 1672 4974 in
1691 4920 1761 4974 hanc

105 5030 206 5102 sagitta
220 5045 229 5097 ;
242 5031 374 5084 imorem
396 5028 515 5083 muudus
533 5025 615 5096 piscis
628 5033 679 5090 est,
695 5039 823 5094 squamas
837 5023 907 5096 pari·
958 5021 1062 5076 horam.
1084 5017 1217 5087 Denique,
1232 5015 1255 5069 si
1271 5028 1324 5071 nou
1343 5011 1436 5067 videor
1452 5009 1609 5066 temerarius
1624 5008 1760 5079 longeest

107 5123 151 5176 ter
168 5131 195 5174 et
221 5117 344 5187 pinnulas
372 5118 486 5174 habens.
509 5118 593 5173 Porro
612 5115 682 5172 sicut
696 5113 793 5168 trustra
805 5111 906 5181 iacitur
958 5109 1121 5163 abeavoce:
1135 5102 1452 5174 Petentifieripctcet,
1464 5095 1760 5157 trcnsectemecctie

107 5217 163 5264 rete
178 5215 241 5263 ante
256 5207 350 5262 oculos
364 5215 553 5278 pennatorum,
573 5206 613 5260 sic
633 5204 734 5260 trustra
750 5202 850 5272 jacitur
863 5210 906 5257 te·
952 5200 1014 5263 rste
1028 5194 1139 5266 (haret.
1156 5209 1234 5256 xxvi,
1250 5193 1307 5260 39).
1324 5188 1396 5259 Quid
1407 5189 1499 5244 enimi
1509 5188 1589 5244 Certe
1599 5183 1761 5255 superesci-

108 5300 163 5352 tum
179 5298 206 5351 in
233 5309 362 5366 squamas
376 5295 559 5350 loricatorum.
586 5291 747 5363 Huiusmodi
774 5288 906 5362 siquidem
959 5283 1013 5341 lum
1037 5284 1203 5350 ascenderat,
1224 5287 1253 5336 ut
1272 5294 1307 5335 ne
1332 5278 1375 5334 hic
1398 5277 1509 5349 quidem
1533 5273 1657 5332 hostibus
1677 5273 1760 5329 retin-

106 5385 199 5457 pigggg
211 5384 328 5441 mundos
341 5397 403 5440 gagg
417 5382 514 5459 legali!
528 5384 631 5440 meio
642 5379 792 5452 judicabat,
821 5377 907 5452 quiet
958 5380 1101 5447 queretur.
1116 5371 1244 5442 mosee
1259 5369 1340 5440 plene
1358 5366 1386 5424 iu
1400 5366 1471 5423 duee
1491 5362 1558 5423 beili
1570 5361 1761 5435 pusillanimo·
