3734 5948
163 165 218 221 28³

163 289 353 346 conculcemus
377 301 485 359 qnoque
499 286 605 344 leonem
622 287 724 359 pariter
743 297 770 345 et
793 289 956 346 draconem:

162 385 192 435 ut
206 392 296 452 neque
309 377 380 434 illius
388 377 493 449 rugitus
502 383 612 445 terreat,
623 394 674 435 uec
686 377 762 434 istius
776 377 856 434 flatus
869 378 957 435 8⁷⁰

162 466 274 523 inliciat.
291 466 420 523 Videatur
434 468 494 523 hac
504 473 620 537 quatuor
630 475 750 523 monstra
765 467 956 524 allectionibus

162 572 240 628 arque
255 562 379 628 quatuor,
399 554 505 628 singula
524 555 637 630 singuiis
659 555 798 614 incubare.
818 556 867 613 Cui
891 572 958 630 ergo

161 644 330 717 potissimum
350 642 432 702 draoo
445 644 603 700 insidiatur?
629 643 743 702 distimo
764 645 829 718 quia
851 647 958 718 cupidi-

162 733 221 800 tati,
236 732 311 805 quod
324 733 395 790 banc
413 733 520 790 noverit
534 747 593 788 esse
608 732 727 790 radicem
747 734 877 793 malorum
897 749 959 791 onr-

163 821 250 888 uium,
264 829 293 878 et
320 838 380 894 quae
404 820 525 892 proxime
546 836 593 877 eor
616 823 766 879 subvertat.
792 823 860 880 lnde
886 824 959 880 enim

163 911 245 967 etiam
260 911 336 983 quasi
354 909 498 967 consulens
511 908 598 966 dixit:
617 913 678 968 lioec
701 913 798 969 omniu
820 915 868 971 libi
880 915 958 971 dubo.

163 999 229 1059 llam
243 999 278 1055 de
292 999 371 1055 leone
385 998 496 1070 quidem
510 998 682 1056 manifestum
694 1009 746 1068 est,
762 1003 834 1075 quod
850 1003 960 1059 nonnisi

163 1088 197 1143 ad
211 1089 322 1159 januam
336 1086 441 1143 timoris
464 1087 596 1145 terrificos
615 1089 662 1145 det
676 1090 790 1162 rugitus.
812 1092 896 1148 Porro
910 1092 960 1147 tri·

117 1195 120 1201 ⁴
165 1177 243 1232 stitiae
256 1174 331 1232 iores
344 1176 419 1248 aspis
431 1177 569 1243 observat,
586 1179 657 1250 quod
673 1195 721 1234 aas
734 1179 850 1236 maxime
861 1181 960 1238 morsi·

164 1266 214 1320 bus
233 1263 290 1320 suis
309 1265 416 1337 pervias
445 1266 602 1323 arbitratur.
633 1269 710 1325 Unde
723 1276 752 1324 et
768 1269 802 1323 ad
825 1269 961 1326 Christum

164 1352 317 1420 bominum,
333 1353 422 1411 donec
433 1355 489 1424 iam
503 1356 670 1413 esurientem
686 1366 821 1425 cerneret,
846 1374 899 1415 non
914 1375 960 1414 ac-

163 1442 253 1499 cessit.
270 1444 389 1500 Econtra
403 1459 470 1500 sane
484 1453 580 1502 caveat
596 1462 709 1503 necesse
731 1454 773 1503 est
792 1447 884 1504 laetitia
909 1448 958 1501 ba-

163 1531 292 1597 siliscum,
312 1531 427 1604 quodeo
441 1533 610 1606 potissimum
626 1536 699 1592 aditu
717 1546 868 1593 venenatos
880 1536 960 1609 iuge·

625 167 655 223 S.
674 164 850 223 bRuNaubt
867 166 1010 224 ABBA'l'lS
1024 168 1350 227 GLARAEVALLENSIS

1014 307 1083 347 onus
1096 291 1297 349 beneficiorum.
1315 291 1397 348 Dulce
1413 306 1490 357 onus,
1507 289 1555 344 sed
1574 286 1600 344 ci
1614 286 1660 361 qni
1677 286 1770 351 sentit,
1782 296 1834 347 st<
1857 360 1859 369 Ι

1014 379 1060 452 qui
1075 382 1222 453 experitur.
1237 381 1362 452 Alioquin
1376 379 1398 435 si
1409 395 1463 435 non
1484 377 1616 444 invenias,
1633 376 1656 432 si
1680 390 1737 432 non
1759 376 1813 432 ad-

1014 477 1114 538 vertas,
1133 485 1217 545 grave
1244 469 1355 526 omnino
1379 475 1407 524 et
1428 465 1617 540 periculosum.
1632 463 1812 523 Onoriterum

1014 558 1112 614 animal
1133 560 1215 616 homo
1236 566 1358 630 tempore
1380 573 1437 612 suae
1456 554 1635 613 mortalitatis.
1667 552 1696 610 Si
1720 553 1812 611 aditae

1014 655 1104 719 portat
1121 656 1233 720 peecata
1248 662 1307 715 sua,
1326 662 1397 703 onus
1411 654 1451 701 est
1480 658 1580 716 grave:
1606 643 1631 700 si
1653 644 1712 714 iam
1740 642 1812 700 torte

1014 744 1178 794 exoneratus
1192 745 1233 793 est
1243 753 1259 793 a
1268 736 1397 808 peccatis,
1413 734 1502 790 minus
1516 733 1626 806 quidem
1639 747 1739 806 μενος
1751 732 1812 800 sed,

1014 824 1036 879 si
1051 842 1146 881 sanum
1160 827 1256 898 sapiat,
1273 841 1327 881 non
1354 823 1443 880 minus
1470 823 1574 898 grande
1595 837 1665 878 onus
1691 819 1815 878 inveniet

1014 915 1085 971 banc
1098 915 1194 986 ipsam,
1218 931 1299 988 quam
1318 914 1445 984 diximus,
1461 910 1691 969 exonerationem.
1709 903 1815 967 Onerat

1016 1019 1065 1059 nos
1078 1020 1140 1060 cum
1155 1011 1286 1060 exonerat
1302 1005 1387 1060 Deus:
1404 1010 1501 1060 onerat
1514 999 1648 1056 beneficio
1671 1014 1752 1065 ,cum
1767 1013 1814 1054 ax·
1857 1008 1859 1013 ’

1015 1101 1111 1149 onerat
1123 1109 1139 1148 a
1149 1101 1272 1164 peccato.
1284 1093 1341 1150 Vox
1356 1091 1462 1149 onerati
1475 1108 1482 1148 :
1501 1090 1572 1160 Quia
1586 1088 1746 1146 retribuum
1758 1090 1812 1145 ltc-

1015 1185 1093 1240 miuo
1104 1183 1296 1256 proomnibus
1311 1199 1372 1255 puoe
1382 1181 1514 1239 retribuit
1524 1177 1617 1235 milui?
1639 1178 1729 1248 (Prot.
1745 1191 1812 1242 cxv,

1016 1271 1069 1343 tt).
1090 1273 1149 1328 Vox
1163 1271 1288 1328 onerati:
1304 1273 1391 1329 Euiu
1413 1285 1458 1326 rue
1484 1269 1553 1340 quic
1581 1266 1662 1325 bomo
1678 1269 1821 1340 peccator·

1016 1378 1086 1428 sum,
1109 1361 1228 1417 Domine
1249 1359 1327 1433 (luc.
1343 1375 1370 1428 v,
1396 1359 1435 1432 8).
1465 1357 1526 1414 Vox
1557 1354 1682 1412 onerati:
1698 1355 1814 1426 semper

1016 1453 1092 1506 euim
1106 1451 1186 1521 quusi
1196 1455 1337 1506 tumentes
1349 1465 1432 1521 super
1445 1464 1490 1504 ure
1504 1447 1606 1516 (luctus
1621 1445 1709 1499 timui
1723 1445 1813 1500 Deum

1016 1540 1074 1609 (tob
1093 1553 1173 1603 xxxx,
1190 1541 1246 1601 23).
1263 1538 1386 1608 Semper,
1411 1535 1507 1608 inquit,
1537 1531 1631 1588 bmui:
1646 1531 1716 1588 sicut
1737 1538 1811 1597 aute,

164 1635 225 1676 rere
236 1620 322 1677 soleat
331 1621 422 1678 radios
431 1622 584 1696 oculorum,
602 1641 652 1682 nce
667 1641 737 1682 vana
760 1625 845 1698 gloria
860 1625 910 1682 nisi
925 1627 960 1682 ob
977 1623 999 1701 Β
1016 1627 1054 1682 sic
1073 1635 1134 1699 post
1147 1632 1286 1697 acceptam
1299 1625 1494 1697 indulgentiam
1505 1627 1689 1694 peecatorum.
1713 1621 1813 1676 Beatus

162 1707 262 1765 laetitiae
274 1718 374 1766 noceat
382 1710 542 1771 vanitatem.
1016 1718 1099 1771 bomo
1121 1715 1218 1788 quiite
1233 1730 1343 1787 semper
1356 1721 1398 1770 est
1416 1711 1538 1784 pavidus,
1554 1724 1606 1766 nea
1619 1708 1716 1765 minori
1740 1707 1817 1779 angi

199 1800 243 1853 ro.
263 1796 332 1854 lllud
345 1814 455 1871 quoque
469 1801 621 1870 considera,
639 1819 674 1858 an
690 1803 881 1861 iortevirtutes
896 1820 962 1874 qua·
1017 1813 1060 1860 tur
1090 1803 1279 1869 sollicitudine,
1309 1818 1343 1858 ne
1371 1800 1441 1858 forte
1464 1800 1594 1856 obruatur
1607 1804 1663 1853 tam
1676 1795 1818 1853 &nebulis

163 1892 224 1942 tuor
237 1893 355 1960 quatuor
368 1888 412 1944 bis
426 1890 621 1948 tentationibus
643 1907 784 1965 opponere
813 1893 959 1948 valcamus.
1017 1909 1097 1965 quam
1109 1891 1240 1964 peccatis.

162 1976 218 2032 Leo
232 1974 332 2048 rugiet,
346 1977 407 2050 quia
433 1993 488 2034 non
517 1980 642 2037 timebit?
658 1982 686 2037 si
714 1982 774 2054 quis
800 1982 845 2037 ille
871 1981 961 2052 tuerit,
1052 1986 1077 2036 2.
1090 1981 1132 2037 dd
1146 1982 1196 2037 boe
1208 1980 1343 2052 siquidem
1354 1977 1444 2034 divim
1459 1977 1540 2033 nobis
1554 1982 1608 2030 tarn
1632 1974 1726 2030 sedula
1749 1984 1826 2045 erga

164 2064 242 2122 tortis
263 2064 326 2124 erit.
357 2065 412 2123 Sed
434 2066 564 2125 frustrato
578 2070 669 2134 leone,
685 2071 766 2127 draco
789 2070 964 2126 absconditur
1017 2087 1076 2132 nos,
1093 2077 1121 2125 et
1143 2077 1196 2124 tam
1216 2067 1327 2140 profusa
1341 2065 1523 2123 beneficentia
1546 2061 1763 2128 commendator,
1786 2072 1817 2117 ut

163 2153 193 2209 in
208 2168 300 2221 arena,
316 2162 346 2210 ut
358 2154 500 2212 virulomis
514 2157 622 2213 datibus
642 2161 757 2214 attrabat
778 2159 905 2225 animam,
922 2159 963 2212 in·
1016 2158 1191 2215 sollicitemur
1213 2157 1247 2211 ad
1271 2155 1393 2230 gratiam,
1414 2155 1559 2210 invitemur
1572 2153 1606 2208 ad
1630 2151 1816 2208 dilectionem.

164 2241 276 2298 suitlaus
289 2241 315 2298 ei
334 2244 535 2314 quodammodo
557 2248 806 2320 concupiscentiam
834 2257 962 2304 terreno·
1017 2247 1097 2305 871
1111 2244 1479 2320 inpetissrrismuuduoitde
1488 2247 1524 2312 te,
1537 2242 1740 2300 utcustodiuut
1750 2241 1815 2298 teia

165 2345 236 2387 rum.
247 2329 323 2399 Ouia,
339 2340 429 2403 putas,
443 2333 513 2389 illius
526 2335 723 2406 praetervitabit
736 2335 963 2393 insidiasiNemo
1017 2336 1147 2394 ominibus
1160 2336 1212 2390 uiis
1228 2336 1294 2390 tuis.
1310 2331 1380 2400 Quid
1402 2332 1472 2388 ultra
1491 2331 1578 2403 potuit
1601 2331 1648 2386 tibi
1673 2330 1774 2395 lacere,
1789 2336 1819 2383 et

164 2419 259 2494 utique
272 2417 459 2491 nisiprudens.
473 2422 663 2479 Atlortedum
677 2425 775 2480 adista
794 2425 962 2482 descendere
1019 2441 1073 2481 non
1097 2423 1180 2480 iecit?
1204 2422 1271 2479 Novi
1289 2422 1353 2493 quid
1383 2421 1505 2493 cogites,
1522 2419 1641 2491 ingenua
1667 2418 1813 2474 creatura?

165 2524 257 2580 caves,
270 2517 352 2582 urget
365 2508 426 2580 quis
439 2509 582 2566 molestia:
598 2519 626 2568 et
658 2528 723 2568 ecee
739 2514 866 2585 protinus
892 2515 964 2585 aspis
1017 2514 1107 2570 Habes
1121 2512 1234 2586 gratiam
1249 2511 1353 2583 augelis
1369 2510 1483 2575 Domini,
1501 2507 1550 2565 sed
1566 2509 1599 2564 ad
1618 2508 1707 2579 ipsum
1727 2506 1830 2562 ambis·

164 2600 244 2654 adest
255 2617 261 2653 :
271 2613 334 2653 nam
353 2606 535 2670 opportunum
551 2608 659 2672 tempus
673 2601 724 2656 sibi
738 2601 877 2658 invenisse
891 2602 965 2659 vide·
1018 2602 1160 2659 Dominum
1176 2600 1344 2673 angelorum.
1365 2598 1434 2655 Oras
1450 2605 1477 2654 et
1492 2605 1579 2669 optas,
1596 2604 1625 2652 ut
1639 2594 1742 2651 nuntiis
1759 2610 1815 2651 non

166 2696 220 2743 tur.
236 2687 305 2754 Quis
319 2702 373 2743 non
388 2687 596 2758 exasperabitur
609 2689 645 2743 ab
656 2689 750 2760 aspide
775 2690 847 2745 ista?
861 2691 964 2760 Nempe
1019 2698 1172 2755 contentus,
1193 2689 1251 2759 ipse
1269 2704 1378 2761 quoque
1401 2687 1447 2759 qui
1467 2687 1635 2758 loquebatur,
1658 2685 1750 2740 adsit:
1766 2699 1818 2740 uec

167 2776 208 2832 vir
222 2782 379 2847 temperans
393 2784 422 2832 et
435 2776 584 2841 modestus,
618 2777 663 2848 qui
683 2777 748 2833 sciat
775 2779 915 2834 abundare
939 2788 966 2833 et
1021 2789 1046 2835 te
1062 2778 1137 2850 quasi
1153 2795 1202 2850 per
1215 2777 1344 2844 medium,
1360 2777 1409 2833 sed
1423 2776 1465 2832 sui
1484 2775 1539 2832 oris
1561 2773 1654 2831 osculo
1669 2773 1817 2831 oseulatur.

168 2865 309 2937 penuriam
324 2865 389 2935 pati.
404 2866 473 2921 Puto
488 2881 521 2921 ex
536 2866 586 2922 bac
609 2866 752 2923 occasione
776 2867 909 2923 lasciuare
939 2874 965 2922 te
1020 2867 1124 2923 Audisti
1138 2882 1220 2937 super
1233 2866 1355 2936 aspidem
1371 2874 1399 2921 et
1413 2865 1575 2927 basiliscum,
1592 2863 1699 2920 leonem
1714 2862 1819 2935 pariter

167 2954 241 3011 volet
254 2955 324 3008 male
334 2952 477 3009 blandiens
500 2954 593 3010 oculus
616 2970 744 3028 nequam.
762 2956 828 3025 Quis
860 2962 965 3012 avertet
983 2926 1004 3005 Β
1022 2963 1049 3012 et
1062 2956 1209 3011 draconem
1224 2955 1271 3010 tibi
1285 2953 1477 3009 ambulandum
1499 2954 1568 3017 lore,
1590 2966 1641 3008 nec
1654 2966 1739 3021 super
1759 2951 1820 3005 dra-

168 3042 264 3100 iaciem
278 3041 378 3097 suomi
394 3041 518 3099 Proiecto
531 3043 627 3112 justus,
641 3044 687 3115 qui
713 3060 767 3100 nou
799 3045 880 3101 modo
912 3061 966 3102 non
1021 3061 1090 3101 conc
1109 3045 1168 3116 ipso
1192 3043 1329 3099 victoriam
1359 3041 1495 3098 Michaelis
1519 3049 1546 3096 et
1568 3039 1728 3111 angelorum
1759 3040 1821 3110 ejus

167 3131 226 3203 ipse
239 3130 291 3186 sibi
303 3130 427 3202 accipere
441 3130 556 3206 gloriam
577 3147 639 3203 quae
653 3132 702 3188 [tei
725 3140 777 3199 est,
802 3134 850 3189 sed
873 3149 909 3189 ne
932 3135 967 3188 ab
1021 3134 1140 3205 ignoras.
1157 3135 1348 3188 Verumtamen
1362 3146 1416 3186 non
1433 3129 1562 3196 iticbaeli,
1578 3129 1628 3184 sed
1642 3127 1820 3184 Domiuocla·

169 3218 222 3276 alio
236 3217 346 3291 quidem
361 3219 484 3292 recipere
499 3219 563 3276 velit
575 3220 693 3277 oblatam
706 3221 744 3277 :si
761 3228 850 3277 tamen
865 3221 911 3277 ille
932 3222 968 3277 sit
1023 3231 1098 3277 mant
1110 3220 1244 3278 desideria
1254 3227 1318 3276 tua:
1331 3219 1491 3286 liberares,
1501 3219 1759 3291 etpouemejuatc
1783 3223 1821 3284 te,·

168 3310 266 3378 justus,
282 3307 328 3379 qui
342 3308 414 3379 juste
436 3309 509 3381 quod
536 3309 638 3378 justum
653 3319 697 3366 est
723 3319 900 3382 exsequatur,
920 3309 967 3383 qui
1022 3316 1050 3367 et
1060 3312 1184 3383 cujusvis
1192 3326 1294 3365 menits
1301 3312 1409 3380 pugnet
1419 3306 1633 3377 coutrume(tob
1642 3305 1823 3372 xvrx,3).lloc

169 3396 301 3468 justitiam
314 3411 390 3452 suam
404 3412 460 3452 non
474 3396 556 3453 iaciat
573 3413 664 3453 coram
675 3398 837 3462 bominibus,
852 3399 898 3470 quai
914 3400 967 3455 de·
1022 3415 1120 3470 nempe
1131 3404 1173 3454 est
1187 3414 1241 3453 uon
1256 3398 1337 3452 modo
1351 3395 1419 3462 aliis,
1437 3395 1486 3450 sed
1501 3395 1567 3466 ipsis
1586 3408 1694 3466 quoqne
1718 3392 1821 3449 altion-

171 3485 265 3558 nique‚
281 3484 333 3539 etsi
350 3484 439 3555 justas
453 3485 542 3556 fuerit,
558 3492 704 3555 caputnon
719 3487 801 3543 levet.
817 3487 881 3542 llaec
894 3486 967 3542 enim
1023 3490 1073 3543 bus
1087 3486 1166 3541 altius
1189 3492 1299 3557 captare
1323 3483 1468 3555 refugium,
1490 3490 1519 3539 ut
1533 3500 1565 3540 ex
1580 3482 1716 3539 sententia
1735 3479 1821 3552 proii-

170 3574 256 3631 virtus
271 3572 427 3645 specialiter
440 3575 468 3630 in
483 3574 633 3631 humilitate
645 3574 778 3644 consistit,
800 3577 858 3632 hau
875 3575 967 3631 inten-
1023 3575 1235 3648 tentiquouiurn
1253 3580 1285 3631 tu
1308 3589 1347 3639 es,
1370 3575 1497 3640 bomine,
1533 3589 1604 3645 spes,
1628 3589 1702 3637 mea,
1726 3569 1823 3626 merito

172 3663 274 3720 tionem
288 3670 396 3734 purgat,
412 3663 469 3720 hare
487 3679 597 3738 quoque
610 3664 735 3720 meritum
747 3680 828 3721 omne
843 3680 877 3720 eo
894 3680 970 3719 vera·
1024 3663 1238 3737 respondeatur:
1255 3664 1433 3720 Attissinrum
1442 3662 1563 3734 posuisti
1575 3662 1718 3733 rescipiens
1728 3663 1823 3715 tuum.

172 3751 231 3808 cius
241 3758 270 3808 et
284 3750 420 3808 eltiuacius
438 3751 618 3825 obtinetque
633 3753 722 3810 minus
731 3760 841 3824 arrogat
854 3753 913 3809 sibi.
1061 3757 1087 3808 3.
1102 3754 1163 3809 Non
1178 3753 1248 3808 enim
1264 3752 1428 3826 dedignatur
1441 3765 1502 3806 asse
1515 3766 1579 3820 spes
1590 3750 1750 3805 miserorum
1771 3746 1823 3803 mi·

470 3858 588 3918 sgpppo
610 3858 668 3918 xp,
1025 3850 1130 3899 serator
1142 3848 1171 3897 et
1184 3841 1336 3896 misericors
1349 3838 1494 3905 Dominus3
1518 3852 1573 3893 non
1601 3855 1630 3893 se
1645 3838 1731 3908 ipsum
1756 3834 1828 3891 libe-

174 3950 305 4005 pevmu
314 3945 421 4002 memo
435 3951 545 4019 quareo,
561 3950 719 4018 ,Quoniam
732 3951 763 4005 pn
777 3965 822 4006 me
836 3949 971 4022 speravit,
1027 3940 1144 3986 retorem
1166 3929 1245 3984 simul
1267 3935 1296 3984 et
1321 3933 1504 3998 protectorem
1533 3926 1560 3980 in
1588 3942 1618 3981 se
1651 3923 1826 3996 sperantibus

212 4016 331 4075 liberabo
341 4030 417 4083 eurra,¹
426 4023 570 4089 protegam
590 4034 666 4086 eum,
682 4023 818 4092 quonium
844 4022 974 4094 cognouit
1028 4019 1156 4075 exhibere
1164 4023 1279 4073 recusat.
1290 4013 1828 4086 Qucuirrmiumcaperuuit,inquit,iibe·

211 4103 314 4148 ’ΨΜ
328 4103 452 4145 mm*
1029 4111 1094 4165 rubo
1103 4123 1180 4174 euru·
1192 4110 1336 4180 protegam
1346 4120 1423 4167 eum,
1435 4105 1572 4174 quonium
1584 4105 1710 4173 cognouit
1722 4117 1828 4159 nomeu

214 4199 239 4253 l.
268 4194 363 4252 l'cnite
377 4194 415 4250 ud
431 4210 475 4252 rnc
488 4210 584 4253 omues
598 4198 647 4269 qui
658 4195 793 4252 taboratis
821 4201 849 4254 et
862 4200 976 4253 onerati
992 4229 1015 4306 n
1029 4213 1126 4253 merem
1147 4196 1261 4264 Nempe,
1275 4194 1334 4251 Nisi
1349 4192 1481 4251 domiuus
1490 4191 1656 4247 custodierit
1665 4191 1825 4257 ciuitatem,

176 4285 256 4352 estis,
272 4288 301 4342 et
315 4295 362 4358 epo
376 4285 505 4354 reficiam
517 4299 575 4352 uos,
589 4283 799 4341 dicitliominus.
819 4286 918 4342 Tollite
931 4287 976 4357 iu·
1031 4289 1142 4357 srrestru
1152 4283 1253 4355 cipitur
1262 4284 1312 4355 qui
1321 4282 1447 4338 custodit
1455 4295 1517 4336 curu
1524 4279 1714 4348 (Psatmxxvr,
1724 4279 1828 4348 t),sive

177 4388 345 4448 gemmeum
354 4374 822 4447 supererautinuenietisrequiem
830 4376 977 4431 euinrubua
1031 4375 1076 4430 ille
1091 4374 1181 4436 bomo,
1205 4371 1263 4428 sive
1277 4369 1358 4426 ctiam
1374 4368 1485 4442 angelus
1499 4376 1582 4424 esset.
1602 4368 1705 4422 llontes
1720 4366 1748 4420 in
1776 4368 1829 4422 cir·

178 4464 289 4522 erasm
301 4463 490 4535 lucumonem
499 4479 596 4521 meum
605 4467 751 4533 succcest,
763 4468 792 4522 ct
805 4480 875 4522 onas
885 4480 978 4520 meum
1032 4463 1104 4520 cuitu
1114 4461 1263 4518 ierusalem
1277 4478 1283 4514 :
1298 4459 1347 4516 sed
1368 4474 1461 4531 parum
1477 4459 1538 4523 boe,
1562 4456 1616 4512 imo
1632 4455 1696 4510 nihil
1712 4456 1764 4511 boc
1783 4455 1828 4512 io·

181 4554 239 4611 leue
252 4552 364 4624 (dotti.
378 4564 419 4624 xx,
437 4552 539 4624 tabo).
560 4551 729 4610 laborantes
752 4551 785 4608 ad
801 4552 976 4608 reiectionem
1033 4561 1083 4618 ret,
1102 4552 1123 4607 si
1139 4565 1193 4606 non
1208 4548 1289 4606 etiam
1305 4547 1437 4604 Dominus
1450 4546 1478 4602 in
1506 4545 1620 4602 circuitu
1644 4551 1717 4600 esset
1737 4543 1829 4614 populi

180 4641 287 4707 invitat,
304 4640 339 4696 ad
352 4639 475 4713 requiem
489 4649 619 4712 provocat
633 4649 771 4698 oneratos.
795 4641 857 4696 Non
886 4649 978 4696 tamen
1032 4642 1081 4696 sui.
1104 4640 1198 4695 llerito
1212 4638 1339 4710 proindre
1354 4637 1381 4691 in
1401 4635 1511 4692 cantico
1534 4650 1634 4705 sponsa
1654 4631 1827 4697 describitur,

180 4729 372 4787 interimonus
387 4728 530 4796 subtrabit,
546 4728 747 4800 collaborem,
773 4732 860 4801 magis
887 4740 978 4787 autem
1033 4729 1219 4786 iuventislicet
1233 4727 1361 4799 vigilibus
1375 4726 1439 4796 (imo
1463 4725 1498 4779 ab
1523 4723 1562 4778 eis
1589 4721 1675 4794 magis
1697 4720 1828 4785 inventa:

181 4834 266 4876 onera
280 4819 343 4887 alio,
359 4819 411 4875 alio
425 4818 519 4874 labore
542 4825 708 4873 commutat:
729 4818 777 4872 sed
806 4833 890 4875 ouere
914 4819 977 4888 levi,
1033 4836 1083 4873 nec
1093 4817 1165 4874 enim
1180 4832 1228 4872 eos
1241 4817 1300 4886 ipsa
1323 4814 1484 4887 quaerebat),
1510 4828 1565 4868 non
1589 4809 1751 4872 substitisse,
1776 4824 1832 4865 nec

183 4908 258 4962 suavi
272 4908 347 4978 iugo,
358 4906 385 4962 in
401 4906 499 4981 quibus
512 4905 622 4979 requies
640 4921 671 4961 ac
686 4905 807 4969 reiectio,
824 4908 875 4962 etsi
890 4908 978 4963 minus
1032 4914 1160 4962 contenta
1176 4906 1256 4960 inisse
1271 4904 1405 4977 vigilibus,
1422 4903 1471 4959 sed
1486 4909 1644 4973 percontata
1659 4898 1777 4955 breviter
1794 4898 1830 4954 de

184 5002 322 5066 appareat,
340 5003 431 5051 umen
456 4996 618 5052 inveniatur.
640 4994 729 5051 Grave
749 5009 818 5051 onus
841 4995 977 5067 iniquitas,
1033 4996 1140 5059 dilecto,
1158 4993 1290 5064 adipsum
1302 4993 1377 5049 ocius
1393 4991 1730 5061 pervolasseicuuticmn,
1744 4991 1770 5051 3,
1790 4990 1829 5057 l).

184 5083 284 5139 sedens
298 5097 380 5152 suaper
395 5086 524 5140 talentum
535 5084 638 5156 plumbi
650 5085 746 5151 (Zueb.
756 5100 785 5149 v,
800 5087 842 5153 i).
858 5085 915 5140 Sub
930 5086 980 5141 bac
1033 5086 1097 5140 Erat
1111 5083 1183 5138 enirn
1201 5098 1249 5138 cor
1262 5083 1322 5152 ejus
1336 5096 1389 5136 non
1410 5081 1437 5132 in
1452 5077 1587 5151 vigilibus,
1607 5078 1655 5133 sed
1671 5078 1698 5130 in
1714 5076 1832 5135 Domino

184 5171 312 5245 gemebat
329 5171 435 5226 sarcina
449 5173 495 5244 qui
509 5173 617 5230 dicebat
631 5195 638 5229 ε
650 5176 818 5246 iniquitates
831 5191 902 5230 merc
928 5191 979 5230 su·
1035 5172 1159 5228 tioneiam
1171 5170 1289 5236 babens;
1310 5177 1338 5224 ct
1355 5168 1433 5223 aliter
1447 5167 1516 5225 torte
1526 5166 1705 5223 suadentibus
1720 5164 1830 5221 aiebat:

184 5277 333 5336 pererctsoe
351 5264 418 5316 suut
432 5266 518 5333 eaput
532 5278 638 5329 meum,
664 5268 693 5320 et
713 5264 788 5320 sicut
809 5278 880 5320 oeus
897 5279 980 5334 praue
1036 5266 1067 5319 lu
1084 5263 1203 5318 Domino
1217 5260 1325 5329 confido
1337 5279 1346 5315 :
1359 5258 1494 5330 quonvodo
1513 5255 1609 5312 dicitis
1623 5256 1729 5311 animae
1739 5272 1833 5313 mere:

184 5354 311 5424 grauate
320 5352 389 5407 suut
399 5364 485 5421 super
498 5365 544 5406 me
558 5353 765 5421 (Pactxxxvn,
778 5354 814 5410 bl.
826 5351 904 5421 Quod
915 5366 981 5422 ergo
1039 5354 1219 5422 transmigra
1231 5351 1263 5406 iu
1272 5351 1396 5408 montem
1406 5347 1481 5402 sieut
1489 5361 1587 5418 passer
1596 5344 1683 5414 (Paci.
1695 5360 1724 5408 x,
1737 5343 1774 5414 2).
1786 5344 1835 5398 ldi-

185 5453 254 5496 onus
268 5436 379 5505 Christi,
395 5437 467 5509 quod
483 5451 552 5493 onus
563 5438 642 5498 level
659 5440 692 5496 Ut
706 5440 816 5514 quidem
827 5456 880 5513 ego
894 5441 982 5498 sentio
1037 5457 1088 5497 nus
1102 5438 1280 5515 vigilanterid
1301 5438 1480 5493 observarant
1502 5432 1642 5499 Corinthii,
1664 5449 1725 5487 cum
1744 5432 1834 5488 otien-
