3734 5948
168 249 221 310 coa
630 246 836 311 sarratam
853 244 1330 309 aaatrrscutamvamuusts
1491 214 1496 225 '
1760 245 1833 317 aue

168 377 251 434 lemni
266 376 358 434 letitia
383 385 433 447 est,
449 375 496 449 qui
511 383 637 433 statutam
655 376 757 450 vigiliae
772 374 962 433 abstinentiam
977 388 1001 468 Α
1015 372 1103 447 cemlt
1131 372 1172 428 llli
1199 386 1308 428 sensum
1332 368 1434 428 letitiae
1451 369 1685 442 namucensis:
1706 368 1771 429 buis
1790 370 1825 427 ai·

168 482 224 524 non
243 466 378 523 observat.
403 464 496 530 Plane,
521 466 642 540 inquam,
669 465 693 521 si
723 465 814 522 renuis
841 464 962 539 affligere
1016 462 1082 536 quid
1096 460 1232 534 prevalet,
1246 459 1466 534 gaudiumomne
1479 456 1817 531 exterminatinfleritque

168 558 284 612 animam
299 559 371 610 tuam
385 555 413 611 in
442 554 544 630 vigilia,
559 556 687 628 indiguus
706 556 769 624 jure
783 554 903 612 censeris
918 570 962 609 rc·
1016 551 1152 606 dolorem.
1169 570 1181 600 s
1199 550 1321 617 llmator,
1343 568 1356 601 a
1373 550 1420 619 ait,
1437 554 1523 605 «tuus
1531 562 1641 616 semper
1654 546 1706 613 lui.
1725 550 1816 605 atde·

168 643 231 718 quie
244 651 271 700 et
295 642 473 700 exsultatione
501 643 606 702 lesdva.
623 645 670 700 Est
683 652 776 701 summ
803 645 962 700 universum
1017 638 1145 696 sideravit
1158 638 1280 708 amplecti
1305 645 1342 694 te.
1362 657 1376 691 a
1395 636 1516 706 Fratres,
1542 635 1615 708 ignia
1628 635 1741 692 vibrant
1760 644 1815 706 eat,

168 732 309 805 praesentis
327 733 492 804 paenitentias
522 742 636 805 tempus,
661 732 757 806 vigilia
779 731 903 805 quedam
919 745 963 786 so-
1016 728 1177 801 uonliuqua
1204 729 1332 796 loquens:
1359 734 1387 782 et
1408 725 1433 783 si
1458 724 1561 799 linqua,
1581 724 1815 798 ertatpneaa

168 821 312 877 lemuitatis
339 838 455 898 magnae,
471 831 499 877 et
512 823 605 879 aeterni
619 820 773 878 sabbatismi
786 837 868 892 quem
890 835 962 892 proe·
1017 819 1155 876 Carbones
1165 824 1228 874 suut
1241 817 1312 889 ignis
1323 816 1405 887 illius,
1424 831 1508 890 quem
1521 816 1557 871 do
1568 814 1677 872 excelso
1689 813 1816 873 Glttr‘atas

173 910 316 970 stolamur.
331 913 388 967 Nec
405 912 558 968 causaberis
571 911 689 985 vigiliam
704 910 865 983 longiorem,
883 912 906 966 si
922 925 964 965 me
1017 908 1129 964 miserat
1151 907 1178 962 in
1196 906 1303 963 ossibus
1320 907 1388 976 ejus
1411 905 1502 978 lltque
1528 904 1631 961 utinm
1658 903 1817 962 desolatorii

173 1000 328 1057 ternitatem
352 998 501 1056 festivitatis
528 1002 659 1056 attendas.
676 1000 750 1057 Licet
773 1001 846 1055 enim
866 1000 964 1056 babere
1018 999 1096 1054 uobis
1127 998 1192 1063 siut,
1206 1005 1395 1052 consumentes
1409 1004 1436 1051 et
1455 1004 1603 1052 exurentes
1628 994 1762 1069 quidquid
1786 994 1816 1050 in

169 1088 394 1160 preparationem
425 1087 530 1144 soleant
549 1089 681 1144 solemnia
703 1088 799 1144 diurna
813 1087 960 1143 diurnam:
1017 1087 1151 1143 nobisest
1163 1082 1461 1143 carnalisallectiunisl
1476 1082 1577 1153 Quales
1594 1082 1666 1141 enirn
1685 1083 1817 1140 scintillas

169 1176 214 1232 illa
227 1191 287 1232 cum
302 1184 402 1232 eleum
421 1176 466 1243 sit,
483 1192 537 1233 non
554 1176 637 1250 exigit
653 1186 741 1232 mmen
755 1186 893 1233 aeternam.
909 1177 964 1233 Sed
1017 1185 1080 1232 sunt
1092 1176 1162 1245 istae,
1186 1183 1262 1231 aula
1281 1176 1384 1247 quanto
1396 1173 1516 1230 interiori
1538 1172 1663 1230 incendio
1683 1171 1817 1231 micanti

169 1280 223 1339 quo
238 1280 288 1321 uos
314 1265 384 1336 rapit
395 1266 542 1334 jucundior
557 1266 628 1321 illius
649 1265 780 1321 memoria
805 1264 962 1322 felicitatis?
1054 1268 1081 1322 t.
1097 1265 1190 1335 Plane,
1206 1265 1285 1321 beate
1306 1262 1425 1331 Andrea,
1440 1277 1558 1336 granum
1576 1260 1677 1332 ainapb
1688 1261 1817 1319 callides

168 1357 226 1413 lloc
240 1354 314 1412 euim
327 1357 438 1412 nomiae
453 1365 479 1411 et
501 1355 611 1426 sepius,
629 1363 656 1410 et
678 1354 746 1412 torte
756 1354 867 1430 dignius
879 1355 966 1411 nomi·
1018 1360 1074 1423 tua,
1093 1369 1154 1425 que
1168 1361 1222 1408 tam
1249 1352 1440 1422 inseparatum,
1454 1350 1502 1408 nbi
1516 1350 1565 1407 teri
1578 1350 1671 1422 erepit,
1684 1349 1772 1423 caepit
1781 1366 1816 1406 ex

168 1452 246 1501 natur
258 1444 304 1500 illa
316 1443 459 1501 festivitas.
474 1445 654 1501 lledeundum
669 1443 748 1499 nobis
759 1444 840 1501 estad
856 1443 882 1499 id
891 1445 964 1516 quod
1018 1457 1049 1501 ac
1064 1441 1186 1513 prolerre
1201 1440 1350 1498 fervorem.
1367 1438 1439 1509 Quid
1452 1439 1476 1495 si
1489 1439 1571 1510 paulo
1584 1438 1700 1512 amplius
1711 1447 1815 1497 terere-
1859 1494 1861 1501 ,

168 1549 225 1606 pree
237 1533 363 1588 manibus
377 1541 429 1592 est.
1019 1532 1082 1586 turi
1108 1527 1176 1598 Quis
1198 1529 1334 1586 fervorem
1361 1528 1438 1586 illum
1460 1528 1576 1595 amanus,
1589 1528 1651 1600 quis
1671 1527 1757 1585 verba
1768 1527 1814 1584 illa

207 1618 322 1680 1⁰59
331 1624 358 1678 3.
375 1620 503 1678 llodierni
518 1621 608 1694 itaque
626 1620 735 1692 ieiunii,
763 1623 864 1692 eteius
881 1636 963 1692 quam
1016 1618 1150 1676 sustinere
1173 1627 1266 1690 posset
1279 1618 1405 1674 auditus?
1419 1618 1490 1673 Dum
1505 1616 1578 1673 enim
1591 1617 1682 1672 miuus
1696 1616 1814 1674 minare·

168 1713 354 1780 praestolamur
367 1710 545 1766 solemnitatis
563 1709 587 1766 ei
602 1711 711 1779 letitie,
735 1726 814 1768 causa
829 1717 871 1766 est
885 1711 962 1766 besta
1018 1715 1061 1763 tur
1079 1709 1189 1779 AEgeas,
1204 1706 1291 1763 adbuc
1306 1721 1421 1778 granum
1441 1705 1545 1776 sinapis
1560 1704 1721 1776 despicabile
1733 1705 1813 1761 rius·
1848 1762 1852 1771 ,

169 1801 262 1870 passio
275 1799 393 1856 Andreae
406 1797 533 1871 apostoli.
547 1800 664 1874 Dignum
680 1808 721 1855 est
732 1799 883 1864 enimut,si
899 1814 962 1855 cum
979 1778 1002 1857 Β
1018 1797 1106 1853 batur.
1133 1797 1269 1868 integrum
1283 1805 1351 1862 erat,
1367 1794 1553 1850 nesciebamus
1566 1792 1632 1867 quid
1645 1792 1719 1849 intus
1746 1791 1812 1848 late-

169 1903 202 1944 eo
216 1887 335 1959 pandere
362 1902 417 1942 non
437 1901 593 1955 possumus,
608 1902 670 1943 cum
686 1902 719 1944 eo
734 1887 777 1942 vel
797 1887 961 1957 jejunemus.
1018 1892 1069 1943 ret.
1086 1884 1258 1952 «Dominus,
1275 1905 1287 1933 a
1304 1883 1403 1954 inquit,
1424 1900 1437 1934 r
1454 1898 1498 1939 me
1516 1881 1591 1939 misit
1605 1881 1733 1938 album
1753 1896 1814 1954 pro·

167 1977 237 2033 Nam
253 1984 280 2031 et
292 1976 384 2048 ipsum
398 1990 461 2031 cum
476 1975 559 2032 biduo
579 1976 709 2046 penderet
735 1975 764 2030 in
778 1990 870 2043 cruce,
885 1975 965 2030 etiam
1018 1972 1145 2042 vinciam,
1160 1972 1187 2027 in
1201 1988 1256 2045 qua
1265 1986 1318 2028 non
1334 1987 1446 2043 parvum
1458 1971 1483 2025 ei
1497 1971 1627 2043 populum
1640 1970 1782 2042 acquisivi.
1798 1990 1810 2022 s

164 2064 304 2134 jejunasse
331 2063 392 2133 quis
417 2064 543 2121 dubitet?
572 2063 745 2119 Inveniemur
772 2078 838 2138 erqo
865 2064 908 2121 vel
937 2063 964 2118 in
1019 2062 1138 2119 Accedat
1155 2061 1375 2116 comminationis
1390 2059 1534 2132 pistillnm3
1549 2059 1630 2132 longe
1645 2059 1704 2129 jam
1724 2060 1815 2116 nmina

167 2150 268 2220 exiguo
281 2150 512 2207 communicantes
524 2150 647 2222 passioni
657 2153 727 2221 ejus,
742 2161 769 2207 et
782 2150 805 2206 si
819 2165 873 2206 non
883 2151 964 2206 simul
1017 2149 1103 2221 sapiet
1138 2148 1358 2220 constantiusque
1397 2150 1531 2219 loquetur.
1558 2147 1727 2204 Terrendum
1752 2162 1813 2203 eum

167 2237 243 2293 allisi
261 2239 393 2311 patibulo,
410 2239 491 2294 simul
515 2238 610 2295 afflicti
632 2239 756 2311 jejunio:
774 2246 805 2294 ut
819 2239 964 2295 miseraute
1018 2247 1094 2310 putat
1123 2239 1231 2312 AEqeas,
1251 2238 1339 2296 crucis
1352 2237 1510 2309 supplicium
1525 2236 1669 2306 minitans;
1696 2238 1747 2293 aed
1761 2252 1814 2294 non

166 2327 225 2382 Deo
238 2327 319 2381 etiam
335 2341 443 2384 corone
467 2328 613 2401 participes
638 2329 737 2395 simus;
753 2338 780 2385 et
795 2331 821 2385 iu
836 2329 963 2401 presenti
1018 2338 1060 2384 est
1079 2327 1125 2385 ito.
1153 2325 1319 2383 Accenditur
1341 2325 1429 2398 magis
1450 2325 1476 2379 in
1492 2327 1575 2383 verbo
1589 2325 1651 2395 boc,
1680 2335 1709 2382 et
1734 2324 1814 2382 libere

167 2428 278 2484 quoque
286 2414 467 2486 spiritualium
478 2416 724 2489 sociigaudiornm.
734 2415 878 2484 Quomodo
892 2419 964 2472 euim
1018 2417 1128 2473 clamat:
1159 2416 1216 2490 Ego
1244 2415 1268 2469 si
1296 2413 1447 2486 patibulum
1479 2415 1568 2472 crucis
1599 2427 1814 2484 expavescerem,

58 2546 64 2554 .
167 2516 222 2556 non
237 2499 407 2558 exsultemus
429 2502 456 2558 in
472 2503 600 2560 memoria
615 2505 825 2574 triumphique,
842 2504 964 2574 quemin
1017 2505 1107 2560 crucis
1119 2503 1235 2576 gloriam
1253 2518 1309 2558 narn
1324 2503 1509 2574 predicarem.
1532 2506 1596 2560 »at
1618 2501 1665 2559 ubi
1690 2513 1814 2575 paratum

167 2588 233 2660 ipsa·
246 2589 289 2645 sui
315 2591 459 2659 praeseutia
474 2591 598 2661 supplicii
623 2601 679 2646 tam
698 2595 869 2649 vehementer
882 2592 964 2646 novi·
1018 2592 1070 2646 sibi
1097 2591 1200 2663 liguum
1232 2591 1344 2647 intuitus
1371 2601 1423 2660 est,
1447 2607 1481 2647 ea
1496 2593 1548 2649 boc
1564 2592 1620 2660 iam
1644 2590 1726 2662 plane
1744 2599 1815 2648 totus

169 2693 231 2733 mus
244 2678 403 2735 exultasset
418 2682 461 2736 an
479 2694 535 2735 non
557 2681 608 2735 erit
635 2680 694 2734 laetu
709 2678 846 2749 festivitas,
867 2680 915 2736 ubi
937 2689 965 2736 et
1017 2680 1161 2755 meua
1188 2680 1376 2752 applaudebat,
1401 2687 1429 2736 et
1453 2681 1640 2738 blandiebatur
1660 2680 1703 2736 illi
1720 2692 1815 2737 amate

167 2783 233 2822 crux
260 2767 319 2837 ipsa
347 2767 426 2836 plena
447 2773 490 2823 est
502 2767 622 2839 gaudio?
646 2766 784 2839 Siquidem
797 2780 823 2824 et
838 2769 963 2826 festivum
1018 2786 1095 2826 sum:
1116 2769 1313 2826 officiosissime
1328 2771 1469 2838 salutabat,
1485 2768 1660 2827 devotissime
1684 2769 1815 2840 suscipie-

168 2855 288 2911 solemus
311 2855 450 2911 nominare
473 2854 546 2926 quod
570 2856 662 2911 laetum
680 2863 735 2921 est;
752 2865 779 2912 et
793 2872 856 2912 crux
872 2874 965 2914 acru-
1019 2860 1064 2914 bat
1092 2857 1184 2931 [clius
1214 2857 1405 2931 suspicieba113
1419 2857 1562 2930 maquibca
1582 2857 1724 2914 attollebat
1744 2873 1814 2925 um,

167 2944 239 3000 ciatu
264 2943 356 3015 utique
374 2944 481 3013 dicitur,
509 2954 556 3001 aut
577 2952 650 3002 certe
676 2946 810 3002 cruciatus
835 2963 852 3002 a
873 2961 963 3006 cruce.
1019 2955 1047 3001 et
1068 2946 1096 3001 in
1119 2946 1203 3017 ipsius
1227 2946 1361 3015 praecouic
1390 2946 1565 3018 gloriabatur,
1589 2945 1708 3001 clamem
1727 2945 1816 3018 magis

167 3031 273 3101 Quanta
298 3031 413 3103 proinde
439 3032 619 3089 exsultatione
643 3033 775 3092 universe
798 3043 878 3091 terre
891 3036 964 3090 cele·
1019 3035 1165 3093 allectione
1177 3050 1258 3107 quam
1274 3051 1353 3093 voce:
1377 3055 1389 3086 a
1409 3035 1501 3104 Salve,
1516 3051 1581 3091 crux
1601 3034 1727 3106 pretiosa,
1751 3048 1816 3104 quse

167 3122 300 3177 brandum
319 3129 402 3177 tauta
420 3122 548 3178 novitatis
562 3123 736 3187 miraculum,
761 3132 814 3179 um
837 3122 965 3196 magnifi-
1017 3123 1144 3181 decorem
1169 3129 1198 3180 et
1221 3121 1447 3194 pulchritudinem
1469 3123 1505 3178 de
1524 3121 1653 3179 membris
1667 3121 1818 3179 maniacis

168 3226 228 3266 cum
246 3225 315 3279 opus
328 3210 427 3268 divine
438 3209 699 3268 arturistmrdreas
713 3214 795 3269 homo
814 3220 873 3269 erat
886 3212 965 3269 simi·
981 3166 1003 3245 ὓ
1018 3210 1163 3283 accepistil
1179 3212 1267 3275 Salve,
1283 3226 1349 3268 crux
1373 3226 1435 3282 que
1448 3211 1475 3265 in
1490 3225 1605 3282 corpore
1617 3209 1812 3267 Cbrlatidedi-

168 3297 202 3352 lis
220 3298 310 3367 nobis,
324 3298 470 3369 passibilis,
481 3305 509 3354 et
534 3308 587 3355 mm
614 3302 765 3356 vehementi
789 3301 886 3358 ardore
909 3302 964 3373 spi·
1018 3311 1078 3357 cata
1105 3308 1157 3368 est,
1186 3309 1213 3356 et
1240 3314 1273 3354 ex
1288 3299 1418 3357 membris
1431 3301 1491 3368 eius
1505 3306 1635 3372 tauquam
1660 3298 1815 3373 mmqarilis

168 3384 237 3440 ritus
253 3399 360 3440 crucem
374 3386 497 3455 sitiebat,
513 3393 568 3442 tant
583 3388 705 3445 inaudito
719 3389 965 3461 asaeculisgaudio
1019 3387 1127 3445 ornatal
1157 3407 1170 3442 a
1197 3388 1292 3445 llerito
1311 3389 1424 3458 proinde
1450 3388 1537 3446 cruca
1556 3397 1706 3444 amatorem
1729 3403 1814 3444 vene

168 3472 342 3541 tripudiabat,
374 3489 434 3528 curn
462 3486 587 3546 paratum
610 3475 663 3531 sibi
686 3475 792 3532 eminus
811 3477 964 3548 patibulum
1020 3487 1112 3531 rantur
1126 3476 1277 3549 quicunque
1293 3485 1356 3532 sunt
1368 3476 1441 3532 servi
1454 3476 1556 3533 crucis:
1579 3477 1627 3533 scd
1642 3476 1676 3533 ab
1696 3475 1739 3532 bia
1760 3491 1817 3531 am-

169 3561 374 3631 conspexisset.
392 3579 403 3612 r
426 3561 448 3618 0
470 3578 546 3626 crux,
576 3563 706 3635 linquit,
727 3584 739 3615 ι
756 3564 801 3619 diu
815 3563 967 3619 desiderata
1021 3563 1133 3635 pliorem
1144 3565 1204 3633 jure
1229 3563 1401 3620 devotionem
1415 3565 1508 3638 exigit,
1524 3563 1572 3636 qul
1586 3563 1733 3634 specialius
1747 3578 1813 3636 pro-

168 3651 266 3719 etjam
281 3649 483 3720 concupiscenti
510 3651 600 3707 animo
619 3652 787 3724 praeparata!
810 3668 924 3709 securus
939 3661 966 3709 et
994 3662 1167 3723 'posuerunt
1194 3653 1289 3710 tollere
1316 3668 1428 3710 crucem
1456 3669 1542 3710 suam.
1568 3653 1651 3709 Vobis
1675 3653 1815 3710 bocetde

168 3739 290 3811 gaudens
307 3740 388 3796 veuio
408 3743 441 3795 ad
457 3747 494 3805 la,
510 3740 546 3795 ita
559 3750 626 3796 utet
640 3748 668 3796 tu
684 3743 822 3798 exsultans
835 3741 967 3810 suscipias
1019 3741 1097 3798 vobis
1111 3741 1184 3811 dieo,
1202 3742 1297 3798 iratres
1310 3745 1376 3807 mel,
1392 3742 1439 3815 qui
1454 3758 1508 3798 uon
1522 3743 1604 3798 surda
1618 3758 1682 3798 aure
1705 3741 1816 3798 audistis

169 3827 299 3896 melit').
311 3845 324 3880 a
336 3827 509 3899 Videtisquia
520 3843 575 3885 uon
589 3845 619 3885 se
629 3830 702 3902 capit
712 3846 767 3901 prae
781 3829 965 3902 magnitudine
1017 3829 1091 3884 illam
1104 3831 1287 3904 evangelicam
1302 3832 1408 3890 tubam:
1429 3833 1482 3901 Qui
1495 3849 1555 3890 nort
1576 3832 1687 3904 bajulat
1705 3846 1816 3887 crucem

169 3912 273 3984 gaudii,
303 3912 382 3978 «lta,
401 3936 413 3963 a
431 3915 529 3982 inquit,
555 3926 655 3973 «utet
676 3919 866 3975 tuexsultans.
884 3940 895 3969 ι
914 3918 966 3974 lir-
1019 3922 1536 3993 auum,etaeqat'tarmc,noapolcat
1563 3919 1817 3978 menecrat-

169 4013 240 4073 qoue
267 4005 339 4054 tanta
352 4007 394 4055 est
416 4001 569 4072 exsultatio,
594 4017 625 4060 ut
640 4007 754 4062 exsultet
768 4014 795 4062 et
809 4006 869 4076 ipsa
887 4023 963 4073 crux,
1019 4009 1106 4080 pultat
1117 4010 1193 4077 (luc.
1208 4022 1268 4074 xiv,
1284 4009 1341 4080 27).
1353 4009 1441 4065 Parati
1455 4017 1541 4065 estote
1558 4015 1641 4065 totam
1657 4009 1742 4065 animi
1756 4008 1818 4064 dili·

169 4102 221 4143 nec
238 4085 292 4143 leti
306 4089 455 4161 quidquam
471 4091 578 4156 babeat,
598 4093 646 4147 sed
675 4100 762 4149 totum
788 4096 886 4150 latitia
906 4095 964 4150 sitl
1019 4097 1138 4168 gentiam
1149 4097 1211 4153 buic
1226 4096 1354 4152 adbibere
1373 4096 1546 4166 solemnitati,
1566 4104 1594 4152 et
1607 4095 1692 4154 corde
1718 4111 1817 4170 magno

169 4176 229 4249 dull
242 4178 306 4249 quis
333 4177 405 4234 dicat
423 4180 514 4235 minus
527 4190 619 4238 contra
633 4182 865 4252 consuetudinem,
880 4197 965 4254 supra
1019 4186 1158 4240 celebrare
1183 4200 1257 4256 eam3
1274 4184 1337 4254 quia
1360 4201 1476 4259 magnus
1490 4185 1601 4242 omnino
1624 4184 1819 4243 consolationis

169 4266 311 4331 rationem,
330 4267 400 4322 ultra
422 4277 555 4334 naturam,
586 4285 695 4326 crucem
723 4271 868 4338 exsultare,
881 4287 965 4340 quarn
1021 4273 1122 4344 pariter
1145 4281 1173 4328 et
1192 4273 1386 4329 exhortationis
1406 4275 1549 4330 thesaurus
1575 4274 1654 4354 vobis
1678 4273 1819 4346 repositus

169 4352 329 4411 crucifixum
344 4353 440 4428 lolius,
457 4356 617 4414 crucillxum
645 4357 781 4415 exsultare
798 4374 880 4431 quam
903 4376 966 4416 cru·
1020 4370 1062 4417 est
1074 4361 1102 4415 iu
1117 4376 1158 4429 ea,
1175 4361 1197 4416 si
1213 4360 1295 4416 luerit
1307 4361 1354 4434 qui
1366 4360 1453 4418 fodiat
1466 4371 1494 4420 et
1506 4370 1652 4420 scmtetur.

669 4461 707 4524 ΙΝ
732 4462 853 4527 vaslo
877 4462 910 4527 S.
936 4462 1109 4528 ANDREAE
1133 4463 1320 4529 aposloli

383 4543 386 4547 '
426 4540 671 4602 locosancto
687 4547 707 4601 l.
850 4550 857 4558 '
980 4547 1091 4651 uquod
1120 4547 1241 4605 Salvator
1267 4563 1375 4604 crucem
1397 4547 1523 4618 bajulans
1547 4548 1723 4620 sequentibus
1743 4566 1775 4608 se
1793 4559 1820 4608 et

168 4646 210 4704 Dc
227 4647 317 4705 telus
329 4649 479 4721 peceribus
493 4654 626 4722 piscium,
638 4655 688 4726 qai
702 4658 772 4710 aaut
786 4657 817 4711 iu
836 4655 921 4723 muri,
933 4657 966 4712 in
1018 4636 1176 4709 lubentibus
1188 4636 1242 4691 ²5¹²
1258 4637 1337 4694 mi&
1349 4638 1517 4709 'mima
1532 4638 1622 4697 mule
1644 4639 1713 4709 dm
1732 4655 1821 4713 ΝΜ

222 4720 351 4788 tlumtne,
362 4726 495 4793 ctsloqao
513 4723 643 4796 [aliaque
654 4725 914 4799 blandiapt'teilcal.
1018 4741 1073 4792 mc,
1089 4727 1137 4783 scd
1146 4741 1232 4799 super
1254 4727 1385 4799 vosipsos
1398 4727 1464 4797 flete
1478 4727 1554 4796 (bac.
1566 4741 1643 4797 ratu,
1665 4731 1719 4797 28).
1735 4728 1821 4785 Deni-

206 4810 231 4861 l.
261 4807 433 4864 Celebrautes
461 4810 544 4865 bodie
571 4811 722 4882 gloriosum
748 4814 820 4869 beati
848 4815 964 4870 Andreas
1018 4830 1071 4885 que
1085 4829 1147 4872 cum
1161 4814 1379 4884 ducereturipse
1396 4817 1489 4871 beatus
1502 4815 1625 4872 andreas
1650 4816 1684 4872 ad
1697 4831 1818 4886 crucem,

169 4893 344 4966 triumphum,
362 4900 389 4953 in
416 4898 506 4954 verbis
527 4899 631 4971 gratiae,
648 4914 710 4970 quae
725 4902 907 4972 procedebant
930 4903 964 4957 de
1018 4903 1136 4974 populus
1149 4902 1196 4975 qui
1208 4913 1332 4960 sanctum
1344 4910 1372 4960 el
1384 4905 1488 4974 justum
1499 4902 1607 4961 dolebat
1624 4904 1726 4975 iniuste
1745 4906 1819 4962 dam·

168 4994 218 5036 ore
239 4983 299 5051 ejus
330 4987 526 5043 exsultavimus
551 4995 577 5042 et
606 4987 730 5046 delectati
751 5006 855 5046 sumus.
871 4991 964 5064 Neque
1018 4991 1089 5061 nari,
1105 4991 1250 5061 probibere
1264 4991 1350 5049 voluit
1371 5007 1407 5049 ne
1420 4994 1576 5064 puniretur:
1591 4994 1640 5050 sed
1655 4994 1746 5067 magia
1759 4994 1819 5066 ipse

168 5070 241 5124 enim
257 5072 331 5126 locus
347 5083 448 5142 poterat
463 5091 524 5132 esse
538 5076 665 5142 tristitie,
682 5079 797 5135 ubitam
822 5082 966 5136 vebemea·
1017 5079 1212 5139 instantissima
1226 5096 1306 5153 preca
1322 5081 1459 5153 prohibuit
1476 5097 1535 5151 sos,
1560 5099 1593 5141 ne
1608 5097 1818 5142 noncoronare·

169 5165 209 5213 ter
223 5157 364 5216 letabatur
378 5173 405 5217 et
419 5166 487 5233 ipse.
504 5166 591 5221 Nemo
607 5182 639 5221 er
657 5167 905 5239 uobiscompassus
923 5178 965 5225 est
1019 5178 1071 5235 tur,
1093 5170 1147 5225 imo
1171 5186 1205 5226 ne
1224 5183 1277 5227 non
1301 5180 1446 5241 pateretur.
1475 5171 1653 5230 Desiderabat
1684 5173 1819 5245 siquidem

168 5248 207 5304 sic
221 5247 347 5319 patienti;
369 5265 448 5308 nomo
471 5270 553 5310 ausus
567 5263 608 5310 est
630 5256 761 5328 plangere
774 5257 962 5315 exsultantem.
1018 5259 1140 5327 dissolvi,
1160 5267 1187 5315 ut
1209 5275 1271 5316 cum
1289 5259 1396 5317 cbristo
1414 5276 1485 5328 esse,
1501 5262 1549 5317 sed
1568 5261 1595 5316 iu
1624 5277 1713 5330 cruce,
1739 5278 1820 5335 mam

166 5335 294 5409 alioquin
303 5345 331 5392 et
345 5337 422 5393 uobis
436 5340 495 5411 ipse
510 5358 564 5398 nou
583 5343 730 5417 incongrue
744 5344 835 5402 dicere
846 5353 964 5417 poterat,
1018 5363 1125 5419 semper
1142 5357 1296 5415 amaverata
1319 5347 1490 5407 desiderabat
1504 5365 1617 5423 regnum
1631 5352 1743 5418 intrare,
1771 5351 1820 5407 sed

201 5443 255 5510 (ll)
286 5444 348 5525 llaec
368 5444 450 5528 relata
481 5462 513 5528 ea
541 5450 628 5505 sancti
652 5452 767 5507 andree
795 5452 872 5520 actia,
903 5469 964 5525 quae
1017 5470 1102 5512 annos
1116 5464 1269 5530 nongentos
1295 5455 1393 5512 Beatam
1416 5457 1502 5513 abbas
1518 5450 1818 5530 llispauussubiinem

166 5512 332 5584 presbyteras
343 5517 452 5574 Amarae
459 5519 625 5589 tribuuntur,
635 5538 750 5593 quorum
761 5523 885 5581 meminit
901 5533 963 5582 ante
1019 5526 1082 5583 libri
1094 5526 1371 5600 contralllipandum,
1383 5528 1455 5585 baud
1470 5529 1528 5587 scio
1538 5527 1655 5587 mullus
1665 5537 1730 5586 anta
1741 5544 1817 5588 eum.
