3734 5948
104 206 157 261 tta

560 198 589 256 S.
609 197 791 258 annuunt
808 197 957 256 tentata
975 195 1303 257 ffltatnsasrs

1704 186 1757 255 m

104 324 228 384 interiori
241 339 302 382 eam
312 321 414 379 carceri
424 321 532 378 tradere
542 322 676 397 malignus
686 322 815 398 [additur
829 327 900 382 otius
918 338 941 419 g
958 325 1041 381 corde
1063 321 1171 400 penitus
1184 322 1271 392 arido,
1295 321 1392 381 ductat
1414 313 1614 379 consuetudine
1632 319 1758 394 quadam

106 425 133 476 et
159 411 325 485 tortoribusl,
351 410 527 484 acceleraret,
552 414 601 467 sed
625 417 652 469 et
672 421 790 470 castrum
813 414 900 485 ipsum

104 506 212 580 ignibus
226 517 349 558 cremare
374 501 525 572 perpetuis,
541 509 570 557 ut
584 502 667 576 digna
688 502 805 575 periuris
820 503 903 558 etiam

105 596 182 652 lieret
198 590 338 648 retributio
353 591 492 657 membris,
508 589 605 646 fortior
628 592 795 662 supervenit.
812 593 903 647 lntra·

104 685 143 739 vit
158 683 185 738 in
200 680 337 737 castollum
352 679 441 746 lesus,
456 680 501 752 qui
517 679 613 735 lortem
631 681 753 755 alligans,
769 683 829 752 ejus
843 698 906 737 vasa

105 771 231 842 diripuit;
247 778 276 825 ut
293 786 352 842 quar
367 769 442 840 prius
452 774 531 824 erant
545 768 571 822 in
592 770 907 837 contumeliam,faceret

104 863 131 918 in
152 864 294 918 bonorem.
321 859 452 915 contrivit
476 864 567 929 portas
595 876 691 926 arcas,
717 870 745 916 et
772 861 907 932 confregit

105 951 210 1008 len-eos
229 957 329 1018 vectes,
355 946 474 1002 vinetum
489 948 523 1002 de
546 947 627 1004 domo
642 950 757 1004 carceris
771 957 798 1004 et
813 951 908 1004 umbra

106 1042 201 1096 mortis
216 1043 342 1094 ettuceus.
360 1037 443 1091 l‘orro
459 1052 586 1109 egressus
607 1039 667 1107 ejus
681 1039 709 1092 iu
723 1037 905 1094 confessione.

105 1129 167 1201 lpsa
183 1136 223 1184 est
237 1125 309 1183 enim
325 1141 418 1196 scopa,
434 1141 487 1198 qua
502 1127 647 1181 mundatus
671 1134 808 1183 carcerat
823 1142 905 1182 orna-

106 1225 160 1284 tuS,
181 1216 314 1286 deinceps
328 1213 493 1284 regularium
516 1214 716 1272 institutionum
735 1217 824 1287 juncis
842 1217 904 1288 qui-

106 1307 220 1363 busdam
235 1305 347 1377 pulchre
363 1304 515 1358 virentibus
538 1304 572 1359 de
587 1320 699 1361 carcere
720 1305 789 1360 redit
806 1304 835 1359 in
854 1305 907 1360 do-

106 1412 189 1454 mum.
206 1394 293 1450 Habet
317 1409 384 1465 ergo
400 1392 496 1448 mulier
506 1393 562 1462 jam
582 1394 692 1450 domum
715 1410 801 1464 suam,
826 1395 909 1449 habat

106 1485 153 1542 ubi
168 1483 298 1555 suscipiat
313 1499 385 1553 eum,
403 1483 446 1538 cui
460 1498 543 1553 super
557 1483 639 1539 tantis
663 1483 805 1540 beneficiis
819 1490 907 1541 exstat

106 1574 234 1633 obnoxia.
247 1571 373 1644 Alioquin
383 1588 424 1627 vae
434 1572 471 1638 ei,
480 1572 502 1625 si
514 1589 575 1628 eum
587 1573 715 1644 excipere
721 1573 809 1629 renuit
819 1572 841 1628 si
852 1589 907 1629 non

958 413 1038 486 plane
1057 413 1133 485 qnasi
1148 413 1229 470 vitula
1244 408 1383 484 Ephraim,
1399 408 1480 466 docta
1493 405 1610 480 diligere
1623 407 1756 469 trituram.

959 503 1130 560 Exteriornm
1144 517 1205 575 qnae
1220 501 1254 557 ad
1269 498 1406 556 modicam
1424 495 1528 564 valent,
1550 512 1587 554 ne
1604 512 1693 555 unum
1704 497 1759 556 iota

959 592 1137 665 praeteritam
1151 591 1255 662 apicem
1271 605 1373 658 nnum;
1389 586 1439 643 sed
1449 583 1582 643 murelum
1592 586 1683 661 glutit,
1694 588 1760 646 dam

960 681 1071 738 culicem
1097 680 1190 752 liquat.
1216 681 1245 735 ln
1265 678 1347 735 corde
1367 677 1439 734 enim
1459 691 1555 734 serras
1575 686 1619 734 est
1643 677 1760 751 propriae

960 769 1115 834 voluntatis,
1131 767 1219 826 cultor
1233 767 1361 835 avaritiae,
1377 766 1473 841 gloriae
1491 766 1616 840 cupidus,
1634 766 1759 825 ambitio·

961 859 1004 914 nis
1025 867 1148 930 amator;
1173 866 1218 914 ant
1242 856 1422 926 haecomnia,
1445 865 1491 913 aut
1515 857 1623 932 singula
1644 873 1760 933 quaeque

961 948 1033 1003 intus
1046 948 1111 1005 vitia
1130 947 1226 1004 fovens
1241 964 1248 1002 :
1266 955 1293 1002 et
1318 946 1447 1003 mentitur
1472 947 1600 1019 iniquitas
1623 947 1688 1018 sibi,
1711 945 1760 1003 sed

961 1039 1034 1094 Deus
1049 1053 1103 1094 non
1117 1037 1254 1094 irridetur.
1268 1034 1368 1093 Videas
1382 1035 1453 1092 enim
1468 1036 1604 1093 interdurn
1618 1036 1660 1093 sic
1669 1033 1760 1108 pallia·

962 1134 1019 1182 tum
1042 1124 1188 1193 bominem,
1204 1135 1234 1181 ut
1253 1124 1363 1181 seducat
1376 1125 1457 1181 etiam
1476 1124 1663 1199 semetipsum,
1679 1124 1760 1197 peni-

963 1223 1006 1271 tus
1019 1229 1074 1270 non
1088 1215 1232 1271 attendens
1249 1229 1380 1282 vermem,
1397 1212 1582 1286 quiinteriora
1593 1213 1759 1286 depascitur.

962 1304 1053 1361 llanet
1067 1300 1142 1359 enim*
1152 1302 1320 1375 superficies,
1338 1312 1366 1359 et
1376 1304 1449 1359 salva
1464 1303 1515 1359 sibi
1529 1302 1621 1359 omnia
1641 1302 1759 1359 arbitra-

963 1402 1015 1450 tur.
1033 1395 1227 1462 Comederunt,
1244 1393 1281 1449 ait
1297 1394 1438 1466 propbeta,
1453 1394 1541 1452 alieni
1550 1396 1635 1452 robur
1650 1395 1721 1466 cirta,
1733 1397 1761 1449 ct

962 1482 1380 1557 ignorauitttlaee.vrr,tt).l)icit:
1391 1482 1759 1552 Quindr’uessumetnultias

962 1590 1117 1646 apameam
1136 1572 1170 1628 sit
1182 1587 1300 1647 pauper,
1319 1572 1414 1641 miser,
1434 1575 1463 1628 et
1475 1571 1646 1630 miserabilis
1665 1572 1757 1645 (spor.

107 1664 222 1732 detinet,
240 1661 262 1716 si
277 1676 331 1718 nou
347 1660 419 1732 cogit
433 1675 544 1717 manere
563 1677 666 1733 secum,
682 1662 811 1734 quoniam
826 1662 907 1718 adve·
923 1655 946 1734 Β
962 1678 1004 1728 ιιι,
1025 1661 1079 1734 tr).
1102 1663 1171 1717 Nam
1190 1667 1218 1716 et
1237 1660 1347 1716 inventa
1361 1658 1504 1716 occasione
1518 1658 1633 1716 ebullire
1648 1657 1760 1730 malem,

108 1750 376 1825 aperascit.llediens
386 1748 459 1805 enim
469 1751 515 1821 qui
528 1750 604 1821 prius
615 1752 720 1821 ejectus
730 1750 906 1820 est,munda—
962 1768 1023 1824 quae
1036 1751 1138 1808 latebat
1158 1751 1186 1806 in
1201 1749 1302 1820 ulcero,
1323 1757 1350 1804 et
1364 1748 1493 1815 excisam,
1515 1761 1570 1804 non
1584 1746 1759 1820 exstirpatam

109 1848 162 1895 tam
174 1837 742 1912 quidemetornatamdomnminvenit,sed
755 1847 905 1895 vacantem.
963 1841 1089 1897 arborem
1099 1840 1126 1895 in
1143 1840 1236 1896 silvam
1251 1838 1383 1911 pullulare
1393 1838 1487 1894 videas
1499 1837 1667 1895 densiorem.
1683 1834 1760 1907 Quod

145 1933 172 1986 a.
186 1927 358 1999 Relinquitur
384 1925 517 2000 siquidem
538 1927 645 1983 mulieri
668 1927 764 1984 domus
785 1944 831 1983 sua
860 1929 908 1985 da·
963 1931 1114 2003 periculum
1134 1931 1156 1986 si
1180 1929 1304 1986 volumus
1325 1927 1476 1996 declinare,
1494 1925 1611 1984 securim
1626 1939 1759 1999 ponamus

110 2027 191 2085 serta,
209 2015 396 2089 quamtotius,
417 2015 490 2088 quia]
507 2016 653 2073 Salvatoris
666 2017 783 2088 bospitio
797 2018 908 2090 dignam
964 2018 1077 2077 n‘ecosse
1092 2026 1134 2076 est
1146 2018 1180 2074 ad
1195 2017 1302 2074 radices
1314 2018 1451 2088 arborum,
1465 2031 1521 2074 non
1536 2016 1570 2072 ad
1583 2030 1685 2073 ramos.
1700 2015 1758 2072 Non

110 2106 238 2163 exhibere
254 2104 382 2177 neglexit.
399 2103 551 2174 Quomodo,
573 2105 684 2178 inquis?
699 2105 836 2162 Poteritne
855 2108 908 2162 do-
963 2110 1020 2167 sola
1041 2108 1194 2164 inveniatur
1217 2107 1244 2162 in
1266 2107 1346 2163 nobis
1367 2106 1527 2163 exercitatio
1551 2103 1711 2179 corporalis,
1726 2101 1760 2159 ad

108 2213 172 2251 mus
195 2194 324 2251 mundata
348 2194 520 2250 confessione
544 2195 662 2264 priorum
687 2195 855 2263 delictorum,
882 2204 910 2250 et
964 2199 1096 2255 modicum
1125 2197 1219 2254 valens
1235 2215 1241 2250 :
1257 2197 1307 2252 sed
1330 2196 1485 2254 inveniatur
1511 2194 1585 2252 utilis
1610 2193 1646 2250 ad
1671 2192 1769 2269 omnia·

108 2283 299 2341 observatione
314 2282 477 2353 regularium
492 2283 690 2340 institutionum
714 2295 819 2353 ornata,
835 2284 909 2338 indi·
964 2288 1061 2362 pietas,
1076 2294 1104 2342 et
1123 2285 1280 2342 exercitium
1299 2285 1448 2357 spirituale.

108 2388 163 2446 gna
192 2373 279 2427 adbuc
305 2372 420 2437 judicari
453 2373 606 2429 habitaculo
644 2374 748 2446 gratiae,
762 2373 910 2431 Salvatoris
999 2372 1761 2448 r.ttutter,tnqnii‚narttunomtne,eaceptttttumar

109 2459 252 2534 ingressui
282 2461 384 2514 Poterit
409 2461 576 2529 sinedubi0‚
612 2463 634 2516 si
660 2462 805 2534 superficie
832 2470 911 2517 tonus
965 2468 1077 2523 dantum
1098 2466 1197 2522 suum!
1212 2470 1239 2520 et
1255 2464 1320 2520 truta
1339 2469 1401 2522 erut
1423 2479 1512 2530 soror,
1531 2464 1649 2520 nomeu
1663 2462 1760 2521 laria.
1794 2523 1797 2527 ,

108 2550 253 2607 emundata
277 2555 304 2603 et
326 2549 423 2618 iuncis,
447 2559 476 2604 ut
499 2548 600 2605 dietum
624 2561 676 2618 est,
701 2559 784 2605 strata
799 2550 911 2605 virenti·
965 2555 1080 2611 Sorores
1098 2560 1170 2622 sunt,
1193 2559 1220 2609 et
1239 2552 1342 2609 debent
1360 2568 1421 2608 esse
1439 2549 1659 2609 contubernales.
1674 2549 1760 2608 Occu-

109 2640 170 2704 bus,
185 2638 298 2694 interius
313 2637 392 2707 plena
406 2637 440 2692 sit
454 2638 520 2695 luto.
537 2638 601 2706 Quis
622 2639 694 2693 enim
709 2639 910 2710 suscipiendum
964 2654 1044 2717 patur
1063 2645 1120 2700 haec
1138 2643 1209 2699 circa
1228 2642 1358 2715 frequens
1372 2640 1560 2706 ministerium,
1578 2638 1622 2696 illa
1637 2638 1760 2697 Domini·

110 2728 252 2784 Dominum
267 2727 415 2782 arbitretur
429 2727 456 2780 in
481 2725 613 2782 dealbatis
634 2735 800 2783 mortuorum
815 2730 902 2800 sepul·
965 2734 1003 2790 cis
1028 2743 1069 2790 est
1096 2734 1201 2787 intenta
1225 2731 1407 2788 sermonibus.
1432 2729 1474 2785 Ad
1501 2730 1632 2785 llartlaam
1659 2735 1763 2802 spectat

110 2816 172 2884 cris,
186 2832 247 2888 quae
266 2814 424 2872 videntura
444 2814 508 2870 loris
521 2815 656 2886 speciosa,
681 2816 842 2873 intrinsecus
857 2832 908 2871 au·
964 2830 1086 2889 ornatus,
1106 2822 1154 2877 sed
1169 2821 1299 2891 ‘impletio
1314 2821 1348 2876 ad
1362 2819 1483 2875 Mariam.
1505 2817 1588 2875 Vacat
1607 2818 1681 2875 enim
1705 2818 1761 2876 [ιο.

110 2913 164 2961 tem
180 2904 308 2976 spurcitia
323 2912 350 2960 et
373 2905 463 2960 sanies
482 2904 608 2960 universa
631 2904 763 2976 replevit?
784 2908 849 2962 Esto
869 2907 908 2961 si·
964 2909 1047 2978 mino,
1065 2917 1094 2965 ut
1109 2925 1164 2965 non
1179 2909 1213 2964 sit
1228 2908 1324 2965 domus
1346 2923 1455 2965 vacans.
1483 2906 1538 2963 Sed
1556 2905 1762 2963 mundationem

110 2994 220 3068 quidem
235 2993 423 3067 utaliquando
439 3002 568 3066 tanquam
583 2995 641 3065 ipsa
675 2994 819 3066 superficie
834 2994 909 3051 dele·
924 2959 945 3038 c
964 2998 1007 3056 eui
1022 2997 1157 3070 possimus
1171 2997 1341 3053 attribuere?
1360 2996 1420 3052 Erit
1433 2996 1518 3065 enim,
1531 2995 1555 3051 si
1568 3000 1597 3051 et
1608 2995 1673 3062 boc,
1687 2995 1765 3052 inve·

110 3092 207 3151 ctaaus,
236 3083 337 3154 incipet
364 3083 438 3140 velut
465 3082 583 3156 primum
601 3099 740 3156 apponere
769 3084 908 3158 pedem,ei
964 3088 1094 3154 uenimus,
1125 3087 1231 3154 domus,
1260 3087 1287 3140 in
1315 3103 1370 3158 qua
1398 3085 1520 3166 Salvator
1549 3083 1706 3158 suscipitur,
1736 3092 1763 3141 et

110 3173 156 3244 qui
171 3171 324 3243 hujusmodi
339 3180 390 3240 est,
407 3173 519 3244 primam
535 3173 651 3244 aliquam
676 3174 837 3231 visitationis
852 3190 908 3229 suae
963 3178 1074 3242 munda,
1090 3186 1119 3234 et
1132 3184 1237 3243 ornata,
1253 3168 1280 3232 o't
1304 3191 1359 3231 non
1375 3191 1483 3231 vacans.
1508 3175 1610 3230 Demus
1632 3188 1693 3230 eam
1709 3173 1763 3230 la·

111 3262 224 3331 gratiam
238 3260 404 3335 indulgendo
421 3279 428 3315 :
445 3262 566 3332 uunquid
582 3277 635 3318 non
650 3263 751 3319 resiliet
766 3264 837 3321 illico
847 3279 907 3318 cum
963 3283 1036 3334 zaro,
1053 3268 1076 3323 si
1086 3275 1114 3322 et
1128 3267 1204 3324 vobis
1219 3266 1255 3320 ita
1271 3265 1386 3321 videtur.
1418 3266 1450 3319 Et
1470 3263 1494 3319 ei
1509 3261 1644 3336 siqnidem
1658 3261 1760 3319 frater·

110 3346 316 3418 indignatione?
350 3349 472 3420 nunquid
509 3365 563 3405 non
594 3351 717 3424 aufugiet
742 3351 905 3407 clamitans:
963 3357 1053 3411 nitatis
1066 3357 1127 3426 jure
1142 3373 1205 3412 curn
1221 3355 1359 3411 sororibus
1369 3354 1513 3410 estdomus
1527 3351 1578 3407 ista
1598 3352 1761 3409 communis.

112 3434 908 3510 lrrfiaussumirtliruoprofuridr',stanneataubstnrrtio?
964 3444 1028 3501 Dico
1055 3453 1144 3500 autem
1174 3444 1313 3510 lazarum,
1342 3460 1423 3515 quern
1458 3440 1677 3514 quatriduanum,
1706 3443 1763 3511 jam

111 3525 198 3593 (Paul.
220 3539 315 3594 nxvru,
338 3524 501 3595 3.)l'irtutis
516 3526 588 3581 enim
608 3526 724 3597 species,
750 3537 777 3583 et
791 3544 845 3584 non
861 3546 907 3584 ve·
960 3537 1072 3606 jamque
1094 3534 1224 3591 latentem
1245 3534 1390 3590 amortuis
1404 3531 1502 3588 excitat
1524 3546 1576 3588 vox
1595 3531 1712 3598 virtutis,
1734 3536 1763 3587 nt

113 3613 186 3679 ritus,
204 3613 282 3686 quasi
298 3614 413 3686 qualitas
428 3621 480 3681 est,
497 3631 552 3672 non
562 3616 721 3674 substantia.
737 3617 832 3689 Neque
843 3633 907 3674 voro
963 3625 1087 3682 videatur
1106 3625 1172 3680 satis
1191 3641 1311 3700 congrue
1335 3622 1449 3679 somnam
1473 3637 1571 3694 gerere
1593 3619 1761 3691 paenitentis.

109 3701 263 3774 ingressum
278 3705 338 3774 ejus
362 3703 505 3760 exterioris
524 3713 614 3777 potest
635 3706 850 3762 conversationis
864 3716 907 3762 te·
963 3712 1048 3770 Intret
1070 3729 1138 3788 ergo
1160 3713 1269 3770 domum
1290 3712 1422 3776 Salvator,
1445 3717 1472 3768 et
1495 3709 1654 3783 trequentcr
1672 3708 1763 3766 visitet

110 3791 171 3845 nuis
186 3793 344 3863 superficies
359 3793 506 3862 sustinere;
524 3794 651 3867 quoniam
665 3796 756 3851 omnia
771 3802 905 3868 penetrat,
962 3818 1033 3869 eam,
1049 3821 1131 3875 quam
1146 3804 1281 3875 poenitens
1293 3803 1411 3857 Lazarus
1421 3800 1543 3868 mundat,
1556 3805 1636 3855 ornat
1646 3799 1760 3866 llartba,

111 3885 138 3933 et
152 3878 178 3933 in
203 3880 304 3934 intimis
328 3882 455 3938 cordibus
479 3885 540 3954 eius
568 3884 698 3941 habitatio
722 3893 773 3941 est.
791 3885 869 3954 Quod
885 3885 907 3940 si
963 3899 991 3946 et
1005 3893 1088 3946 llaria
1110 3893 1198 3964 replet
1211 3891 1326 3946 internae
1340 3890 1432 3946 dedita
1446 3887 1679 3960 contemplationi.

110 3982 283 4039 nequequam
307 3970 417 4040 spiritus
440 3972 590 4044 disciplinae
613 3974 750 4031 subditum
766 3973 907 4030 manifesta
999 3982 1024 4033 Β.
1052 3979 1105 4034 Sad
1129 3978 1199 4036 torte
1216 3978 1349 4035 curiosius
1365 3978 1505 4052 quisquam
1528 3975 1661 4050 requirat,
1677 3974 1763 4032 curin

108 4055 228 4127 peccatis
241 4072 342 4127 corpus
366 4057 509 4126 inhabitat,
533 4061 625 4116 lictum
649 4065 742 4135 utique
758 4080 813 4121 non
826 4065 907 4122 modo
962 4068 1091 4139 presenti
1115 4068 1272 4140 evangeliea
1295 4068 1411 4124 lectione
1439 4065 1512 4122 nulla
1534 4080 1646 4138 prorsus
1668 4066 1763 4122 Lazari

110 4143 237 4216 declinat,
253 4146 301 4201 sed
317 4155 344 4203 et
359 4146 455 4218 elingit
469 4156 551 4218 atque
567 4150 710 4222 elongatur
724 4153 758 4207 ab
778 4169 811 4208 eo
828 4155 905 4226 (Sap.
963 4158 1064 4214 mentio
1079 4156 1136 4212 liat.
1152 4158 1278 4213 Arbitror
1291 4172 1358 4212 sane
1373 4172 1408 4211 ne
1422 4154 1449 4210 id
1469 4155 1578 4228 quidem
1591 4168 1608 4209 a
1622 4154 1762 4228 proposita

110 4250 130 4302 1,
146 4234 237 4306 biatu
257 4251 323 4292 vero
340 4235 411 4291 aliud
428 4244 469 4292 est
485 4253 565 4309 quam
590 4237 662 4294 fictio
691 4241 869 4306 exsecranda,
885 4242 907 4297 si
923 4277 947 4355 Β
963 4245 1135 4303 similitudine
1161 4246 1303 4303 dissidere.
1332 4231 1499 4317 virginalem
1525 4243 1626 4300 etenim
1650 4244 1761 4301 domum

110 4331 250 4393 peccatum
266 4324 412 4396 superficie
424 4333 503 4380 tenus
512 4327 600 4395 radas,
611 4325 700 4386 999
715 4345 768 4384 non
779 4330 908 4386 intrinse-
963 4335 1076 4408 intelligi
1092 4336 1186 4392 volens
1202 4335 1328 4406 Spiritus,
1345 4335 1419 4390 siluit
1435 4349 1488 4390 non
1507 4333 1656 4405 incongrua
1671 4334 1761 4404 preni-

110 4412 905 4491 cuseradicoslCertusestoquoniampnllulabituberius,
963 4424 1163 4496 tandemque
1177 4423 1276 4478 malum
1300 4422 1394 4495 utique
1419 4422 1572 4479 comitatur.
1593 4421 1674 4477 absit
1687 4421 1762 4478 enim

110 4508 137 4556 et
152 4502 307 4557 mundatam
327 4503 376 4559 sed
387 4511 527 4560 vacantem
539 4505 649 4562 domam
660 4523 722 4563 cum
732 4509 907 4580 nequioribus
963 4523 991 4569 ut
1014 4512 1116 4586 proprii
1135 4513 1280 4585 quidquam
1301 4509 1498 4584 inquinamenti
1520 4513 1616 4566 domus
1630 4511 1690 4566 baec
1713 4509 1762 4565 ali·

110 4592 280 4665 septem,qui
289 4594 394 4663 ejectus
404 4593 501 4665 luerat,
515 4595 614 4666 hospes
624 4595 715 4668 [utine
726 4597 820 4671 bostis]
832 4599 907 4653 mali·
962 4601 1070 4672 quando
1091 4599 1217 4654 habuisse
1240 4599 1354 4666 dicatur,
1378 4607 1407 4655 ut
1430 4600 1457 4654 in
1477 4614 1509 4655 aa
1536 4599 1650 4670 proinde
1677 4615 1762 4671 scopa

108 4695 180 4750 gnus
193 4680 313 4737 intrabit.
331 4681 465 4738 Reversus
480 4683 552 4738 enim
568 4684 601 4739 ad
613 4687 742 4741 vomitum
756 4688 841 4753 canis,
853 4688 908 4744 odi·
960 4689 1054 4745 Lazari
1069 4695 1249 4760 quaereretur.
1268 4687 1378 4758 Quodsi
1392 4687 1553 4762 originalem
1572 4704 1587 4743 a
1602 4688 1763 4759 parentibus

111 4765 171 4823 bilis
183 4770 236 4825 erit
248 4771 331 4827 multo
341 4771 402 4841 plus
413 4788 493 4844 quam
506 4781 584 4841 ante;
595 4781 623 4828 et
631 4773 676 4830 bet
686 4774 756 4830 lilius
773 4776 906 4846 gebennas
961 4778 1093 4834 maculam
1113 4777 1211 4846 traxit;
1228 4779 1276 4833 sed
1291 4779 1380 4833 minus
1398 4795 1414 4834 a
1432 4777 1549 4834 leremia
1563 4776 1761 4834 sanctificatam

110 4857 907 4933 multipliciter,quipostindulgentiamdelictorumineas·
961 4866 989 4922 in
1013 4875 1100 4933 utero,
1130 4875 1176 4922 aut
1200 4883 1254 4923 non
1278 4868 1364 4939 magis
1384 4882 1400 4921 a
1418 4867 1523 4922 loanne
1545 4864 1647 4937 Spiritu
1665 4872 1762 4920 sancto

110 4942 904 5016 demdenuosordesincidezit,utsuslotainvolutabroluti.
961 4956 1093 5027 repletam
1115 4956 1229 5013 credere
1252 4956 1376 5027 prohibet
1399 4954 1487 5028 pietas
1508 4953 1684 5012 Christiana:
1709 4969 1762 5010 nec

147 5035 174 5087 6.
190 5033 238 5089 Vis
264 5038 357 5094 videre
382 5039 548 5105 mundatam,
573 5050 699 5096 ornatam
715 5047 742 5095 et
766 5051 905 5098 vacantem
961 5045 1033 5100 enim
1057 5043 1134 5100 lestis
1152 5044 1276 5100 laudibus
1301 5059 1417 5099 nascens
1443 5044 1635 5108 honoraretur,
1659 5040 1682 5097 si
1704 5056 1760 5097 non

110 5120 241 5177 domum?
267 5127 407 5183 llominem
430 5128 537 5184 intuere
561 5128 608 5200 qui
640 5128 781 5186 confessus
803 5141 854 5199 est,
878 5142 907 5190 et
960 5141 1053 5189 sancta
1074 5141 1233 5190 nasceretur
1248 5134 1328 5205 (ὅθ’).
1350 5132 1492 5188 Postremo
1511 5147 1571 5187 cum
1597 5130 1762 5187 omnimodis

110 5208 231 5267 deseruit
249 5212 388 5267 manifesta
402 5217 706 5286 peccatapracedentia
720 5219 753 5273 ad
763 5220 904 5292 Judicium,
961 5229 1077 5289 constet,
1094 5225 1128 5279 ab
1143 5222 1267 5299 originali
1282 5221 1409 5294 contagio
1430 5223 1488 5279 sola
1500 5221 1588 5294 gratia
1602 5221 1761 5277 mundatam

110 5305 138 5353 et
152 5315 225 5356 nunc
239 5298 311 5356 solas
324 5311 416 5359 movet
440 5319 536 5360 manus
550 5305 584 5360 ad
598 5321 682 5378 opera
705 5310 903 5380 mandatomm,
962 5328 1024 5370 essa
1045 5312 1167 5382 llariam,
1191 5312 1293 5386 quippe
1315 5327 1376 5368 cum
1397 5319 1426 5370 et
1447 5327 1522 5369 nunc
1545 5310 1575 5367 in
1597 5309 1761 5386 baptismate

139 5449 217 5523 ¹(66'i
232 5450 302 5510 llale
316 5453 389 5525 apud
403 5452 550 5525 Horatium,
566 5459 629 5516 llaec
645 5462 721 5518 enim
735 5463 815 5535 scatia
828 5463 957 5524 laudibus
971 5480 1092 5524 noscam
1106 5466 1264 5526 bonoratur
1277 5467 1431 5526 Postremo.
