3734 5948
55 225 109 278 ata

587 224 623 279 lN
636 221 853 282 lscnnstotvn
866 219 989 279 DDlell
1002 217 1120 277 sunno
1139 219 1184 276 lt.

1657 226 1711 283 Dii

56 344 183 400 ascendit
214 351 243 399 ut
273 343 491 418 transfiguratur,
526 323 577 401 nisi
605 356 635 402 nt
663 347 774 403 doceret
809 362 860 402 nos
874 359 898 438 Α
915 343 1048 400 Domino:
1077 346 1166 412 Quom
1189 345 1293 401 dilecta
1316 344 1501 403 tabernaculo
1517 352 1577 417 tao,
1593 349 1710 408 Donsiac

56 430 224 507 cogitatione
256 434 404 488 ascendero
429 435 463 487 ad
487 434 603 489 futuram
632 435 705 490 illam
733 434 858 507 gloriam,
913 434 1074 489 virtutum!
1081 434 1265 504 concupiscit,
1276 439 1304 488 et
1316 436 1412 504 delicit
1423 437 1712 493 onirnomcoinotrio

57 540 118 594 qttae
133 523 301 578 revelabitur
314 523 341 577 in
357 525 458 581 nobis?
477 524 552 579 Felix
567 526 645 593 cuius
669 524 807 580 rtreditatio
832 526 858 579 in

55 618 207 682 conspectu
235 611 340 666 Domini
371 623 412 667 est
437 629 555 683 seraper,
581 613 626 683 qui
650 613 678 667 in
704 613 787 669 corde
809 627 858 669 sno

56 700 257 755 delectationes
280 702 402 756 ‹lexterae
419 700 523 756 Domini
547 702 677 774 usquein
702 700 783 756 linem
812 717 857 756 se·

55 789 119 844 dula
142 788 310 863 cogitatione
347 790 477 846 revolvit!
511 791 579 858 Quid
609 791 680 846 enim
709 807 793 862 grave
820 789 857 844 illi

57 878 158 948 poterit
172 877 269 944 rideri,
286 879 332 950 qui
347 894 456 947 semper
476 889 568 934 mente
589 887 684 935 tractat
706 878 777 951 qnod
803 895 857 935 raon

55 968 108 1020 sint
122 965 269 1039 condignae
284 965 428 1037 passiones
444 967 525 1036 hujus
545 968 675 1038 temporis
693 968 727 1022 ad
742 967 857 1023 futuram

55 1054 194 1128 gloriam?
209 1054 280 1123 Quid
297 1056 490 1126 concupiscere
510 1056 610 1127 poterit
634 1059 661 1111 in
685 1056 784 1115 saeculo
809 1074 857 1112 ne-

55 1158 150 1214 quam,
176 1144 254 1212 cujus
278 1145 370 1198 oculus
397 1160 506 1216 semper
531 1146 601 1201 videt
618 1148 687 1200 bona
709 1147 814 1201 Domini
828 1145 855 1200 in

55 1242 129 1287 terra
145 1233 305 1298 viventium,
318 1250 427 1303 semper
443 1234 629 1291 videtaeterna
646 1235 777 1304 carmania?
800 1237 858 1292 Tibi

55 1323 133 1378 dicit
157 1339 206 1388 cor
220 1338 325 1382 ineam.
345 1324 482 1393 Propheta
509 1324 629 1395 loquitur
651 1325 781 1387 Domino;
807 1326 858 1380 tibi

57 1412 136 1466 dicit
151 1429 200 1469 cor
213 1428 330 1467 rasura:
347 1414 505 1484 Earpuisiuit
520 1420 546 1470 te
559 1415 648 1483 socios
658 1431 739 1471 racc:
754 1415 857 1485 sociem

58 1503 153 1564 iucrn,
174 1502 290 1556 Dareine
305 1503 447 1575 requiram
462 1503 549 1571 (Psoi.
567 1518 647 1569 xxvi,
664 1506 701 1572 8).
715 1502 779 1571 Quis
794 1502 858 1558 milri

57 1589 170 1652 tribuat,
200 1596 229 1641 ut
252 1603 348 1643 omnes
372 1596 517 1660 surgentes
538 1591 615 1645 stetis
640 1591 666 1644 in
688 1591 807 1658 excelso,
831 1599 858 1646 ct

914 523 1027 579 Domini
1041 523 1127 592 (Psoi.
1151 536 1274 587 exaurit,
1286 527 1312 589 2,
1329 527 1367 594 3).
1392 523 1510 579 Circuitc
1525 531 1553 578 et
1572 538 1630 590 vos,
1647 525 1712 581 clia·

915 610 1022 680 rissimi,
1038 626 1097 666 cum
1113 610 1221 682 pietatis
1235 611 1424 669 etdcvotionis
1439 610 1539 669 ellectu
1553 612 1596 668 vel
1611 612 1710 683 hostia,

912 702 1051 757 visitantes
1069 700 1160 756 aninlo
1174 700 1256 755 sedes
1273 716 1417 772 supernas,
1434 709 1462 756 et
1477 701 1583 769 multas,
1604 718 1665 774 quae
1683 702 1710 756 in

913 788 993 845 domo
1024 791 1110 845 l'atris
1132 796 1205 860 suut,
1226 790 1391 856 mansiones,
1426 791 1564 848 humiliter
1586 799 1710 863 prostar-

912 887 1009 932 nentes
1031 878 1113 933 corda
1130 886 1218 934 vestra
1229 887 1291 933 aute
1305 878 1432 934 thronum
1444 880 1493 935 Dei
1508 889 1535 935 et
1551 880 1636 952 hgni;
1649 897 1710 936 curn

912 967 1065 1022 reverentia
1090 964 1274 1037 supplicantes
1301 965 1413 1038 singulis
1441 969 1581 1024 oratinibus
1600 969 1711 1040 angelo·

912 1072 980 1123 rurn,
998 1057 1210 1127 patriarcharum
1225 1071 1377 1120 duniacum,
1393 1071 1495 1113 cuncos
1515 1059 1710 1129 prophetarum
1742 1057 1750 1069 '

911 1152 939 1198 ct
953 1159 1076 1200 senatum
1091 1145 1268 1216 apostolicum
1293 1145 1452 1212 salutantes,
1474 1161 1588 1202 coronas
1607 1156 1710 1217 martv-

912 1251 969 1289 rum
985 1234 1165 1306 suspicientes
1179 1233 1321 1306 purpureis
1345 1234 1485 1291 rutilantes
1506 1235 1629 1307 floribus,
1645 1235 1709 1292 red·

912 1323 1017 1378 olentes
1041 1323 1101 1378 liliis
1119 1323 1217 1378 choros
1232 1321 1365 1394 virginum
1381 1323 1554 1392 admirantes,
1571 1331 1653 1397 atquc
1674 1324 1708 1378 ad

912 1410 1067 1466 mellillnum
1083 1410 1145 1466 novi
1166 1410 1263 1467 cantici
1286 1427 1394 1480 sonum,
1425 1421 1554 1484 qnantum
1582 1411 1710 1484 prevalet

913 1498 1052 1555 infirmitas
1066 1501 1166 1566 cordis,
1187 1499 1325 1570 erigentes
1350 1499 1480 1554 auditum.
1496 1502 1557 1558 lloec
1580 1502 1711 1557 recordo·

914 1593 959 1644 tus
973 1606 1036 1647 surra
1051 1590 1199 1660 (Propheta
1209 1587 1327 1659 loquitur
1337 1589 1421 1661 [olias
1431 1589 1548 1645 additor
1562 1587 1708 1661 Damnioi),

55 1676 176 1730 videatis
200 1677 493 1750 exsttltationenr‚quae
522 1687 634 1734 ventura
673 1688 715 1735 cst
738 1679 815 1735 vobis
843 1671 1263 1749 aBetessudiinmecairncm
1273 1675 1711 1747 mearaouaetooonomaoa-

55 1765 187 1819 Domino.
913 1768 970 1823 sibe
986 1770 1018 1823 ia
1030 1750 1119 1822 locam
1135 1767 1311 1823 ratorracoli'
1324 1765 1501 1822 admirabilia
1515 1782 1601 1840 usquc
1610 1765 1647 1821 od
1661 1767 1709 1822 do·
1739 1827 1742 1830 ,

92 1858 121 1908 8.
143 1855 205 1909 Non
233 1854 267 1910 sit
300 1855 441 1911 molestum
467 1857 552 1919 robis,
581 1858 705 1922 obsecro,
734 1858 805 1929 quod
831 1858 857 1912 in
913 1870 992 1910 mum
1003 1853 1275 1924 DcitPscl.xar,5).
1294 1851 1707 1923 Etitem:ldcraorsai,inquit,

56 1951 155 1998 monte
182 1943 233 1998 boc
256 1943 401 2015 aliquando
425 1945 525 2001 diutius
544 1946 718 2002 immoramur
736 1948 857 2019 :poteri·
912 1944 1250 2010 Dci‚etdclectotassnrn
1261 1942 1348 2013 (Psoi.
1361 1954 1457 2007 cxxvi,
1474 1942 1514 2011 l).
1529 1943 1616 2008 Quem
1631 1940 1708 1996 vido-

59 2032 211 2087 musenim
236 2041 351 2087 caeteros
367 2033 537 2091 festinantius
551 2036 728 2106 pertransire.
745 2036 857 2092 Verum·
913 2031 1113 2102 tunlap0510¹h
1129 2030 1194 2086 lidii
1209 2039 1236 2086 01
1259 2031 1321 2097 1⁵¹⁶,
1346 2045 1398 2085 ¹¹8⁰
1419 2028 1550 2095 dissimili,
1580 2036 1610 2084 ¹1¹
1635 2028 1709 2082 afhl-

53 2130 151 2176 tamen
178 2119 205 2175 in
225 2121 277 2176 isto
305 2138 385 2192 ‹pucm
429 2138 483 2178 non
508 2123 626 2178 detincat
659 2125 794 2181 sententia
813 2124 856 2180 illa
913 2127 978 2184 tior,
1006 2119 1108 2175 visione
1129 2137 1135 2174 τ
1153 2119 1203 2174 nisi
1227 2120 1301 2192 qnod
1324 2118 1463 2190 spirimalc
1493 2125 1577 2173 toturn
1615 2116 1709 2172 habuit

54 2208 145 2264 sancti
160 2209 242 2273 Petri,
259 2226 339 2280 quam
363 2211 390 2265 in
416 2226 448 2266 eo
476 2212 596 2282 protulit,
613 2220 642 2268 et
666 2214 700 2268 de
724 2229 776 2268 eo:
801 2217 855 2270 Do.
912 2207 992 2277 hujus
1007 2207 1082 2274 visio,
1098 2223 1259 2278 corporeum
1275 2207 1349 2262 nihil.
1366 2206 1483 2263 Omnino
1499 2221 1553 2262 non
1569 2205 1708 2262 viditeum

55 2296 291 2369 ruinainquiens,
302 2299 403 2355 borium
416 2304 459 2357 est
469 2317 518 2356 nos
529 2301 659 2359 hiccsse?
669 2301 854 2371 (Malthace,
911 2295 981 2351 sicul
993 2296 1017 2350 is
1031 2296 1077 2367 qni
1091 2295 1215 2352 dicebat:
1234 2297 1356 2353 Vidimus
1367 2314 1444 2366 cam,
1460 2301 1488 2354 ot
1503 2313 1561 2352 aon
1576 2298 1640 2352 oroi
1663 2295 1709 2351 illi

55 2388 97 2453 i.)
122 2386 191 2453 Quid
207 2387 280 2442 enim
300 2396 354 2443 tam
370 2389 470 2444 bonurn
485 2397 537 2458 est,
554 2390 608 2445 imo
624 2389 858 2461 quidaliudvidc-
911 2387 1013 2459 speeies
1036 2402 1123 2459 cepoe
1143 2387 1224 2446 decor
1254 2388 1320 2455 (lca.
1336 2401 1393 2454 altr,
1411 2391 1448 2452 2).
1477 2384 1709 2457 Transfiguratnm

58 2482 102 2529 tur
118 2475 229 2542 bonum,
245 2490 325 2547 quam
342 2475 369 2531 in
386 2476 595 2532 bonisauimam
611 2477 758 2543 demorari,
773 2493 857 2549 quau·
911 2475 1004 2544 procul
1031 2475 1113 2533 dubio
1142 2473 1208 2533 vidit
1232 2486 1260 2531 et
1283 2475 1437 2548 speciosum
1466 2474 1552 2530 lomna
1575 2489 1632 2544 pree
1648 2472 1709 2527 tiliis

54 2562 419 2636 doquidemadhuccorpns
434 2566 613 2638 nonpotestl
629 2568 781 2638 Putoquod
796 2568 857 2636 ojus
911 2563 1060 2630 bominum,
1088 2565 1134 2636 qui
1161 2565 1325 2621 delectatum
1346 2581 1375 2620 se
1404 2564 1539 2636 perhibet,
1583 2562 1650 2617 sicut
1681 2570 1709 2618 et

54 2652 104 2724 qui
130 2652 337 2725 ingrediebatur
363 2652 493 2710 inlocum
509 2653 675 2710 tabernaculi
690 2654 856 2711 admirabilis
911 2652 1044 2724 apostoli:
1061 2656 1169 2711 Donum
1182 2657 1233 2721 est,
1245 2653 1371 2726 inquiunt
1379 2653 1506 2719 Domino,
1517 2668 1567 2710 aas
1583 2652 1626 2707 laic
1640 2667 1707 2707 esse.

53 2758 145 2812 usquc
160 2741 194 2796 ad
209 2742 317 2798 domum
334 2743 427 2810 Dei,in
442 2758 508 2799 voce
524 2742 711 2800 exsultationis
725 2742 807 2800 991
829 2752 857 2800 et
911 2746 946 2799 Et
969 2751 998 2798 ut
1021 2742 1086 2798 nihil
1101 2741 1172 2798 desit
1186 2742 1332 2813 propositae
1346 2740 1524 2810 similitudini,
1541 2740 1580 2796 illi
1599 2740 1709 2812 quidem

55 2829 245 2898 confessionis,
275 2847 357 2887 sonus
389 2831 716 2903 epulantislucritss'sal.
734 2836 853 2903 xa1,5):
910 2833 990 2905 proni
1012 2832 1143 2888 cecidisse
1158 2832 1284 2906 leguntur
1299 2832 1411 2902 (natat.
1436 2845 1503 2898 xvir,
1521 2833 1560 2902 6),
1577 2831 1621 2886 hic
1642 2845 1709 2885 vero

56 2923 168 2977 Dorsum
182 2925 224 2979 est
238 2937 289 2976 nos
305 2921 349 2976 hir
364 2937 430 2977 osse.
447 2920 514 2990 Quis
528 2921 600 2976 enirn
616 2938 649 2977 ex
662 2923 739 2978 vobis
763 2937 855 2977 secum
912 2939 990 2979 suurn
1017 2922 1117 2976 latetur
1142 2921 1266 2991 spiritum
1297 2920 1432 2976 defecisse
1447 2921 1534 2989 (Psoi.
1553 2933 1652 2985 sxuvt,
1670 2920 1706 2986 d).

56 3008 182 3081 cogitans
211 3009 326 3063 futuram
343 3008 415 3062 illam
444 3008 537 3074 vitam,
568 3010 616 3064 sed
649 3009 779 3078 letitiam,
807 3011 856 3066 sed
912 3011 998 3082 Quam
1027 3024 1125 3082 magna
1153 3008 1293 3063 multitudo
1321 3006 1473 3062 dulcedinis
1489 3015 1552 3071 tuae,
1578 3005 1705 3072 Domine,

55 3095 263 3165 jucunditatem,
289 3096 337 3152 sed
361 3096 567 3162 beatitudiuem,
588 3099 635 3153 scd
650 3098 762 3169 gloriam
786 3097 854 3154 lilio·
911 3116 992 3174 «ruam
1021 3095 1185 3153 abscondisti
1210 3097 1366 3151 timentibus
1381 3096 1427 3150 te!
1452 3093 1641 3149 ascendentes
1655 3093 1708 3167 igi·

59 3201 118 3239 rum
132 3184 200 3239 Dei:
218 3184 426 3257 quis,inqnam,
445 3186 507 3239 talia
524 3185 856 3257 tranquillasecumcou·
912 3198 954 3244 tur
978 3188 1006 3243 in
1035 3189 1106 3242 lrunc
1135 3196 1265 3255 montem,
1291 3193 1318 3240 et
1348 3183 1468 3240 revelata
1495 3182 1564 3238 lacie
1592 3181 1707 3253 gloriam

57 3271 172 3327 edentia
182 3273 304 3341 volvens,
321 3289 375 3329 non
387 3273 515 3330 continuo
529 3275 563 3328 de
573 3274 742 3346 plenitudide
753 3275 855 3329 intirnm
911 3276 1015 3333 Domini
1045 3276 1226 3347 speculantes,
1256 3273 1327 3328 haud
1355 3272 1466 3328 dubium
1499 3271 1566 3342 quin
1589 3269 1707 3326 clanrare

56 3360 197 3417 suavitatis
210 3369 323 3427 eructat,
342 3363 468 3427 Dareine,
484 3363 587 3419 horizon
604 3369 703 3420 rrosest
719 3363 856 3420 laicessc?
911 3365 1033 3421 habeatis
1047 3374 1074 3420 et
1088 3379 1154 3420 vos:
1170 3363 1257 3417 Traltc
1273 3379 1323 3418 nos
1337 3369 1397 3434 post
1418 3370 1453 3416 te.
1471 3359 1539 3428 Quid
1555 3359 1627 3415 enirn
1642 3373 1708 3428 pro·

55 3449 118 3505 Non
144 3465 210 3505 saue
239 3450 267 3504 iu
294 3452 344 3506 hac
368 3466 521 3506 aerumnosa
548 3452 778 3524 peregrinatione,
808 3451 855 3507 ubi
910 3454 1122 3525 destscirequo
1138 3450 1460 3523 siteundum,siquidem
1476 3448 1646 3520 ‹guadebeas
1668 3447 1708 3502 irc

55 3555 175 3610 corpore
206 3540 351 3609 detinetur,
381 3539 431 3598 sed
459 3540 488 3596 iu
515 3542 591 3596 suavi
619 3557 650 3597 ac
682 3541 782 3597 salubri
809 3541 855 3596 illa
910 3541 1112 3599 nuntiaveris?

55 3629 234 3704 cogitatione,
249 3631 342 3703 inqua
356 3631 440 3689 corde
454 3639 595 3688 versatur:
616 3633 681 3702 Quis
696 3633 855 3690 milaidnbit
948 3628 1257 3701 tonlterumpoinde
1286 3638 1406 3683 orontem
1433 3624 1566 3682 ascendas
1592 3641 1708 3680 necesse

54 3732 167 3791 pennos
184 3720 259 3777 sicat
279 3719 426 3791 colcariae,
440 3725 467 3776 ct
480 3719 586 3785 notabo,
609 3725 637 3776 et
662 3721 856 3794 requiescam?
911 3732 961 3792 est,
974 3721 1001 3776 iu
1014 3718 1079 3793 'quo
1095 3717 1289 3789 praedicantem
1306 3717 1410 3784 audias,
1427 3716 1527 3771 scalam
1552 3712 1707 3783 erigentem

55 3808 145 3873 (Psoi.
168 3823 223 3871 arv,
240 3809 280 3876 7.)
297 3808 465 3874 vosautem,
483 3807 687 3874 liliihominum,
705 3806 855 3863 hliihomi·-
910 3819 971 3866 octo
999 3808 1152 3864 distinctam
1181 3804 1339 3872 scalaribus,
1366 3805 1444 3874 cnjus
1466 3800 1607 3858 summitas
1621 3800 1706 3857 caelos

55 3895 99 3950 uis
126 3895 174 3967 qui
197 3897 338 3952 descendat
367 3899 401 3952 dc
428 3897 579 3953 Jerusalem
607 3896 634 3951 in
661 3897 778 3964 iericho,
809 3896 855 3950 filii
911 3899 1005 3971 tangit.
1022 3899 1100 3955 ltaoti
1123 3897 1171 3969 pai
1183 3893 1409 3966 persecutionem
1422 3894 1708 3966 pretianturpropter

57 3984 206 4049 hominum,
224 4002 366 4059 usquequo
380 3987 456 4061 gravi
475 3985 579 4043 corde?
595 3988 741 4042 ascendite
755 3987 788 4041 ad
808 4004 856 4044 cor
910 3990 1065 4058 iristitiam,
1080 3983 1215 4058 panariam
1229 3985 1355 4056 ipsorum
1370 3988 1411 4042 est
1422 4000 1542 4054 rapacum
1556 3985 1706 4039 saloriam.

56 4074 152 4138 altum,
172 4081 201 4129 et
223 4075 384 4131 exaltabitur
409 4078 481 4131 Deus
506 4078 594 4145 (Psoi.
610 4092 688 4142 uuirt,
706 4079 732 4142 7,
749 4082 787 4141 8).
807 4077 856 4134 llic
908 4079 968 4132 iam
983 4077 1005 4131 si
1020 4077 1135 4147 primum
1149 4073 1307 4131 ascenderis
1318 4081 1440 4128 montem
1455 4070 1512 4141 jugi
1533 4069 1707 4126 meditatione

56 4173 100 4220 est
121 4164 196 4220 enirn
223 4180 309 4230 inens,
338 4164 365 4220 in
394 4181 448 4238 quo
489 4165 695 4240 transfiguratur
721 4167 853 4224 Christus.
910 4181 1037 4237 superma
1049 4164 1154 4237 gloriae,
1170 4165 1249 4220 istum
1265 4160 1442 4217 nihilominus
1465 4167 1585 4215 montem
1609 4174 1708 4212 ascen·

56 4253 213 4316 ascendite,
244 4262 270 4308 ct
298 4253 389 4309 scietis
414 4254 540 4325 quorriam
572 4255 702 4310 Dominus
726 4256 854 4310 Sancttnn
910 4255 975 4310 dere
991 4271 1045 4310 non
1059 4254 1226 4326 gravaberis,
1242 4262 1271 4309 ut
1286 4253 1311 4306 in
1326 4251 1389 4323 lage
1400 4267 1463 4320 epus
1493 4249 1631 4304 mediteris
1659 4247 1704 4301 die

56 4360 135 4399 suum
151 4342 311 4398 mirificavit.
910 4361 942 4401 ac
964 4344 1065 4402 nectet
1081 4345 1148 4400 sicut
1163 4344 1234 4398 idem
1250 4343 1383 4413 Propheta
1398 4356 1453 4395 nort
1478 4339 1565 4395 sotum
1590 4336 1706 4391 saredita-

93 4435 119 4486 9.
137 4429 259 4487 Obsecro
273 4448 330 4499 vos,
347 4431 444 4487 fratres
459 4433 521 4497 mei,
540 4449 596 4489 nou
609 4440 757 4504 graventur
773 4434 856 4488 corda
910 4438 988 4491 batur
1007 4434 1035 4489 iu
1059 4432 1185 4505 praemiis,
1202 4432 1251 4486 sed
1267 4441 1294 4486 et
1307 4431 1335 4485 iu
1358 4427 1491 4484 mandatis
1515 4424 1621 4482 Domini
1645 4441 1707 4496 quae

56 4519 191 4576 vestrain
212 4520 285 4575 curis
311 4520 505 4588 sacularibns;
533 4537 596 4576 nam
625 4523 660 4576 de
689 4521 800 4593 crapula
828 4528 856 4578 et
910 4522 1102 4591 dilexit(l’sol.
1119 4535 1217 4584 cxviii,
1235 4519 1291 4588 di).
1320 4518 1363 4574 Sic
1396 4517 1470 4572 enirn
1493 4515 1630 4572 audiesct
1655 4521 1703 4567 tu:

55 4607 190 4665 ebrietate
217 4609 329 4680 (gratias
358 4612 427 4682 Deo)
465 4625 519 4666 non
549 4628 715 4683 magnopere
743 4628 856 4668 neccsse
911 4616 944 4669 Et
959 4627 1014 4684 qao
1037 4626 1109 4675 com,
1130 4609 1219 4671 scitis,
1236 4616 1348 4677 proptor
1368 4603 1558 4660 ascensionem
1572 4603 1707 4672 primam;

56 4697 148 4753 habeo
173 4714 223 4753 vos
247 4699 406 4754 admonere.
438 4701 601 4767 llxonerate,
629 4702 755 4766 obsecro,
774 4702 857 4758 corda
909 4699 1224 4767 etoiomscitistlonu.
1246 4710 1307 4759 xtv,
1338 4696 1375 4761 a),
1411 4699 1523 4763 propter
1551 4689 1708 4746 secundam.

56 4794 149 4842 vestra
162 4788 238 4858 gravi
254 4788 324 4843 mole
340 4793 509 4844 terrenarum
530 4790 732 4860 cogitationum,
749 4797 778 4844 ut
789 4789 856 4846 scia·
910 4794 1057 4860 Propterea
1070 4786 1097 4841 in
1112 4786 1194 4842 corde
1209 4794 1254 4840 tuo
1278 4800 1349 4855 ponc
1376 4781 1446 4838 viam
1475 4778 1596 4835 veritatis
1622 4777 1709 4850 inqui·
1765 4808 1773 4815 ·

56 4877 92 4930 tis
115 4875 287 4931 mirificatum
314 4893 330 4930 a
352 4876 463 4932 domiuo
487 4877 616 4933 Sanctum
638 4895 728 4937 suurn.
756 4881 856 4935 levate
910 4896 982 4945 rere,
998 4895 1032 4933 ne
1046 4876 1118 4934 sorte
1133 4875 1170 4931 sis
1182 4875 1216 4930 de
1228 4889 1322 4929 eorum
1333 4886 1447 4928 numero
1458 4870 1503 4941 qui
1514 4868 1583 4925 nam
1594 4866 1709 4923 civitatis

56 4969 242 5025 cordavestra
259 4986 319 5025 cum
338 4971 463 5026 mianibus
476 4971 638 5042 quibusdam
650 4971 854 5043 cogitationum,
909 4966 1054 5024 habitaculi
1078 4981 1132 5021 uon
1159 4963 1331 5019 invenerunt.
1354 4958 1439 5030 blagis
1462 4963 1554 5013 autem
1577 4953 1708 5010 sollicitus

55 5069 85 5116 ut
112 5058 333 5131 transfiguratum
362 5060 506 5115 Dominum
533 5060 656 5115 videatis.
682 5060 806 5115 Formatc
830 5061 856 5117 in
911 5068 969 5115 esto
983 5056 1133 5112 ascendere
1148 5069 1201 5108 non
1217 5052 1298 5107 modo
1313 5048 1477 5123 cogitatione
1492 5044 1708 5104 maceloth

54 5146 187 5202 cordibus
210 5146 307 5203 vestris
330 5165 382 5204 nou
402 5149 483 5203 modo
503 5148 715 5219 patriarcharum
743 5158 771 5202 et
791 5166 856 5219 pro·
909 5147 1013 5219 gloriae,
1030 5145 1079 5200 sod
1095 5155 1123 5199 ct
1137 5142 1429 5210 conversationeque
1443 5133 1708 5210 coelestcmglon'am

56 5239 203 5308 phetarum
218 5237 402 5302 tabernacula,
426 5238 475 5293 sed
490 5253 586 5293 oirrncs
600 5236 697 5291 domus
714 5236 782 5292 illius
801 5255 858 5293 carr·
911 5243 1057 5294 mercatur.

56 5325 133 5385 lestis
161 5327 324 5399 multiplices
353 5327 509 5384 mansiones
536 5327 685 5383 secundum
714 5342 786 5398 eum,
811 5330 856 5399 qui
947 5331 991 5382 ll.
1011 5322 1132 5381 Tertium
1147 5318 1320 5376 nihilominus
1342 5323 1463 5373 montem
1486 5315 1557 5388 lego,
1575 5314 1604 5368 in
1627 5327 1708 5383 quem

55 5418 189 5475 circuibat
210 5417 353 5475 immolans
366 5417 394 5473 in
418 5418 591 5474 tabernaculo
614 5415 720 5472 Domini
736 5398 855 5474 ⁸liostiam
911 5413 1031 5481 ascendit
1059 5410 1133 5466 solus
1159 5424 1237 5464 orare
1258 5406 1369 5477 (nacta.
1385 5422 1450 5472 arv,
1466 5403 1521 5476 23).
1548 5402 1628 5458 Vides
1641 5416 1708 5477 ergo

55 5505 269 5571 vociferationis,
302 5513 424 5573 mutans
450 5513 477 5561 et
503 5504 634 5576 psalmam
658 5504 733 5561 illum
761 5504 856 5562 dicans
912 5519 993 5578 quara
1012 5501 1082 5559 benc
1096 5513 1198 5572 sponsa
1214 5496 1241 5552 in
1262 5494 1395 5553 canticis:
1414 5497 1490 5557 dccc,
1520 5490 1607 5565 iuquit
1631 5493 1709 5550 accit
