3734 5948
41 259 111 320 ’Μ
543 244 547 251 ’
691 239 865 314 belbellus
882 249 916 312 tlt
934 247 1083 312 olibel„
1650 252 1705 313 stt

56 381 216 439 fertiliorem
243 395 348 453 ugrum.
371 379 543 436 Festiuemns
562 385 592 434 ut
619 377 773 435 habitemus
788 376 849 433 sine
905 373 1009 429 hebes:
1026 376 1062 431 et
1074 374 1155 432 valde
1168 384 1253 432 morte
1267 389 1325 431 οπο
1340 375 1517 434 sabbatorum
1530 376 1651 435 ueniunt
1668 375 1704 433 cd

55 483 142 538 metu,
157 470 323 528 abundemus
350 471 409 525 siue
422 466 538 533 delectu,
558 468 698 540 epulemur
724 466 783 524 sine
805 465 850 522 ia·
906 465 1124 519 monumentum
1138 467 1200 520 orto
1207 464 1272 535 jum
1287 461 1345 519 sote
1364 463 1460 532 (llere.
1477 477 1537 528 xrt,
1548 463 1587 534 2).
1607 463 1704 521 Annon

56 561 149 618 etidic.
166 560 206 615 Tu
216 561 298 624 enim,
314 557 428 615 bomine
440 558 562 623 sabaotb,
582 557 628 628 qui
643 572 705 612 cnm
720 555 853 626 tranquil·
908 566 988 606 mune
1016 551 1076 621 icit,
1101 551 1211 620 quando
1230 561 1305 608 ortus
1328 560 1370 605 est
1391 549 1466 607 Soli
1493 550 1590 607 Attulit
1612 559 1704 608 eutem

55 649 130 705 litate
154 648 259 718 judicas
281 647 383 715 omniu,
417 646 498 703 etiem
519 660 582 703 cum
604 645 748 702 securitate
775 658 854 716 aeque
908 653 1010 694 nevum
1037 639 1072 694 dc
1102 639 1300 697 resurrectione
1318 638 1462 707 decorem,
1490 646 1517 695 et
1539 637 1704 695 sereniorem

56 739 147 795 omnia
162 737 198 792 ibi
212 736 311 810 pascis.
323 737 398 792 ldem
413 736 472 807 ipsc
487 742 514 788 et
531 734 661 790 Dominus
674 733 852 799 exercituum,
908 726 989 805 solito
1011 727 1109 793 lucem,
1128 726 1256 799 quonium
1277 725 1328 782 etsi
1342 741 1508 784 noveramus.
1522 741 1584 781 rum
1604 741 1705 782 secun·

55 834 85 881 et
99 837 189 897 pastor
203 826 307 883 ovium.
327 826 401 897 Ergo
416 832 442 881 et
456 823 554 895 pascis,
576 830 603 878 et
631 823 715 879 cubes
743 821 852 894 puriter,
908 816 971 870 dum
985 816 1170 885 carnem,sed
1194 815 1337 886 nunciam
1361 815 1556 871 consevimus
1582 815 1624 882 ill
1642 815 1705 873 Gor.

55 917 104 971 sed
116 930 170 971 nen
180 916 235 970 bio.
252 912 373 985 Denique
387 912 477 970 stabm
490 927 583 967 cum-e
596 912 666 968 coelo
684 910 854 983 prospiceres
907 917 934 969 l,
951 905 1007 974 16)-
1024 905 1072 960 Est
1086 905 1217 976 scriptum
1230 905 1257 960 itt
1269 905 1403 969 Propheta
1418 921 1426 959 t
1449 906 1582 962 decorem
1595 903 1704 970 induit,

55 1017 138 1060 unam
155 1020 189 1059 ex
213 1002 266 1058 tuis
281 1001 395 1058 oviculis
411 1001 591 1072 (Stepbennm
612 999 721 1073 loquor)
743 1015 757 1052 e
781 998 853 1069 lupis
907 992 1223 1064 induitscrtt'tudirtem,
1234 997 1264 1049 et
1276 995 1433 1066 praecinuit
1447 994 1572 1065 sewini.
1585 991 1704 1064 xctt,l):

53 1091 311 1162 circumdarisuper
325 1101 421 1147 terram
435 1089 636 1159 (lebunii).
652 1089 687 1144 Et
701 1096 852 1158 propterca,
907 1080 979 1150 qued
994 1080 1082 1135 cernis
1101 1079 1218 1146 iniimus,
1252 1088 1377 1153 tanquam
1401 1080 1493 1138 nubila
1516 1081 1639 1153 quaedam
1663 1094 1707 1137 cx·

55 1194 158 1252 queso,
171 1179 265 1236 indica
273 1178 348 1234 miii
360 1177 523 1250 quippme,
535 1174 852 1242 uiieeieiinmmdie3
907 1167 1031 1233 cosses-it,
1046 1169 1143 1224 stolam
1159 1168 1253 1241 glorie
1273 1169 1398 1234 induens,
1425 1169 1496 1225 Sane
1523 1179 1622 1224 extunc
1649 1167 1707 1223 ele-

34 1268 107 1324 -iioe
120 1275 162 1324 est
175 1276 230 1322 tots
239 1267 308 1321 die:
327 1268 428 1322 etenim
442 1265 488 1320 illa
500 1263 631 1320 meridies
648 1271 705 1320 tota
728 1269 771 1316 est
785 1262 853 1327 dies,
908 1264 986 1310 vatus
1004 1254 1118 1322 estScl,
1149 1263 1177 1310 et
1204 1256 1304 1311 scissim
1336 1256 1447 1313 demum
1476 1255 1612 1312 dilludene
1640 1270 1707 1312 sues

55 1364 84 1411 et
99 1357 158 1427 ipsa
176 1355 301 1411 nesciens
312 1368 472 1425 uesperum.
496 1352 529 1407 lit
544 1350 606 1407 ideo
621 1351 719 1407 melior
735 1349 793 1405 cies
809 1348 856 1404 illa
909 1343 999 1400 redies
1018 1359 1102 1415 super
1121 1352 1229 1411 terram,
1248 1345 1328 1416 ctepit
1344 1345 1468 1416 paulatim
1488 1346 1590 1419 ubique
1609 1343 1708 1403 clarior

56 1440 84 1496 in
99 1442 174 1497 atriis
190 1441 242 1496 tois
255 1457 339 1510 super
361 1441 447 1496 millia
461 1440 549 1512 (Ptol.
571 1452 693 1507 usnxttt,
705 1438 764 1506 tl),
789 1436 855 1508 quie
909 1447 1049 1505 apparere,
1066 1433 1248 1506 fervidiorque
1262 1433 1370 1490 sentiri.
1393 1435 1490 1490 Verum
1509 1433 1708 1504 quantumlibet

56 1532 142 1586 nescit
156 1545 294 1586 occasum.
307 1529 343 1586 tt
356 1529 516 1586 matutinum
537 1528 659 1585 icrsitem
670 1526 774 1592 babuit,
792 1540 853 1581 cnm
908 1511 1053 1576 incalescet
1073 1528 1101 1576 et
1119 1521 1277 1590 invalescet,
1295 1520 1450 1592 multiplicet
1465 1531 1494 1576 et
1511 1521 1603 1577 dilatet
1617 1518 1707 1575 radios

56 1619 174 1690 primum
201 1620 323 1677 videlicet
349 1619 409 1677 dies
437 1618 620 1675 sanctificatus
646 1617 736 1673 illuxit
765 1615 853 1680 nobis,
909 1623 974 1663 suos
986 1625 1034 1679 per
1047 1622 1143 1665 omnes
1164 1609 1247 1678 bujus
1261 1621 1361 1665 nostrie
1390 1607 1560 1664 mort-citetis
1581 1606 1707 1664 curmess-

37 1742 43 1751 ·
57 1708 219 1776 perviscera
233 1707 329 1780 utiquc
348 1707 539 1764 misericordie
548 1707 596 1761 Dei
608 1705 742 1776 uostri,‘in
755 1703 856 1776 quibus
871 1705 894 1783 B
909 1698 966 1752 lum
982 1695 1045 1769 (erit
1066 1697 1140 1753 enim
1163 1697 1303 1754 nobiscum
1317 1713 1406 1770 usque
1432 1697 1466 1752 ad
1494 1694 1707 1752 cousummatio-

57 1794 174 1851 visitavit
188 1795 345 1854 nonriens
357 1813 392 1853 ex
406 1796 459 1853 alte
474 1798 554 1862 ilco.
574 1810 594 1864 t,
616 1795 674 1865 tu).
699 1792 769 1849 Vere
791 1799 856 1847 tunc
910 1807 969 1847 nem
986 1791 1078 1848 saeculi
1091 1792 1203 1864 (fluitis.
1216 1807 1318 1859 xxvttr,
1335 1793 1381 1861 2⁰)
1399 1809 1407 1857 ι
1422 1807 1477 1850 ηοη
1492 1799 1583 1848 tamen
1598 1792 1633 1847 ad
1644 1805 1706 1846 me-

57 1875 234 1944 mmimus.
262 1878 344 1942 ⁰0¹¹&
375 1875 586 1933 misericordiam
614 1883 685 1930 illem
711 1872 739 1928 ln
766 1871 856 1927 Μίθ
910 1880 1042 1936 ridianum
1057 1881 1196 1953 perveniet
1210 1882 1370 1949 lumen,neo
1384 1883 1410 1936 in
1425 1881 1471 1937 illa
1484 1882 1526 1936 sni
1542 1880 1708 1952 plenitudine

58 1963 151 2034 templi
170 1965 208 2019 tui
222 1966 311 2036 (Prot.
328 1981 417 2033 xevtt,
434 1965 490 2037 lo),
511 1980 573 2020 tum
589 1962 617 2017 in
647 1961 738 2017 111θᾶἰο
752 1961 856 2016 umbrae
910 1969 1046 2025 ridebitur
1064 1974 1159 2042 medo,
1173 1970 1200 2025 in
1216 1985 1271 2040 que
1284 1969 1418 2026 videndus
1432 1976 1474 2025 est
1493 1977 1598 2041 postea,
1614 1969 1649 2024 ab
1663 1968 1708 2023 bie

58 2051 154 2107 mortis
168 2060 280 2107 exortus
294 2053 417 2109 matutini
431 2053 476 2108 lux
489 2061 548 2109 orta
566 2061 608 2107 est
622 2051 712 2117 nobis,
736 2059 763 2106 et
776 2064 856 2105 mane
909 2058 1048 2128 duntaxat,
1063 2074 1134 2130 quos
1152 2060 1204 2115 iiie
1222 2058 1326 2114 visione
1341 2058 1401 2129 ipss
1419 2057 1585 2128 dignabitur.
1604 2055 1629 2113 0
1642 2069 1708 2112 vero

56 2139 174 2194 Vidimffl
190 2140 305 2210 8¹⁰th
328 2141 445 2198 mmini-
467 2139 856 2211 01121121l⁰ite⁸⁴³¹lll⁰lhl³lle
911 2145 1050 2213 meridies,
1071 2146 1212 2218 plenitudo
1234 2144 1350 2203 terroris
1373 2153 1400 2200 et
1425 2144 1504 2211 lucis,
1526 2143 1592 2199 solis
1614 2142 1705 2211 stelio,

57 2228 200 2284 voluerunt
213 2230 316 2295 sidere,
331 2240 357 2286 et
372 2229 582 2286 convicerunt?
596 2226 711 2296 Querei
727 2227 778 2283 nisi
793 2227 857 2298 quia
911 2232 1065 2288 umbrarum
1092 2233 1290 2299 exterminatio,
1316 2232 1460 2290 desiccatio
1479 2231 1618 2304 paludum,
1632 2231 1708 2289 leto·

57 2330 110 2372 ⁰⁰¹
123 2326 224 2384 eret,et
235 2317 350 2375 necdum
366 2325 477 2374 venerat
491 2318 556 2372 illud
569 2324 753 2388 exspectatum
764 2331 856 2386 mane,
911 2335 972 2377 rum
993 2319 1117 2390 depulsio
1134 2307 1145 2376 1Ι
1166 2320 1190 2379 0
1214 2336 1333 2393 perenne
1346 2321 1500 2387 solstitium,
1517 2319 1626 2392 quando
1650 2320 1706 2389 iarn

55 2402 101 2460 oui
119 2403 207 2460 luerat
226 2405 389 2476 repromisse
406 2405 618 2462 misericordis?
643 2404 721 2460 Unde
745 2413 772 2460 et
793 2418 856 2459 ore·
910 2423 965 2463 nou
980 2408 1152 2466 inclinabitur
1164 2408 1240 2466 dteel
1258 2426 1275 2467 c
1297 2411 1385 2467 lumen
1400 2410 1589 2476 meridianum,
1608 2423 1708 2464 orer-

56 2491 103 2547 bat
117 2492 177 2564 quis
190 2493 294 2563 dicens,
309 2496 444 2552 Auditum
457 2500 505 2568 sco
518 2493 856 2552 mihimeuemicert'cer·
910 2496 980 2553 nelis
1000 2500 1154 2570 temperies,
1178 2514 1195 2556 c
1219 2499 1313 2556 estiva
1331 2505 1471 2565 venustas,
1495 2515 1513 2556 o
1540 2496 1707 2554 sutumnalis

56 2580 136 2636 diem
147 2585 238 2648 tuom,
253 2584 320 2655 quic
331 2585 364 2640 t'rt
383 2588 411 2642 tc
424 2585 537 2657 sper-coi
558 2584 648 2653 (Ptol.
662 2595 751 2647 cnut,
762 2581 802 2652 8).
910 2585 1022 2641 ubertus
1038 2601 1044 2641 :
1059 2594 1096 2656 et,
1122 2602 1156 2642 nc
1170 2587 1236 2659 quid
1252 2587 1345 2642 videar
1367 2586 1540 2659 precepisse,
1560 2585 1668 2658 cquiee
1682 2592 1709 2640 et

93 2671 122 2724 b.
136 2668 198 2725 Fuit
215 2685 333 2743 numque
355 2674 480 2747 quasdam
510 2673 591 2741 hujus
617 2685 717 2728 surore
743 2667 857 2733 dicier
909 2672 1016 2730 feriatio
1035 2673 1180 2732 biemelisl
1200 2674 1349 2742 Autcerte,
1366 2674 1390 2731 si
1411 2677 1463 2731 boc
1485 2673 1573 2747 magis
1597 2673 1705 2745 probes,

56 2771 112 2828 quo
126 2756 168 2812 sol
178 2757 292 2826 justitioe
306 2776 354 2831 per
367 2759 562 2833 archangelum
575 2759 729 2816 Gabrielem
743 2757 854 2813 nuntia·
910 2761 970 2816 sola
984 2769 1048 2819 tunc
1068 2763 1157 2819 hiems
1171 2764 1237 2819 abiit
1250 2775 1278 2820 et
1300 2764 1421 2820 recessit.
1450 2764 1526 2820 llune
1548 2764 1648 2830 locum,
1661 2762 1707 2818 in-

57 2848 103 2900 tus
116 2855 157 2901 est
170 2840 261 2912 terris,
275 2855 301 2903 et
323 2849 408 2918 Virgo
428 2850 513 2906 Deum
538 2850 659 2904 inurere
692 2847 727 2904 de
753 2845 856 2918 Spiritu
910 2848 978 2920 quit,
993 2857 1075 2907 tonte
1087 2851 1215 2907 claritatis
1235 2859 1262 2907 et
1276 2852 1350 2923 pacis
1372 2861 1399 2908 et
1420 2851 1598 2922 plenitudinis
1618 2849 1707 2907 indice

56 2940 152 2989 anneto
171 2934 296 3004 concepit
317 2933 433 2994 1889
444 2947 473 2994 οι
499 2939 605 3008 peperit
619 2936 712 3008 Virgo,
727 2950 760 2992 ac
773 2934 855 2990 dein·
909 2936 985 3006 milri,
1000 2945 1032 2993 nt
1056 2940 1285 3011 quemadmodum
1311 2940 1398 2996 lecob
1425 2941 1514 2996 edbuc
1536 2941 1564 2994 in
1592 2953 1707 3011 corpore

58 3035 133 3090 ceps,
148 3022 237 3094 quood
252 3022 279 3077 in
297 3024 377 3080 terris
395 3023 471 3081 risus
497 3033 549 3095 est,
564 3031 592 3080 et
617 3040 678 3081 cum
705 3002 894 3083 bominibuec
910 3040 1022 3081 manens
1047 3029 1114 3081 sidit
1134 3028 1279 3083 Dominum
1306 3026 1376 3083 facie
1398 3027 1431 3082 ad
1454 3027 1562 3096 facicm,
1579 3034 1607 3083 et
1631 3026 1705 3081 selva

57 3120 232 3166 conversatus
247 3120 300 3167 est.
315 3113 382 3168 Nam
396 3130 483 3186 usque
497 3113 567 3170 adeo
586 3129 635 3185 per
644 3120 730 3169 totum
744 3111 773 3167 id
787 3117 856 3167 tem·
909 3113 980 3170 lactc
994 3123 1034 3169 est
1056 3115 1147 3169 enims
1169 3117 1228 3185 ejus
1255 3115 1337 3186 chrt.
1362 3129 1454 3184 xtxn,
1478 3117 1542 3185 3θ);
1561 3115 1602 3170 sel
1631 3121 1706 3171 certe

59 3199 192 3269 porislut
218 3201 324 3271 pusilla,
349 3212 375 3258 et
402 3209 530 3276 tanquam
556 3204 601 3258 lut
626 3217 721 3258 revers
751 3214 856 3256 aurcroe
909 3205 979 3262 sicut
989 3207 1095 3274 lloysee
1109 3204 1178 3260 vidit
1190 3203 1321 3273 cumpton
1332 3205 1486 3277 peritiores
1496 3216 1538 3261 est
1548 3204 1704 3278 enigmate,

58 3288 193 3360 apparuit,
208 3297 237 3345 ut
250 3290 322 3347 diem
336 3307 398 3348 esse
412 3292 521 3347 interim
544 3290 615 3363 apud
636 3288 763 3346 homines
786 3303 857 3360 pene
910 3308 959 3349 sen
977 3294 1211 3365 persomnie,uti
1229 3295 1506 3365 prophetantium
1521 3295 1604 3350 modo
1624 3293 1707 3368 plene

59 3377 220 3434 universitas
231 3378 379 3452 ignoraret.
393 3381 548 3452 Deniqueri
563 3380 768 3454 coprtcoisterst,
779 3393 857 3435 cca·
911 3380 1074 3452 precellenti
1101 3392 1182 3454 etque
1207 3382 1348 3454 inexperto
1368 3382 1491 3447 ceteris,
1519 3382 1570 3438 sibi
1591 3389 1657 3437 noto
1678 3389 1704 3437 et

49 3482 146 3538 ,quum
159 3470 313 3524 boninum
325 3469 422 3541 qtcrioe
435 3469 688 3539 emcifiensentil
700 3465 855 3536 cor.u,s),
911 3470 969 3525 Deo
994 3469 1091 3544 (Num,
1115 3487 1169 3535 ιιι,
1192 3471 1273 3543 6-8);
1298 3472 1341 3528 sel
1374 3471 1445 3528 sicut
1465 3471 1549 3527 isaias
1577 3469 1705 3528 revelatis

58 3558 198 3631 Etutique
213 3557 280 3627 ipsis
293 3558 389 3631 paucis
402 3558 543 3630 discipulis
566 3559 729 3617 dicebatur:
757 3556 856 3615 Adbuc
909 3558 997 3615 oeulis
1010 3560 1101 3616 cordis
1118 3558 1183 3616 sicit
1206 3575 1266 3616 eum
1295 3576 1378 3630 snper
1404 3560 1501 3616 solium
1524 3559 1664 3615 excelsum
1677 3566 1706 3614 et

56 3647 205 3702 modicum
217 3648 315 3702 lumea
330 3648 363 3703 t'rt
374 3645 448 3703 cobis
463 3649 598 3717 esttecum
611 3645 770 3716 ttt,3d);ec
783 3643 857 3717 quod
910 3647 1042 3702 elevatum
1069 3648 1136 3718 (lec.
1158 3663 1198 3717 vt,
1214 3648 1261 3720 l);
1290 3649 1337 3703 tel
1357 3650 1437 3703 etism
1456 3648 1593 3719 quomodo
1607 3647 1707 3703 Psulus

58 3741 247 3791 auroraestet
266 3741 294 3789 et
307 3734 425 3801 initium,
445 3733 489 3792 rel
512 3735 604 3807 potius
627 3733 758 3791 indicium
789 3732 855 3804 diei,
910 3743 1003 3803 raptus
1024 3737 1053 3790 in
1076 3734 1231 3807 paradisum
1258 3735 1362 3790 audivit
1385 3734 1468 3790 verba
1499 3732 1650 3790 ineffabilia
1667 3733 1709 3806 (ll

57 3822 123 3877 dum
142 3821 189 3877 Sol
203 3820 291 3879 adbuc
307 3824 483 3880 absconderet
497 3822 588 3879 redies
600 3839 676 3889 auos,
705 3831 732 3878 et
746 3819 857 3877 minime
913 3824 974 3881 Gor.
994 3839 1047 3888 ιη,
1071 3823 1110 3895 d),
1139 3831 1166 3880 ct
1185 3823 1334 3880 Dominum
1349 3839 1429 3880 snum
1456 3823 1550 3879 lesum
1568 3822 1705 3880 Christum

59 3927 108 3967 eos
117 3919 257 3984 spergeret
271 3927 354 3982 super
368 3920 479 3968 terrem.
496 3912 597 3967 Paulus
615 3925 725 3982 qnoque
738 3909 854 3973 dicebat,
909 3908 976 3965 vidit
1001 3908 1088 3965 oculis
1115 3909 1190 3979 suis3
1214 3910 1251 3966 ita
1277 3925 1329 3984 ego
1360 3927 1470 3984 quoque
1497 3919 1524 3968 te
1554 3911 1581 3966 in
1606 3911 1707 3968 lumine

58 4002 185 4072 quoniam
204 4017 264 4058 noc
274 4001 499 4073 processisses
514 3999 858 4075 ucumappropt'oqucot't
911 4004 998 4053 tuoet
1019 3997 1048 4053 in
1061 4000 1159 4055 decore
1177 4008 1223 4054 tuo
1248 4015 1295 4069 per
1317 4000 1414 4056 mentis
1438 4015 1578 4057 excessum
1603 4015 1706 4056 merear

59 4089 149 4159 (llom.
166 4108 220 4155 titt,
247 4093 300 4161 lai,
325 4092 481 4164 significuus
507 4107 568 4148 esse
591 4099 656 4148 tunc
669 4091 759 4145 edbue
789 4088 858 4144 adeo
909 4086 1087 4158 contemplari
1101 4097 1256 4160 pascentem
1282 4090 1403 4156 uberius,
1425 4088 1611 4163 quiescentem
1626 4093 1705 4143 sccu-

59 4178 194 4235 modieum
216 4181 318 4247 lumen,
346 4189 375 4237 ut
403 4181 612 4254 propinquasse,
641 4196 722 4252 quem
750 4176 857 4235 venisse
911 4173 976 4229 rius.

59 4267 132 4324 diem
146 4268 236 4325 dicere
250 4270 386 4327 maluerit.
406 4271 521 4339 Quando
543 4275 634 4325 tutem
654 4269 708 4325 boc
726 4265 856 4324 ciesbutt
872 4296 896 4375 υ
945 4264 973 4318 t.
988 4263 1056 4319 Nem
1075 4271 1102 4321 et
1116 4264 1161 4322 bic
1177 4264 1277 4337 pascis,
1292 4267 1341 4322 sed
1360 4281 1415 4322 noc
1429 4266 1457 4320 in
1473 4264 1615 4322 saturitate
1630 4283 1638 4332 ;
1654 4277 1707 4320 nec

61 4356 186 4413 Proiecto
213 4358 322 4428 qnando
347 4357 393 4413 Sol
415 4373 541 4414 reversus
562 4359 597 4414 ab
624 4356 728 4425 inieris,
741 4354 798 4426 jem
826 4367 857 4410 se
911 4352 1010 4410 eubure
1035 4355 1108 4420 licet,
1122 4355 1171 4412 sed
1187 4365 1259 4412 stare
1277 4366 1304 4411 et
1325 4355 1438 4430 uigilare
1463 4361 1571 4426 oportet
1596 4363 1708 4426 propter

59 4445 93 4499 sd
112 4446 167 4500 elta
180 4445 243 4503 coeli
255 4446 413 4501 sustulerat.
438 4446 545 4516 Quanto
570 4445 657 4516 magis
682 4460 746 4502 cum
769 4445 857 4501 adbuc
911 4442 1023 4498 timores
1037 4451 1194 4500 nodemus.
1211 4443 1284 4502 llec!
1301 4459 1353 4500 nec
1374 4444 1447 4499 clera
1470 4444 1525 4509 lux,
1550 4457 1602 4498 nec
1623 4441 1707 4514 plena

60 4534 208 4591 similitudo
221 4534 310 4592 cercis
326 4533 430 4606 peccati
448 4535 534 4590 inetur
547 4535 641 4590 denses
665 4533 744 4590 nubis
769 4534 858 4606 operi·
912 4529 1031 4600 retectis,
1047 4546 1098 4587 nec
1121 4532 1223 4587 mensio
1237 4538 1295 4586 tute
1311 4550 1318 4587 :
1340 4539 1368 4586 et
1381 4531 1441 4587 ideo
1456 4532 1554 4589 iudice
1566 4530 1637 4588 mibi
1659 4530 1708 4587 udi

62 4632 101 4679 ret
115 4639 250 4690 euroram,
262 4623 451 4693 juttacmnes
472 4622 603 4678 nimirum
617 4622 703 4678 nostri
727 4623 852 4694 corporis
909 4619 1078 4693 pascaertbt'
1091 4621 1172 4678 cubes
1187 4620 1221 4677 ἑο
1234 4621 1362 4677 meridie.
1377 4620 1486 4676 Beatum
1506 4616 1630 4675 medicis
1643 4632 1707 4675 cnm

62 4709 215 4782 passiones,
247 4711 284 4767 ita
310 4718 340 4767 nt
366 4725 455 4782 noque
478 4725 572 4767 emere
595 4724 684 4779 mors,
712 4724 764 4766 nec
791 4723 858 4766 crus
911 4709 1004 4766 cenric
1019 4719 1046 4764 et
1060 4709 1123 4765 sitio
1139 4708 1271 4780 justitism
1284 4707 1396 4780 (llattls.
1416 4725 1444 4775 r,
1460 4707 1501 4779 d).
1521 4706 1592 4776 Quid
1606 4708 1659 4763 boc
1673 4705 1707 4762 nd

61 4802 192 4872 probrosa
217 4798 353 4856 deluerit?
373 4805 475 4872 queoto
500 4798 598 4871 meqie,
639 4799 760 4870 inquam,
796 4806 859 4856 tunc
911 4796 1019 4853 illorum
1035 4796 1200 4865 felicitatem,
1222 4797 1269 4869 qni
1283 4796 1377 4868 repleti
1390 4805 1453 4853 sunt
1472 4796 1499 4852 in
1514 4796 1594 4853 bonis
1609 4794 1708 4852 domus

61 4890 160 4962 exigna
174 4888 317 4960 tenuisque
330 4886 477 4944 admodum
497 4888 543 4944 lut
557 4887 619 4957 fuit,
634 4896 664 4942 et
676 4901 740 4959 quer
752 4886 788 4944 de
807 4903 859 4942 eu·
911 4893 965 4943 tuae
983 4887 1072 4958 (Ptol.
1087 4903 1164 4956 nstv,
1179 4887 1219 4960 5),
1233 4887 1281 4960 qui
1304 4889 1450 4961 epulentur
1464 4895 1493 4943 et
1519 4885 1655 4942 essrdtmu
1680 4883 1708 4940 in

61 4992 132 5034 rore
147 4978 242 5049 magis,
256 4994 337 5051 quam
351 4977 384 5033 de
399 4975 472 5034 Solis
490 4977 600 5048 prodire
616 4975 758 5045 presentis
777 4975 856 5033 ride·
911 4987 1059 5050 conspectu
1072 4978 1131 5043 Dei,
1143 4984 1171 5034 et
1182 4974 1388 5032 delectenturiu
1399 4973 1608 5046 ltetitieiil’scl.
1621 4987 1705 5039 urst,

55 5066 153 5122 returl
492 5105 494 5108 -
912 5066 953 5137 d.)
963 5065 1016 5122 Sed
1030 5065 1092 5121 etsi
1105 5065 1169 5137 quid
1185 5063 1274 5135 patior
1288 5072 1399 5134 propter
1409 5062 1555 5134 justitiam,
1569 5060 1708 5119 nibilomi-

97 5159 125 5212 d.
148 5156 213 5211 Erat
234 5170 302 5229 ergo
327 5171 437 5226 aurore,
453 5163 481 5214 et
508 5153 568 5227 ipsa
582 5152 750 5210 subobscuro
779 5154 856 5221 satis,
912 5171 964 5211 nus
988 5151 1104 5213 tm
1129 5153 1235 5209 beatam
1259 5153 1419 5223 pronuntiss
1432 5150 1546 5222 (uetus.
1571 5166 1599 5218 s,
1620 5147 1659 5222 9).
1674 5148 1708 5206 lit

62 5251 117 5300 tots
130 5243 177 5298 ille
195 5243 294 5301 Christi
308 5243 436 5302 videlicet
449 5243 617 5301 conversatio
641 5257 724 5314 super
747 5249 855 5313 terrem,
910 5251 982 5300 certe
997 5243 1070 5316 pasci
1084 5241 1133 5298 ubi
1147 5241 1244 5298 timeas
1258 5241 1313 5314 peti
1326 5240 1524 5312 jucunditetem
1547 5240 1641 5306 hebet,
1659 5236 1708 5295 sed

61 5350 147 5407 usque
160 5334 222 5389 dum
238 5334 401 5391 occumbens
415 5342 443 5389 st
461 5349 568 5390 rursum
595 5333 730 5399 moriens,
758 5332 859 5392 solaris
912 5348 965 5390 noc
983 5332 1162 5390 οεοοηίηοοιη.
1178 5331 1263 5387 Porro
1286 5337 1377 5386 autem
1391 5329 1475 5402 ,posci
1494 5337 1522 5386 et
1544 5327 1599 5400 peti
1614 5327 1706 5397 simul,

61 5439 119 5480 suae
137 5423 288 5496 presentie
311 5423 411 5479 lumine
431 5422 539 5479 clariori
556 5420 659 5495 lugunt
679 5435 815 5490 surorum,
829 5431 859 5482 et
910 5434 1001 5478 nonne
1019 5418 1131 5475 moleste
1141 5416 1384 5488 iucunditasestt
1405 5417 1503 5474 Omma
1517 5414 1584 5475 nui
1602 5417 1646 5473 bic
1657 5429 1708 5473 oe-

61 5529 141 5571 mane
164 5514 234 5571 tecte
248 5515 378 5585 absorpta
396 5520 438 5570 est
450 5525 516 5570 mcx
538 5511 566 5568 in
583 5509 858 5584 erumpuntque
911 5511 979 5570 dunt
993 5507 1060 5568 citr't
1070 5505 1227 5581 perfectum,
1242 5506 1321 5580 plura
1333 5514 1437 5581 preter
1455 5514 1558 5575 retunt,
1573 5515 1601 5566 et
1618 5514 1706 5566 turtum
