3734 5948
153 243 157 248 ·
176 210 225 268 tha

615 283 622 292 .
646 203 675 261 S.
693 197 861 261 saansaan
881 195 1015 255 sanatis
1034 193 1348 271 athala-tathaeus

1770 205 1818 262 tot

173 349 227 404 aque
247 331 391 387 thesauris.
415 328 485 399 Quid
507 328 580 384 enim
606 323 755 382 humilitate
778 322 879 389 ditius,
904 320 968 393 quid
986 332 1010 415 Α
1027 320 1151 376 arbitror
1162 318 1403 392 cornpreltendisse
1413 321 1549 395 (Philipp.
1561 327 1661 394 ιιι,13).
1674 325 1752 382 Fides
1762 331 1821 401 qus.

173 420 320 493 pretiosius
331 419 476 489 invonitur,
492 434 545 490 qua
559 416 687 472 nimimm
707 428 822 485 regnum
838 411 968 467 coelomm
1027 408 1089 464 aem
1111 424 1145 464 ear
1166 408 1278 475 andita,
1301 408 1420 465 auditus
1443 414 1539 465 autem
1560 427 1612 482 per
1638 414 1751 468 uerbum
1772 418 1822 471 Dei

173 509 283 576 emitur,
305 515 331 562 et
345 508 435 563 divina
458 507 546 581 gratia
564 504 735 576 acquiritur?
751 502 821 556 sicut
838 499 969 570 scripturn

174 605 217 654 est
232 615 238 652 :
256 599 336 653 Beati
350 613 486 670 pauperes
500 598 623 667 spiritu,
638 594 772 668 qnoniam
786 592 913 663 ipsorum
927 593 970 645 est

173 703 291 758 raparum
319 687 453 743 caelorum
473 684 582 754 (llattli.
609 698 636 744 v,
658 683 701 748 3);
717 686 744 733 ει
767 678 839 748 apud
863 683 971 747 aposto-

173 772 229 829 lum
248 790 254 828 :
271 777 343 831 Deus
357 775 482 847 superbis
495 773 615 833 resistit,
636 768 790 825 humilibus
810 772 907 824 autem
920 766 970 820 dat

173 866 299 937 pralium
322 864 391 933 (lac.
416 879 456 929 xv,
472 861 511 931 6).
527 860 619 914 Habes
640 855 889 914 commendatama
912 854 969 908 Deo

173 950 353 1006 humilitatem
377 950 403 1003 in
428 947 576 1003 nativitate.
599 947 627 1001 ln
651 947 704 1000 hac
727 944 800 1000 enim
823 940 970 998 exinanivit

173 1040 362 1109 semetipsum,
385 1037 500 1093 formam
520 1036 592 1093 servi
607 1035 757 1107 accipiens,
773 1041 800 1088 ει
817 1032 909 1087 habitu
928 1031 969 1084 in·

171 1134 269 1186 ventus
283 1135 312 1182 ut
327 1129 418 1182 homo.

207 1218 234 1270 7.
250 1215 298 1271 Vis
312 1216 400 1270 adhuc
415 1212 591 1286 pretiosiores
615 1210 732 1280 divitias,
748 1217 776 1266 et
793 1207 968 1280 superexcel-

170 1301 275 1360 lentem
288 1302 402 1376 gloriam
422 1302 570 1358 invenirer
584 1301 674 1357 Habes
687 1299 846 1356 charitatem
861 1299 888 1353 in
902 1313 967 1369 pas-

170 1387 287 1445 sionem.
297 1389 428 1458 llajorem
440 1387 681 1445 haedilectionem
689 1401 770 1442 nemo
780 1384 870 1453 babel,
882 1400 967 1456 quam

1025 495 1116 566 (Rom.
1132 511 1158 563 x,
1174 498 1219 567 tt)
1236 513 1242 551 :
1259 494 1308 549 sed
1321 495 1400 564 fides,
1417 512 1471 552 non
1486 499 1606 570 species3
1624 507 1652 554 et
1664 501 1820 571 promissio,

1025 598 1080 639 non
1100 582 1228 638 exhibitio
1243 583 1328 653 pacis.
1343 584 1378 638 Et
1399 584 1509 656 quidem
1524 601 1576 656 pax
1595 603 1667 643 nune
1681 594 1724 643 est
1739 589 1822 644 etiam

1024 671 1051 725 in
1069 678 1141 726 terra
1164 672 1319 727 hominibus
1337 672 1418 727 bonae
1436 674 1580 729 voluntatis
1598 694 1603 732 :
1621 677 1671 730 sed
1685 676 1755 749 'quid
1779 686 1822 733 est

1023 774 1075 829 pax
1090 759 1141 814 ista
1156 760 1190 815 ad
1209 759 1280 814 illius
1303 759 1501 831 plenitudinem
1516 769 1544 817 ει
1558 764 1821 834 supereminentiam

1024 847 1118 916 pacisl
1134 847 1212 902 Unde
1223 855 1251 903 ει
1265 847 1323 920 ipse
1339 847 1470 903 Dominus
1484 848 1521 903 ait
1539 867 1544 904 :
1562 853 1663 907 Pacem
1678 868 1772 908 meam
1786 855 1820 912 da

1022 938 1106 1005 vobis,
1122 953 1218 1008 pacem
1240 937 1368 1009 relinquo
1393 935 1474 992 768
1487 937 1562 995 vobis
1577 941 1670 1010 (loun.
1687 957 1745 1010 xxv,
1762 942 1818 1013 27).

1023 1025 1090 1077 Meae
1114 1024 1259 1095 siquidem,
1276 1041 1336 1096 quae
1351 1032 1496 1094 exsuperat
1518 1040 1629 1082 omnem
1653 1044 1775 1098 sensum,
1792 1038 1820 1085 et

1023 1119 1065 1165 εει
1079 1127 1131 1181 pax
1147 1127 1230 1182 super
1252 1127 1359 1182 pacem,
1379 1112 1496 1168 necdum
1511 1130 1628 1187 capaces
1644 1117 1710 1173 estis
1726 1136 1733 1172 ε
1754 1134 1818 1188 pro·

1023 1207 1116 1270 pterea
1130 1200 1165 1254 do
1181 1199 1258 1254 vohis
1280 1200 1397 1272 patriam
1419 1201 1505 1273 pacis,
1522 1211 1549 1258 ει
1570 1204 1694 1277 relinquo
1709 1204 1818 1261 interim

1022 1286 1094 1342 uiam
1112 1286 1197 1357 pacis.

1058 1379 1084 1432 9.
1107 1376 1160 1432 Sed
1171 1376 1287 1449 quidest
1300 1377 1372 1448 quod
1383 1377 1517 1433 diximus:
1531 1381 1563 1435 ln
1573 1396 1622 1437 cor
1630 1381 1752 1439 bominis
1760 1398 1819 1441 non

170 1479 206 1530 ut
219 1475 348 1529 animam
357 1489 441 1527 snam
454 1474 546 1545 ponat
560 1472 621 1543 quis
630 1485 680 1543 pro
694 1470 793 1525 amicis
803 1472 862 1525 suis
875 1469 966 1536 (ioan.
1022 1463 1173 1523 ascendit?
1188 1465 1288 1537 Utique
1301 1465 1364 1537 quia
1379 1466 1441 1522 lons
1455 1474 1506 1535 est,
1519 1474 1547 1523 ει
1561 1483 1706 1525 ascensum
1720 1472 1818 1527 nescit.

171 1577 221 1631 xv,
238 1560 292 1630 ι3).
315 1561 363 1616 Hae
377 1559 477 1615 diritiae
498 1558 601 1627 salutis,
618 1565 645 1613 et
664 1556 759 1632 gloria,
775 1555 887 1627 sanguis
901 1570 966 1626 pre·
1021 1553 1128 1610 Scimus
1143 1553 1217 1609 enim
1233 1554 1297 1625 quia
1319 1554 1434 1611 fontium
1450 1565 1547 1611 natura
1571 1565 1613 1612 est
1635 1558 1707 1614 rivos
1721 1560 1820 1616 sectari

170 1645 266 1712 tiosus,
286 1660 341 1717 quo
360 1643 496 1714 redempti
511 1658 624 1708 sumns;
640 1649 668 1696 et
690 1657 756 1697 cmx
770 1640 922 1707 Dominica,
939 1638 966 1691 in
1022 1642 1206 1711 convallium,
1222 1642 1355 1697 montium
1379 1643 1462 1697 ardua
1485 1643 1639 1714 declinare,
1664 1648 1734 1702 sicut
1750 1648 1820 1704 scri-

170 1750 222 1806 qua
238 1750 300 1790 cum
323 1734 461 1804 apostolo}
474 1731 624 1805 gloriamur
644 1748 650 1787 :
667 1730 733 1786 llilti
746 1735 854 1793 autem,
868 1727 965 1798 inquit,
983 1708 1005 1785 Β
1022 1739 1097 1805 ptum
1112 1740 1154 1786 εει
1170 1747 1176 1786 ;
1196 1732 1248 1800 Qui
1262 1733 1371 1789 emittis
1385 1733 1478 1803 sontes
1498 1734 1529 1788 in
1544 1733 1731 1808 convallibus,
1747 1739 1822 1794 inter

169 1822 241 1879 absit
250 1823 378 1893 ploricri,
386 1822 444 1877 nisi
453 1823 574 1878 inemec
583 1820 696 1876 Domini
706 1819 874 1875 nostrilesu
885 1816 967 1872 Chri-
1021 1822 1148 1878 medium
1170 1823 1313 1877 montium
1324 1821 1544 1892 pertransibunt
1559 1839 1641 1895 aquae
1660 1824 1747 1895 (Psal.
1762 1841 1820 1893 cxxx,

168 1911 208 1966 sii
222 1909 329 1982 (Galat.
344 1924 383 1977 ιι,
400 1908 445 1980 ιι)
457 1905 463 1962 l
476 1915 503 1963 et
511 1907 634 1963 dicebat:
648 1907 725 1963 Nihil
735 1908 890 1963 arbitratus
904 1921 966 1960 sum
1023 1909 1077 1979 ιθ).
1093 1909 1151 1964 Ηοε
1165 1914 1256 1963 autem
1274 1916 1317 1963 εει
1340 1907 1412 1963 unde
1427 1909 1578 1965 admonere
1603 1911 1704 1983 saepius
1723 1914 1821 1971 studeo

168 2013 213 2053 me
236 2000 308 2054 scire
329 1998 407 2055 inter
420 2014 476 2062 ²10³.
491 1998 550 2055 niti
566 1995 712 2053 Christum
727 1996 831 2059 lesam.
848 1997 876 2050 el
892 1993 967 2049 buna
1020 2005 1139 2053 vestram
1154 1996 1324 2065 charitatem,
1336 1996 1400 2067 quia
1413 1999 1486 2054 Deus
1501 2000 1629 2070 superbis
1640 2003 1759 2072 resistit,
1771 2002 1822 2059 liu·

168 2087 339 2157 crucifixum
349 2086 375 2157 (l
382 2088 443 2144 Gor.
454 2101 483 2153 ιι,
497 2084 534 2155 3).
545 2086 607 2155 lpsa
618 2092 660 2140 est
670 2086 737 2139 laeva
746 2083 868 2138 Christus
876 2082 964 2150 lesus,

168 2178 196 2228 et
210 2172 254 2230 hio
269 2173 428 2244 cmciltxus3
446 2189 510 2228 narn
524 2173 637 2229 dextera
652 2172 764 2243 quidem
779 2170 903 2227 Christus
917 2170 965 2224 Je-

167 2279 214 2319 sus
239 2270 266 2318 et
288 2263 334 2319 hic
355 2262 500 2334 gloriosus.
524 2263 678 2329 Christum,
700 2260 798 2333 inquit,
818 2263 922 2326 lesum,
938 2263 966 2315 et

168 2351 243 2407 hune
254 2352 436 2422 crucifixum.
448 2350 573 2406 Fortasse
588 2366 655 2406 crux
670 2349 728 2420 ipsa
739 2364 790 2404 nos
805 2364 910 2414 sumus,
922 2347 966 2402 cui

166 2438 290 2495 Christus
314 2446 482 2495 memoratur
508 2438 615 2493 infixus.
640 2439 728 2492 Homo
751 2437 825 2492 enim
849 2435 965 2491 sormam

166 2528 256 2584 crucis
270 2528 353 2583 habet
370 2547 376 2583 :
392 2542 486 2599 quam,
503 2526 526 2581 si
539 2542 636 2581 manus
651 2525 814 2594 extenderit,
831 2525 966 2595 exprimet

165 2615 349 2673 manifestius.
366 2615 500 2688 Loquitur
523 2621 614 2670 autem
635 2615 758 2671 Christus
782 2613 810 2668 in
831 2614 935 2669 Psalmo
956 2632 962 2670 :

165 2707 278 2776 Infinns
291 2722 357 2762 sum
372 2706 403 2761 in
420 2706 488 2760 limo
497 2704 634 2777 profundi
647 2704 734 2773 (Psal.
746 2717 848 2772 xxvnx,
865 2702 903 2773 3).
915 2701 963 2756 Li-

164 2810 241 2851 mum
260 2793 372 2867 quidem
386 2808 439 2849 nos
453 2808 513 2849 asse
527 2792 703 2847 manifestum
718 2799 770 2858 est,
787 2791 916 2862 quoniam
930 2792 964 2845 de

164 2879 231 2938 limo
246 2882 372 2953 plasmati
387 2897 490 2937 sumus.
507 2880 562 2936 Sed
583 2887 647 2936 tunc
663 2880 772 2952 quidem
787 2879 869 2934 limus
882 2895 964 2951 para·

165 2971 217 3027 disi
233 2971 344 3042 luimus,
357 2987 430 3028 nunc
443 2986 509 3027 vero
523 2970 603 3026 limus
614 2970 750 3043 profundi,
767 2972 879 3040 luleus
889 2987 962 3037 sum,

160 3059 263 3133 iuquit,
280 3077 335 3117 non
359 3060 523 3132 pertmnsii,
540 3076 595 3116 non
611 3059 724 3115 recessi.
746 3059 887 3117 Vobiscum
901 3075 964 3113 snm

164 3167 252 3223 usque
266 3149 302 3206 ad
326 3151 599 3208 consummationem
618 3147 842 3218 seroltmunt.
858 3161 962 3214 xxvrn,

164 3240 221 3311 20).
234 3241 295 3310 lpse
304 3247 344 3294 εει
356 3239 430 3294 enim
440 3236 613 3306 Emmanuel,
624 3238 767 3295 nobiseum
776 3238 858 3293 heus.
866 3235 964 3292 Nobis-

164 3341 227 3383 cum
237 3327 341 3399 utique,
351 3327 400 3381 sed
411 3342 461 3397 per
471 3325 619 3380 sinistram.
632 3325 677 3380 Sic
688 3325 762 3380 enim
772 3324 836 3380 olim
847 3324 964 3378 Thamar

163 3414 298 3485 pariente,
322 3415 388 3468 Zara
413 3414 488 3484 prius
511 3412 597 3469 solam
622 3413 733 3483 protulit
756 3429 878 3481 manum,
902 3427 963 3483 quea

164 3502 193 3558 in
207 3509 381 3559 sacramento
395 3500 546 3557 Dominicae
560 3499 694 3571 passionis
708 3500 838 3556 coccineo
853 3499 963 3572 alligata

163 3600 207 3648 est
222 3591 267 3647 lilo
286 3592 368 3664 (Gen.
386 3605 509 3659 xxxvnx,
526 3593 582 3661 27).

199 3686 226 3737 8.
246 3681 342 3754 ltaque
359 3681 416 3751 jam
444 3679 556 3751 quidem
586 3685 711 3735 tenemus
739 3678 887 3749 sinistram,
913 3678 961 3734 sed

163 3770 251 3826 adhuc
274 3769 392 3824 clamare
417 3783 532 3825 necesse
550 3784 556 3822 :
575 3768 656 3842 Operi
679 3784 819 3824 mannam
845 3773 962 3824 tuarum

162 3859 274 3930 porripe
288 3856 438 3915 deuterum
447 3856 515 3928 (lob.
530 3869 590 3925 xxx,
604 3857 649 3926 lli)
663 3873 669 3924 ;
682 3871 745 3910 nam
760 3856 962 3914 delectationes

161 3943 319 4001 ludentem
328 3946 476 4016 tuamque
486 3944 517 3999 in
526 3943 959 4016 tinem(l³sat.xv,tl).liomiue,

163 4030 283 4089 extende
302 4031 381 4088 nobis
402 4032 543 4088 dexteram
562 4030 656 4103 [ahos.
671 4031 807 4106 ostende]‚
819 4038 847 4088 ει
863 4031 962 4088 suflicit

162 4121 253 4177 nobis.
269 4120 372 4189 Gloria,
389 4119 487 4192 inquit,
499 4124 528 4177 ει
542 4120 650 4178 diuitiae
664 4121 697 4176 iu
707 4121 787 4180 domo
797 4122 857 4192 ejus
872 4120 959 4192 (Psal.

161 4228 209 4280 xv,
226 4211 282 4281 ll),
302 4209 396 4282 utique
417 4209 467 4281 qui
480 4210 557 4266 timet
580 4208 737 4265 Dominum.
754 4209 809 4266 Sed
830 4208 857 4263 in
879 4209 961 4264 domo

162 4310 217 4368 tua,
233 4298 359 4366 Domine,
371 4299 435 4370 quid
446 4301 459 4353 ‘l
470 4298 597 4356 Proiecto
607 4298 758 4371 qmtiarum
771 4298 853 4366 acho,
869 4305 897 4354 et
909 4313 961 4353 vox

1020 2086 1134 2141 milibus
1155 2087 1253 2141 autem
1276 2085 1326 2140 dat
1340 2086 1474 2157 qratiam.
1491 2086 1564 2142 Fons
1588 2088 1661 2143 onim
1677 2089 1709 2144 ad
1726 2088 1821 2146 altiora

1020 2189 1075 2229 non
1086 2174 1219 2243 ascendit,
1231 2188 1313 2244 quam
1326 2173 1360 2229 sit
1370 2173 1444 2230 locus
1459 2175 1520 2244 ejus
1531 2176 1605 2231 unde
1614 2177 1748 2247 procedit.
1764 2177 1821 2234 Sed

1020 2261 1107 2317 rideri
1123 2269 1213 2332 potest
1227 2262 1378 2318 secundum
1393 2263 1463 2317 hanc
1478 2263 1602 2336 regulam
1623 2280 1677 2320 non
1693 2265 1820 2337 impediri

1020 2351 1178 2423 asupcrbia
1193 2351 1251 2406 vias
1274 2351 1379 2422 gratia,
1396 2352 1549 2422 praesertim
1566 2354 1639 2425 quod
1654 2353 1700 2410 ille
1715 2355 1820 2426 primus

1019 2438 1164 2511 superbus,
1180 2440 1236 2510 qui,
1253 2440 1404 2494 secundum
1419 2441 1596 2512 Scripturam,
1613 2457 1665 2499 rear
1679 2448 1820 2517 estsuper

1019 2544 1114 2585 omnes
1126 2529 1201 2596 filias
1215 2528 1354 2602 superbiae
1364 2527 1434 2598 (lob.
1453 2544 1507 2598 xxx,
1524 2529 1579 2599 ιι),
1592 2529 1691 2585 dixisse
1705 2546 1760 2586 non
1778 2531 1818 2586 le·

1018 2614 1101 2685 gitur,
1117 2614 1204 2671 Altior
1217 2630 1282 2684 erc;
1296 2616 1356 2684 sed,
1373 2619 1436 2681 Ero,
1448 2616 1546 2688 inquit,
1557 2619 1660 2674 similis
1675 2619 1818 2676 ditissimo

1019 2704 1101 2773 (lsai.
1127 2719 1185 2773 xxv,
1207 2704 1262 2776 lt).
1288 2705 1417 2759 Attamen
1439 2721 1494 2760 non
1514 2706 1645 2761 mentitur
1668 2706 1816 2778 apostolus,

1018 2792 1146 2862 quoniam
1160 2793 1209 2851 ille
1224 2794 1376 2851 extollitur
1389 2810 1477 2866 supra
1491 2810 1573 2851 omne
1594 2795 1666 2868 quod
1680 2796 1815 2867 creditur,

1018 2886 1071 2937 aut
1085 2883 1155 2955 quad
1178 2883 1284 2939 colitur
1299 2885 1369 2938 beas
1385 2882 1425 2953 (ll
1441 2885 1530 2939 Thess.
1552 2898 1582 2949 ιι,
1598 2883 1637 2954 ι).
1653 2883 1752 2940 Horret
1765 2886 1818 2939 hu·

1018 2985 1115 3026 manus
1128 2970 1235 3026 auditus
1250 2970 1364 3026 verbum
1375 2987 1382 3039 ;
1394 2971 1442 3026 sed
1454 2972 1556 3026 utinam
1570 2972 1682 3029 horreat
1692 2972 1817 3029 similiter

1019 3060 1125 3115 animus
1135 3060 1284 3131 cogitatum
1294 3059 1444 3131 malignum
1455 3059 1558 3130 pariter
1566 3068 1595 3115 et
1604 3058 1743 3117 allectum.
1752 3061 1817 3118 Dico

1018 3149 1184 3205 enimvobis
1202 3148 1273 3221 quod
1294 3164 1348 3204 non
1364 3155 1469 3204 tantum
1483 3148 1538 3220 ille,
1555 3150 1603 3205 sed
1620 3159 1648 3207 ει
1662 3150 1752 3207 omnis
1769 3167 1816 3206 su·

1018 3241 1119 3309 perbus
1134 3238 1271 3294 extollitur
1285 3252 1367 3310 supra
1386 3239 1484 3296 Deum.
1499 3238 1562 3294 Vult
1583 3239 1657 3295 enim
1673 3241 1745 3296 Deus
1759 3238 1817 3298 fieri

1016 3329 1184 3384 voluntatem
1202 3342 1289 3398 suam,
1306 3335 1333 3383 et
1356 3328 1493 3397 superbus
1505 3328 1563 3384 vult
1577 3327 1637 3384 fieri
1656 3346 1742 3388 suam.
1756 3330 1817 3386 tam

1017 3417 1125 3472 videtur
1139 3415 1279 3487 aequalitas
1295 3434 1301 3473 :
1318 3415 1365 3471 sed
1382 3415 1495 3472 attende
1505 3415 1576 3471 male
1591 3433 1739 3491 congmam
1753 3433 1818 3489 pro·

1016 3507 1179 3578 portionem.
1205 3506 1279 3559 Deus
1301 3505 1413 3577 quidem
1437 3504 1464 3558 in
1481 3505 1522 3559 his
1537 3512 1642 3560 tanturn
1666 3522 1729 3576 quae
1747 3507 1817 3563 ratio

1016 3594 1159 3666 approbat,
1170 3610 1247 3649 suam
1257 3594 1313 3650 vult
1324 3593 1385 3649 lieri
1399 3592 1566 3649 voluntatem
1582 3594 1737 3665 :superbus
1750 3609 1817 3650 vero

1016 3689 1120 3739 etcum
1138 3682 1254 3752 ratione,
1276 3689 1304 3737 et
1319 3687 1414 3739 contra
1428 3680 1573 3737 rationem.
1589 3680 1673 3736 Vides
1687 3682 1815 3753 quoniam

1007 3771 1127 3827 'altitudo
1142 3777 1192 3839 est,
1209 3777 1236 3826 ει
1259 3785 1314 3825 non
1337 3769 1402 3825 illuc
1416 3769 1579 3841 perveniunt
1592 3769 1694 3824 fluenta
1704 3770 1814 3841 gratiae.

1016 3862 1077 3918 Nisi
1098 3861 1223 3918 conuersi
1241 3861 1371 3929 fueritis,
1388 3858 1485 3929 inquit,
1506 3863 1535 3916 et
1554 3859 1724 3929 efficiamini
1737 3861 1814 3915 sieut

1014 3949 1150 4022 paruulus
1172 3949 1225 4003 iste
1242 3947 1284 4020 (se
1298 3953 1390 4002 autem
1404 3945 1480 4016 dicit,
1496 3946 1543 4017 qni
1557 3953 1599 4002 εει
1617 3944 1678 4002 lons
1691 3945 1763 4014 rite,
1784 3946 1811 4001 in

1015 4051 1069 4106 quo
1079 4034 1182 4090 habitat
1197 4042 1224 4091 et
1233 4034 1306 4090 unde
1317 4042 1409 4089 manat
1423 4033 1563 4105 plenitudo
1573 4033 1695 4089 omnium
1708 4033 1813 4105 gratia-

1016 4122 1098 4195 rum),
1116 4140 1174 4180 non
1196 4122 1343 4180 intrabitis
1362 4123 1394 4177 in
1411 4137 1535 4194 repnum
1549 4123 1686 4180 caelorum
1701 4121 1812 4191 (llattlt.

1015 4228 1093 4282 xvnr,
1110 4213 1148 4282 3).
1168 4212 1237 4268 Para
1252 4210 1367 4284 pminde
1392 4211 1508 4279 rivulos,
1523 4226 1641 4285 aggeres
1655 4217 1773 4266 terrenae
1787 4217 1815 4264 ει

1015 4301 1093 4357 elatae
1112 4299 1283 4372 cogitationis
1297 4299 1437 4373 disperge,
1453 4299 1625 4356 conlormare
1640 4298 1707 4354 Filio
1721 4298 1813 4354 homi-

161 4388 258 4444 laudis.
269 4389 403 4460 Beatiqm‘
413 4388 540 4446 habitant
548 4387 664 4447 indoma
675 4393 736 4460 tua,
744 4389 861 4446 Domine
872 4386 958 4458 (Psoi.
1015 4389 1068 4458 nis,
1084 4404 1139 4445 non
1155 4388 1243 4459 primo
1257 4388 1361 4444 homini
1377 4405 1385 4443 ε
1399 4386 1461 4460 quia
1475 4387 1536 4444 lons
1549 4385 1644 4462 gratiae
1657 4385 1684 4440 in
1697 4401 1744 4442 cor
1759 4387 1813 4442 ho-

161 4494 275 4546 sxxxxn,
291 4477 329 4549 5),
348 4485 400 4533 eto.
420 4478 523 4535 Oculus
537 4479 611 4534 enhn
631 4479 790 4547 concidit,
807 4479 888 4534 auris
902 4492 960 4533 non
976 4508 999 4585 u
1015 4478 1105 4548 minis,
1117 4476 1234 4534 carnalis
1244 4476 1349 4533 scilicet
1362 4483 1390 4531 et
1404 4475 1518 4545 terreni,
1529 4489 1583 4530 non
1593 4473 1813 4530 ascenditocu-

159 4567 284 4635 audiuit,
301 4572 331 4623 et
346 4568 377 4622 in
392 4584 439 4624 ear
454 4566 578 4625 hominis
591 4584 649 4624 non
663 4566 799 4631 ascendit,
815 4582 877 4638 quoe
889 4583 960 4638 proe-
1015 4565 1071 4622 lum
1081 4581 1190 4638 quoque
1204 4580 1301 4636 purga,
1317 4572 1347 4620 ut
1360 4564 1453 4620 videre
1470 4562 1560 4635 possis
1574 4562 1755 4618 merissimam
1769 4563 1811 4617 lu·

158 4655 282 4729 parasti,
299 4657 384 4722 Dens,
400 4655 581 4728 dilipentibus
598 4660 625 4712 te
639 4655 667 4727 (l
681 4656 741 4712 Gor.
758 4654 841 4728 ιι,,9).
852 4654 908 4709 Lux
919 4663 960 4709 est
1014 4663 1220 4724 cem3etaurem
1231 4660 1303 4707 tuam
1313 4649 1813 4721 inclinaadobediendum,utquando

160 4745 235 4800 enhn
249 4744 459 4814 inaccessibilis,
477 4761 529 4816 pax
545 4753 586 4803 εει
601 4759 662 4816 quae
680 4751 825 4816 exsuperat
848 4757 959 4799 omnem
1013 4759 1066 4816 qne
1077 4742 1220 4815 pervenias
1229 4741 1263 4795 ad
1274 4741 1395 4812 quictem
1407 4747 1576 4812 perpetuam,
1588 4747 1616 4795 et
1623 4753 1720 4810 pacem
1728 4752 1813 4808 super

160 4850 293 4904 sensum3
310 4833 371 4889 lons
384 4841 426 4890 εει
442 4833 488 4906 qui
506 4848 653 4891 ascensum
667 4832 765 4901 nescit,
782 4831 831 4888 sed
845 4833 960 4890 descen·
1011 4847 1118 4904 pacem.
1130 4832 1187 4886 Lux
1198 4829 1272 4886 enim
1282 4838 1323 4885 εει
1331 4829 1813 4901 propterserenitatem,paxpropter

159 4939 231 4980 sum.
253 4925 313 4978 Nou
340 4923 407 4979 vidit
426 4921 521 4980 oculus
543 4920 633 4976 lucem
656 4920 883 4993 inaccessibilem,
904 4939 959 4980 non
1012 4920 1244 4994 tranquillitatem,
1262 4920 1323 4975 lons
1345 4927 1459 4991 propter
1477 4917 1646 4974 affluentiam
1660 4924 1689 4972 et
1702 4917 1813 4972 aeterni·

159 5012 260 5069 audivit
283 5012 357 5067 auris
380 5027 477 5084 pacem
502 5010 818 5080 incomprehensibilem.
835 5011 959 5083 Speciosi
1011 5017 1105 5066 tatem.
1122 5008 1236 5064 Fontem
1250 5008 1360 5082 assigna
1374 5008 1457 5074 Patri,
1474 5022 1508 5062 ex
1524 5019 1580 5078 quo
1594 5004 1716 5061 nascitur
1729 5004 1811 5060 Filius

158 5102 270 5174 quidem
281 5103 366 5174 pedes
379 5097 629 5171 evangelizantium
639 5115 736 5171 pacem
751 5102 842 5174 (Rom.
858 5118 884 5170 x,
901 5101 956 5172 ts);
1012 5106 1039 5156 et
1065 5098 1188 5170 procedit
1207 5098 1323 5169 Spiritus
1348 5103 1475 5161 sanctus;
1496 5095 1587 5150 lucem
1609 5094 1687 5163 Filio,
1704 5093 1750 5166 qui
1769 5101 1812 5149 est

156 5193 206 5249 sed
221 5191 285 5247 licet
298 5191 446 5247 inomnem
460 5195 562 5244 termm
573 5188 668 5245 exierit
682 5206 765 5247 sonus
780 5207 874 5247 eorum
887 5208 894 5259 3
906 5205 957 5261 pax
1009 5188 1104 5260 utique
1127 5189 1230 5244 candor
1243 5188 1306 5244 vitae
1319 5194 1439 5252 aeternae,
1460 5191 1489 5239 et
1512 5184 1557 5239 lux
1571 5199 1636 5241 vera
1656 5181 1811 5239 illuminans

157 5289 250 5339 tamen
265 5297 328 5355 quae
347 5286 494 5350 exsuperat
507 5292 619 5337 omnem
633 5295 755 5350 sensum,
771 5295 822 5336 nec
841 5280 876 5334 ab
890 5278 957 5350 ipsis
1011 5291 1122 5334 omnem
1135 5278 1275 5335 hominem
1289 5275 1446 5334 venientem
1460 5273 1487 5328 in
1503 5274 1576 5330 hunc
1590 5273 1741 5343 mundum3
1759 5286 1810 5343 pa-

155 5378 258 5446 quanta
278 5378 339 5426 crat
366 5366 455 5440 potuit
478 5369 557 5441 capi,
580 5369 683 5427 nedum
707 5369 822 5426 aliomm
845 5367 957 5423 auribus
1010 5381 1073 5424 cem
1086 5367 1198 5441 Spiritui
1212 5374 1316 5436 sancto,
1333 5364 1380 5437 qui
1394 5363 1523 5420 nimimm
1537 5378 1622 5434 super
1636 5362 1767 5419 humilem
1782 5368 1810 5418 ει

90 5478 93 5485 ·
154 5460 237 5518 tradi.
258 5455 390 5517 niteam
413 5455 512 5513 Paulus
531 5456 614 5529 ipse:
638 5460 763 5527 Fratres,
778 5473 885 5532 manse
898 5473 957 5514 non
1011 5457 1133 5530 quietum
1149 5455 1305 5531 requiescit.
1320 5455 1380 5511 Nec
1393 5455 1447 5512 hoc
1464 5453 1539 5524 diso,
1553 5459 1684 5526 tanquam
1697 5451 1809 5525 pmpris
