3734 5948
171 209 242 272 1030
651 205 680 262 S.
700 199 872 262 ssuflhahul
892 186 1029 259 0000018
1046 193 1362 259 mnus-vaulmsm
1755 193 1821 257 tutu

171 350 266 392 eorum
289 348 432 406 personam
457 331 517 400 eJ‘us
539 328 680 402 gerebant,
705 325 745 384 its
767 325 1007 420 utloquereturq
1056 322 1195 381 mierum
1210 336 1263 380 non
1283 320 1372 378 solum
1397 317 1516 380 visitavit
1537 326 1648 386 terrem,
1672 316 1723 390 qui
1738 332 1822 374 aerem

171 422 421 497 quisqueillorum,
437 426 629 489 nontnnqunm
644 413 830 490 angelus,sed
842 421 966 486 tanquam
1022 409 1184 477 transilivit,
1209 409 1257 466 sed
1281 408 1361 466 etiam
1388 408 1496 475 caelum,
1523 405 1630 464 dicente
1659 403 1821 478 Scriptura:

171 512 314 568 Dominus.
332 509 413 565 Verbi
429 506 526 581 gratia,
543 507 589 562 ille
604 507 719 579 angelus
732 505 779 577 qui
802 520 863 561 cum
876 505 968 574 hloyse
1021 501 1192 566 Dominicis
1205 499 1273 556 caclo
1287 496 1484 556 misericordia
1499 499 1548 553 tua
1559 499 1588 578 et
1602 495 1713 553 ueritas
1725 498 1824 552 lacae

173 600 343 670 loquebatur,
368 595 486 663 dIcebat,
511 610 577 666 non,
605 596 666 667 Ego
688 592 805 658 Domini,
831 591 888 657 sed,
915 592 968 662 ligo
1023 605 1076 662 que
1090 588 1126 644 ad
1137 586 1225 643 noles
1237 586 1324 658 (Paul.
1335 601 1428 654 xxxv,
1439 585 1478 658 6).
1491 585 1583 658 Usque
1597 585 1632 640 ad
1647 584 1743 640 nubes
1757 585 1823 640 enim

172 688 318 756 00000000,
332 693 411 759 atque
423 685 450 740 id
459 683 627 756 frequentius
637 682 760 739 iterabat.
774 679 892 736 Saliebat
905 691 969 751 ergo
1023 675 1123 734 coelum
1138 685 1179 733 est
1193 674 1267 748 quod
1285 674 1436 730 inhabitant
1449 673 1535 732 sancti
1557 671 1660 748 angeli,
1684 687 1762 747 qnos
1775 687 1825 730 non

172 775 367 841 iamoatibas,
380 773 407 829 id
422 772 507 829 estin
521 771 632 846 augelis,
648 772 677 826 in
690 769 788 843 quibus
801 776 827 825 et
837 766 969 841 loqueba·
1025 765 1150 823 transiliit
1172 765 1306 835 Sponsus,
1330 763 1377 821 sed
1392 763 1455 820 salit
1471 763 1498 819 in
1514 761 1566 832 eis,
1579 761 1616 818 ita
1636 769 1665 818 ut
1685 761 1825 836 imprimi

172 873 226 931 tur,
244 872 272 920 et
292 879 369 919 suam
390 861 546 918 hominihus
567 859 709 931 exhibebat
730 856 907 928 presentiam.
928 853 969 909 nd
1024 853 1090 925 ipsis
1099 853 1152 910 duo
1166 854 1290 927 quaedam
1300 853 1416 926 vestigia
1425 853 1525 923 pedum
1534 865 1657 923 suorum,
1670 849 1825 911 miserioer·

172 951 298 1007 homiues
319 949 391 1005 enim
405 947 529 1014 saliebat,
545 948 594 1003 sed
616 947 642 1002 in
663 943 776 1018 augelis,
795 958 850 1001 non
870 944 898 998 in
921 957 969 1009 se;
1024 941 1096 998 diam
1110 951 1137 998 et
1149 941 1289 999 veritatem
1307 960 1314 998 :
1335 942 1369 997 de
1384 941 1483 1015 quibus
1499 939 1606 997 Domini
1620 938 1750 1012 vestigiis
1766 956 1824 996 ms·

172 1053 227 1096 non
250 1039 278 1094 in
302 1054 351 1095 sua
374 1045 481 1103 natura,
505 1037 554 1093 sed
575 1035 602 1090 in
619 1036 740 1106 subjecta
761 1039 893 1089 creatura.
917 1028 971 1098 Qui
1024 1029 1091 1085 mini
1105 1045 1149 1085 me
1163 1029 1189 1084 in
1210 1028 1395 1101 superioribus
1414 1027 1586 1085 sermonibus
1599 1027 1712 1101 plenius
1730 1028 1823 1102 dispa-

171 1126 242 1183 enim
257 1124 328 1193 salit,
350 1125 385 1181 de
406 1124 465 1197 loco
479 1124 515 1180 sd
531 1124 620 1179 locum
633 1122 722 1180 vadit:
742 1121 815 1194 quod
829 1134 883 1176 non
899 1118 972 1176 cadit
1026 1128 1097 1176 tasse
1112 1118 1209 1188 (serm.
1224 1118 1264 1189 6).
1280 1120 1303 1174 ll
1318 1117 1437 1174 nubibus
1459 1131 1525 1174 vero
1543 1124 1571 1174 et
1583 1115 1654 1172 inira
1668 1115 1823 1174 dammum

173 1214 200 1270 in
216 1215 311 1270 Deum.
327 1213 399 1288 Ergo
413 1215 440 1267 in
453 1211 600 1277 montibus,
617 1209 644 1266 id
658 1218 700 1267 est
714 1211 741 1265 in
756 1209 868 1281 angelis,
891 1207 971 1264 salie-
1026 1205 1156 1264 hahitatio
1175 1213 1217 1263 est
1240 1205 1270 1261 in
1288 1221 1352 1262 aere
1375 1205 1427 1262 isto
1456 1204 1549 1262 infimo
1562 1203 1776 1277 etcaliginoso;
1800 1207 1824 1262 ia

172 1302 227 1374 bat,
252 1303 298 1374 qui
323 1302 350 1357 iu
379 1317 409 1357 se
432 1316 487 1357 non
507 1306 629 1373 poterat,
649 1305 677 1354 et
699 1296 813 1355 saliebat
832 1312 920 1368 usqae
939 1294 972 1352 ad
1026 1294 1126 1364 quibus
1140 1308 1195 1351 non
1211 1294 1271 1350 salit
1286 1308 1413 1366 sponsus,
1430 1293 1478 1350 sed
1491 1291 1606 1349 transilit
1617 1291 1681 1348 illos
1694 1300 1825 1365 etpraete·

176 1391 271 1462 colles,
293 1390 381 1448 idest
401 1389 566 1464 patriarchas
583 1397 609 1444 et
629 1386 784 1459 prophetas,
809 1393 974 1455 caeterosque
1027 1383 1062 1439 rit
1072 1399 1123 1440 uec
1132 1381 1217 1439 ullum
1227 1381 1255 1437 iu
1266 1399 1296 1439 se
1307 1380 1422 1438 retinent
1430 1381 1480 1437 Dei
1490 1378 1657 1437 transeuntis
1666 1380 1823 1456 vestigium.

175 1480 327 1553 spirituales
346 1480 422 1534 viros
436 1478 471 1533 de
486 1483 566 1533 terra.
588 1474 641 1533 Sed
656 1473 819 1530 transiliebat
837 1483 863 1556 qt
876 1472 972 1539 colles,
1027 1473 1095 1529 Nam
1122 1472 1259 1545 quomodo
1283 1472 1311 1526 in
1335 1469 1444 1527 diabolo
1457 1470 1557 1528 veritas
1580 1476 1631 1537 est,
1657 1467 1695 1526 de
1719 1485 1776 1543 quo
1801 1471 1825 1526 in

174 1585 235 1631 cum
252 1583 307 1622 uon
321 1565 408 1621 solam
424 1564 529 1638 magnis
547 1573 574 1620 et
589 1561 774 1634 spiritualibus
791 1561 866 1626 viris,
883 1560 929 1617 sed
946 1573 975 1620 et
1028 1559 1184 1634 Evangeliis
1193 1558 1321 1617 Veritatis
1335 1559 1468 1616 sententia
1477 1564 1574 1626 exstat,
1585 1557 1658 1632 quod
1670 1558 1702 1613 in
1716 1558 1825 1616 veritate

174 1653 309 1727 aliquibus
328 1652 362 1707 de
384 1651 496 1725 populo,
514 1650 593 1707 etiam
615 1657 642 1706 et
661 1648 798 1705 nonnullis
815 1648 972 1705 mulieribus
992 1651 1085 1730 fluon
1100 1648 1182 1710 stetit.
1197 1649 1246 1704 sed
1265 1649 1385 1704 mendax
1399 1647 1502 1704 exstitit
1526 1646 1561 1703 ab
1589 1645 1666 1704 initio
1678 1647 1695 1703 i
1709 1645 1765 1703 Sed
1779 1662 1826 1709 nec

134 1783 135 1786 η
174 1743 291 1813 aequein
309 1741 412 1814 angelis
431 1739 504 1813 loqui
523 1747 695 1812 etepparere
714 1738 906 1810 dignatusest.
922 1735 973 1792 Vel
1030 1737 1232 1795 misericordem
1248 1738 1310 1809 quis
1319 1736 1417 1794 dixerit
1435 1753 1509 1806 eum,
1528 1735 1576 1809 qui
1600 1735 1825 1794 nihilominusah

174 1831 258 1887 colles
272 1829 337 1886 dicit
352 1828 440 1885 aerias
450 1833 609 1900 potestates,
624 1841 687 1900 qua
700 1826 770 1882 inter
779 1829 894 1898 ,montes
909 1824 972 1898 qui-
1026 1825 1104 1883 initio
1119 1824 1253 1881 homicida
1267 1824 1352 1883 luisse
1366 1826 1462 1881 eadem
1485 1824 1544 1898 ipsa
1558 1823 1701 1899 Evangelii
1717 1824 1826 1884 veritate

174 1920 237 1974 dem
251 1917 361 1973 minime
382 1918 437 1988 jem
452 1922 636 1983 numerantur,
653 1930 703 1987 pro
716 1930 749 1972 eo
768 1913 841 1989 quod
856 1930 871 1970 a
886 1912 971 1970 virtu·
1026 1914 1196 1972 convincitur
1210 1914 1302 1986 (ioan.
1316 1929 1378 1983 vm,
1399 1913 1457 1984 ll).
1472 1914 1557 1970 Porro
1571 1920 1661 1969 sutem
1677 1913 1771 1986 qualis
1783 1929 1826 1986 ps-

175 2015 231 2063 tum
242 2004 403 2063 celsitudine
412 2005 581 2061 dedunemnt
591 2020 640 2076 per
649 2003 802 2076 superbiam
812 2011 972 2075 ;nectamen
1027 2001 1192 2068 terlamilias,
1214 2001 1282 2059 tales
1297 2010 1325 2058 et
1339 2001 1481 2058 domestici
1495 2003 1565 2071 ejus.
1580 2000 1698 2058 Pulchre
1714 2001 1825 2075 proinde

174 2110 262 2167 usque
288 2096 321 2151 ad
340 2094 451 2151 humilia
465 2094 585 2160 vallium,
605 2091 663 2149 sive
676 2092 711 2148 ad
727 2092 814 2149 valles
829 2090 971 2147 humilium
1025 2090 1060 2146 de
1071 2090 1178 2164 Sponso
1200 2089 1318 2148 Ecclesia
1331 2089 1460 2162 psallens,
1476 2090 1551 2163 quod
1574 2089 1603 2144 in
1630 2088 1694 2146 altis
1711 2089 1825 2157 habitet,

175 2200 224 2256 per
238 2182 427 2256 paenitentiam
441 2182 641 2239 detumescunt.
656 2181 697 2237 De
712 2180 755 2235 his
776 2181 892 2235 arbitror
905 2177 971 2235 illud
1025 2185 1052 2235 et
1066 2179 1179 2235 humilia
1193 2178 1321 2251 respiciat
1341 2178 1367 2234 in
1388 2178 1458 2234 coelo
1473 2185 1501 2234 et
1525 2177 1553 2233 in
1568 2185 1640 2234 terra
1653 2179 1740 2250 (Ptol.
1756 2193 1825 2246 exn,

174 2271 277 2327 dictum
288 2271 317 2326 iu
332 2271 456 2342 psalmis:
474 2270 588 2336 llorrtcs,
603 2271 679 2326 sicat
699 2285 773 2336 cera,
787 2270 939 2341 flammant
954 2283 972 2324 0
1026 2271 1054 2336 a,
1069 2268 1109 2342 6),
1129 2269 1232 2325 nnllam
1247 2267 1357 2324 omnino
1373 2266 1537 2323 mentionem
1556 2266 1620 2344 iacit
1634 2268 1669 2325 de
1680 2267 1723 2325 his
1736 2268 1785 2342 qni
1799 2269 1823 2324 in

173 2361 249 2432 [acie
261 2361 376 2417 Domini
385 2359 471 2430 (Psal.
483 2374 558 2424 xcvi,
575 2359 615 2428 ὅ).
630 2359 685 2416 llos
699 2357 789 2430 itaque
802 2363 972 2414 tumentesac
1026 2372 1089 2414 aere
1112 2365 1256 2415 versamur
1276 2356 1413 2429 spiritibus
1436 2356 1574 2429 superbis,
1598 2357 1728 2428 quoniam
1755 2358 1822 2414 Deus

174 2448 280 2504 steriles
295 2448 389 2518 colles,
405 2454 532 2520 tanquam
542 2446 647 2502 medios
660 2446 764 2518 positos
778 2446 850 2502 inter
866 2452 972 2501 montes
1025 2446 1153 2516 superbis
1162 2447 1274 2518 resistit,
1284 2453 1311 2502 et
1321 2444 1468 2502 humilibus
1475 2446 1521 2501 dat
1533 2444 1646 2519 gratiam
1657 2448 1779 2518 (Jacmv,
1786 2448 1820 2517 0).

175 2537 358 2605 perlectorum
380 2543 408 2591 et
431 2537 514 2591 valles
538 2534 741 2607 poenitentium,
767 2535 862 2605 procul
890 2533 972 2589 dubio
1061 2537 1089 2599 5,
1105 2532 1186 2591 Videt
1195 2548 1261 2608 ergo
1274 2533 1350 2590 illum
1361 2533 1503 2590 salientem
1517 2533 1544 2588 in
1554 2534 1694 2591 montibus
1704 2542 1821 2591 etnam

175 2621 313 2692 transiliit,
334 2622 380 2694 qni
402 2623 429 2677 in
452 2622 590 2678 montibus
609 2622 686 2690 salit;
708 2621 806 2693 bisque
829 2620 972 2691 praeteritis
1025 2621 1144 2679 ilieutem
1158 2622 1250 2689 colles,
1270 2623 1348 2693 juxta
1363 2621 1573 2695 inprecationem
1589 2622 1672 2679 David
1687 2622 1821 2680 (000οιοι

176 2716 203 2766 et
217 2710 352 2780 despectis
365 2709 503 2765 descendit
520 2709 553 2766 ad
574 2708 666 2775 valles,
688 2698 718 2764 ut
731 2707 815 2765 valles
834 2709 972 2764 abundent
1028 2711 1129 2767 Omnes
1151 2715 1260 2769 montes
1274 2714 1324 2783 qui
1342 2712 1375 2766 in
1390 2713 1515 2768 circuitu
1530 2715 1591 2783 ejas
1605 2716 1687 2779 sant,
1702 2711 1730 2767 id
1744 2711 1822 2769 estin

175 2795 320 2853 frumento.
349 2797 432 2852 Porro
450 2796 490 2852 illi
511 2811 526 2851 e
545 2797 659 2869 regione
679 2804 780 2853 eterna
799 2795 920 2852 ariditate
940 2811 972 2852 aa
1025 2794 1142 2853 circuitu
1162 2798 1277 2864 Gelboe,
1293 2800 1391 2857 visitet
1405 2803 1560 2868 Dominam
1581 2800 1709 2859 aGclioe
1730 2804 1822 2860 aulem

175 2884 316 2944 sterilitate
338 2885 511 2952 damnantur,
525 2884 596 2940 sicut
617 2884 700 2941 habes
722 2884 863 2957 prophetae
889 2900 972 2956 super
1028 2887 1157 2942 eamear
1174 2886 1215 2959 (ll
1230 2889 1295 2959 ch.
1319 2902 1340 2954 1,
1362 2890 1418 2959 il).
1443 2888 1558 2946 Diabnlo
1583 2904 1693 2962 nempe,
1705 2888 1757 2962 qui
1778 2903 1824 2961 per

176 2974 239 3032 illos
260 2974 496 3047 imprecationem:
520 2975 574 3031 llec
601 2989 657 3044 ros,
676 2973 773 3047 inquit,
797 2989 849 3032 racc
870 2973 973 3048 plavia
988 2947 1011 3027 Β
1024 2967 1126 3027 Galbae
1140 2971 1308 3045 designatur,
1329 2973 1392 3032 binc
1407 2975 1542 3031 indesuut
1559 2988 1665 3033 montes
1679 2992 1752 3050 quos
1767 2974 1824 3033 visi·

176 3063 347 3122 ducendast
370 3078 456 3137 saper
475 3077 533 3119 vor.
556 3063 645 3134 Atque
668 3072 697 3117 ut
721 3063 829 3119 noveris
849 3061 921 3134 quod
940 3061 973 3116 ad
1029 3058 1223 3132 tatDomiuns;
1235 3075 1319 3133 supra
1333 3062 1514 3134 angeli,inlra
1526 3063 1661 3120 homines.
1674 3066 1703 3120 lu
1719 3079 1824 3137 poenaa

176 3152 289 3224 angelos
309 3152 354 3223 qui
386 3150 552 3223 praevaricati
575 3162 638 3206 aunt
658 3153 709 3206 sub
731 3149 818 3225 ligura
840 3149 975 3207 montium
1028 3147 1164 3218 siquidem
1175 3165 1252 3206 suam
1264 3150 1354 3206 locum
1367 3148 1395 3205 in
1410 3165 1470 3207 acre
1484 3148 1545 3216 isto,
1558 3151 1677 3205 medium
1690 3152 1768 3210 inter
1780 3166 1827 3210 otc·

177 3239 281 3296 Gelboe
294 3238 346 3292 ista
360 3237 495 3309 loquatur,
520 3237 577 3306 libi,
591 3237 687 3309 inquit,
700 3238 863 3296 ceciderant
877 3228 975 3295 valae-
1029 3235 1085 3293 lum
1100 3247 1127 3294 at
1138 3249 1246 3307 terram,
1256 3238 1290 3294 de
1303 3237 1375 3295 coelo
1387 3240 1485 3296 cadens
1500 3237 1611 3294 sortitus
1624 3243 1677 3306 est,
1694 3248 1728 3294 ut
1738 3242 1825 3298 videat

177 3329 238 3382 rati
246 3326 336 3381 malti
344 3325 452 3395 (llllep.
463 3324 637 3397 r,il).Quam
645 3325 723 3381 multi
732 3327 759 3382 iu
768 3327 810 3382 his
827 3326 977 3383 maledictis
1029 3332 1057 3381 et
1070 3323 1200 3396 invideat,
1215 3327 1327 3401 ipsaque
1335 3327 1437 3383 invidia
1452 3333 1617 3399 torqueatur,
1631 3325 1775 3396 Scriptura
1789 3327 1827 3383 eli·

178 3414 315 3468 montibus
332 3413 367 3468 de
376 3412 502 3486 exercitu
522 3415 602 3469 lsrael
623 3414 779 3470 ceciderunt
801 3416 975 3487 aprincipio,
1029 3424 1105 3469 cento
1121 3431 1128 3471 :
1144 3417 1279 3473 Peccator
1300 3417 1403 3474 uidebit
1422 3419 1450 3473 ct
1468 3416 1609 3471 irascetur
1623 3413 1757 3473 mortuas
1769 3415 1827 3473 000

180 3512 207 3560 et
224 3502 344 3576 quotidie
361 3502 476 3558 caduntl
494 3504 531 3557 De
540 3504 638 3575 quibus
647 3513 672 3558 et
682 3503 766 3560 habes
774 3504 800 3558 iu
811 3504 907 3561 eodem
918 3519 977 3575 pro
1029 3503 1134 3574 fremet
1148 3506 1177 3560 et
1187 3503 1310 3561 tabescet
1319 3503 1408 3575 (Psoi.
1420 3517 1478 3571 aar,
1495 3499 1653 3571 rotonam
1661 3500 1756 3573 miser,
1767 3516 1826 3558 cun

179 3595 270 3665 pheta,
289 3605 351 3647 cum
364 3590 430 3646 dicit
441 3589 570 3647 Domino:
581 3591 822 3663 ,seacmtncrate
830 3593 976 3650 dormiere-
1030 3590 1143 3664 suspicit
1155 3592 1250 3660 coelos,
1266 3591 1294 3648 in
1307 3592 1406 3665 quibus
1416 3592 1573 3647 inunmeros
1587 3596 1695 3646 montes
1710 3589 1826 3647 intuetur

73 3747 80 3764 ι
181 3684 222 3739 tes
252 3680 285 3734 r'rr
300 3679 584 3752 repuerascam
598 3696 656 3739 non
670 3695 700 3737 es
715 3696 824 3738 memor
841 3681 976 3754 amplias,
1032 3679 1123 3739 divina
1137 3680 1261 3736 claritate
1272 3680 1419 3753 fulgentes,
1435 3679 1537 3737 divinis
1550 3678 1676 3736 laudibus
1690 3677 1824 3736 resultan-

181 3772 210 3826 et
220 3769 276 3842 ipsi
288 3768 322 3824 dc
331 3783 421 3825 marra
433 3773 485 3825 tua
498 3769 684 3842 repulsissent
693 3768 781 3841 (Psal.
798 3768 977 3840 axxxvr1,b):
1033 3776 1083 3834 tes,
1096 3767 1228 3825 sublimes
1241 3768 1268 3823 in
1287 3768 1384 3842 gloria,
1399 3769 1568 3828 abundantes
1582 3766 1610 3822 in
1624 3764 1726 3840 gratial
1744 3766 1837 3843 Quam

218 3860 245 3911 3.
260 3857 321 3913 Non
341 3865 383 3912 est
396 3871 462 3929 ergo
477 3858 590 3928 mirum,
605 3859 629 3914 si
648 3857 757 3914 steriles
775 3865 802 3915 et
816 3859 980 3916 infructuosi
1033 3856 1168 3925 miserior,
1184 3874 1246 3914 cum
1265 3858 1374 3928 respicit
1397 3867 1506 3926 terram,
1529 3862 1636 3914 montes
1651 3853 1826 3914 nihilominus

182 3951 341 4015 permanent
354 3943 409 4015 isti,
425 3959 479 4001 non
490 3953 598 4004 montes
616 3946 712 4017 coelici,
729 3948 777 4003 sed
796 3946 861 4003 aerii
885 3948 978 4014 colles,
1032 3945 1261 4018 quamplurimos
1287 3947 1322 4003 de
1344 3947 1447 4020 populo
1470 3943 1658 4020 acquisitionis
1672 3945 1827 4015 habentem,

132 4030 137 4037 ’
182 4044 266 4104 super
284 4047 352 4104 quos
370 4048 421 4089 nec
444 4047 499 4100 ros,
525 4049 575 4090 neo
593 4034 685 4105 pluvia
703 4036 855 4093 descendit:
880 4035 980 4108 qnippe
1033 4032 1087 4090 lide
1101 4033 1214 4102 solidos,
1230 4050 1278 4106 spe
1291 4035 1424 4102 excelsos,
1438 4034 1570 4092 charitate
1584 4032 1732 4105 spatiosos,
1745 4024 1844 4089 caltea'

183 4128 292 4177 auctore
304 4120 397 4192 gratiae
411 4132 437 4177 et
450 4121 665 4179 benedictionum
675 4122 803 4196 largitore
813 4123 981 4181 transiliente
1032 4123 1188 4194 virtutibus,
1208 4123 1342 4180 bonorum
1361 4137 1475 4194 operum
1493 4121 1625 4180 fructibus
1646 4120 1777 4187 refertos,
1796 4118 1845 4199 de,

183 4225 239 4274 eos,
259 4215 287 4264 et
310 4207 420 4289 ¹4le
438 4210 619 4267 descendente
638 4213 672 4266 ad
700 4211 792 4279 valles,
821 4221 851 4268 ut
878 4212 981 4269 ooelesti
996 4244 1021 4323 n
1034 4227 1096 4268 rore
1109 4212 1172 4269 coeli
1190 4221 1318 4284 tanquam
1330 4213 1363 4268 de
1376 4212 1447 4267 saltu
1468 4211 1562 4284 sponsi
1583 4209 1772 4283 qnotidianam
1785 4223 1828 4266 cs·

183 4296 272 4353 imbre
292 4298 436 4370 pertundet
458 4297 576 4354 humiles
589 4299 636 4371 qui
649 4307 712 4356 sunt
734 4308 937 4372 superterram,
953 4306 981 4357 et
1035 4302 1141 4372 pientes
1154 4301 1387 4358 benedictionem!
1404 4302 1471 4357 Cum
1485 4308 1587 4373 quanto
1599 4307 1728 4374 putamus
1741 4299 1830 4356 dolote

184 4385 301 4441 lructum
320 4386 433 4442 alteram
451 4387 479 4441 in
498 4387 635 4459 patientia,
656 4386 779 4445 fructum
802 4389 979 4458 tricesimum,
1035 4399 1061 4445 et
1075 4404 1189 4447 rancore
1202 4389 1314 4461 aspiciat
1332 4389 1378 4445 ille
1401 4390 1592 4464 cupidissimus
1605 4387 1700 4461 gloriae
1723 4387 1830 4445 istosin

184 4475 393 4547 sexagesimum,
413 4484 441 4531 et
464 4478 641 4534 centesimum
664 4477 776 4548 (hacta.
798 4493 863 4547 xrn,
878 4482 905 4544 8,
926 4481 979 4548 233
1034 4478 1148 4534 circuitu
1161 4493 1212 4535 suo
1222 4485 1275 4533 tam
1285 4479 1419 4550 gloriosos
1433 4487 1549 4547 montes,
1561 4493 1621 4535 cum
1636 4491 1666 4533 se
1680 4484 1710 4532 et
1724 4491 1792 4534 snus
1803 4488 1830 4532 se

185 4563 252 4621 Lae.
268 4576 330 4630 vau,
343 4563 531 4637 15).Denique
540 4564 658 4622 visitavit
672 4575 780 4636 terram,
800 4574 827 4623 et
842 4566 982 4624 inebriavit
1034 4567 1149 4639 regione
1172 4568 1299 4633 incultos,
1323 4566 1491 4632 tenebrosos,
1516 4565 1596 4623 bonis
1615 4565 1748 4623 omnibus
1768 4564 1843 4641 inb.

184 4665 260 4708 eam:
276 4650 463 4724 multiplicavit
477 4651 640 4725 locupletare
656 4669 715 4710 eam
730 4655 818 4725 (Paul.
832 4669 910 4721 cxiv,
926 4655 981 4724 lu).
1035 4655 1139 4712 candos
1151 4655 1290 4726 despiciat,
1304 4656 1341 4712 ita
1363 4666 1393 4712 ut
1419 4671 1449 4712 se
1467 4655 1566 4712 sentiat
1579 4669 1639 4712 esse
1654 4655 1833 4728 opprobrium

186 4740 297 4795 Terram
312 4739 437 4807 visitavit,
457 4754 511 4796 non
531 4757 621 4798 aerem
636 4743 698 4815 quia
711 4744 906 4801 misericordia
925 4746 981 4802 Do-
1035 4745 1174 4802 hominnm
1188 4752 1214 4802 et
1227 4745 1397 4818 angelorum,
1417 4745 1463 4818 qui
1483 4745 1611 4802 omnibns
1634 4745 1833 4819 exprobrabat,

185 4829 353 4902 miaiplcraa
363 4831 405 4885 est
415 4828 590 4901 terraffsal.
605 4846 695 4898 axin,
707 4831 745 4902 5).
761 4831 893 4904 Denique,
911 4833 982 4906 Ope·
1035 4834 1182 4892 secundum
1205 4835 1272 4891 illud
1287 4834 1316 4890 in
1330 4834 1444 4890 Psalmis
1460 4855 1467 4892 ε
1483 4836 1574 4892 Draco
1597 4835 1652 4890 iste
1665 4846 1756 4907 quern
1775 4838 1832 4908 [or-

187 4919 270 4972 ratar
284 4917 326 4973 est
339 4915 499 4972 salatcmirr
508 4916 600 4973 medio
611 4919 904 4988 terroelPsal.axx1u,
917 4920 981 4992 12);
1036 4925 1123 4980 masii
1136 4923 1173 4980 ad
1186 4923 1367 4981 illudendam
1389 4925 1436 4982 ei?
1451 4922 1540 4993 (Psoi.
1555 4937 1615 4994 cuv,
1629 4923 1688 4994 sa).

187 5003 309 5074 nunquid
324 5011 351 5059 et
361 5004 389 5059 in
399 5003 488 5061 medio
502 5005 592 5062 aeds?
607 5005 662 5061 iloc
675 5006 817 5064 adversum
825 5005 982 5083 origenem,
1072 5015 1100 5068 6.
1112 5012 1200 5084 Atqm
1213 5012 1275 5080 hoc,
1290 5013 1355 5086 quia
1368 5011 1404 5068 ob
1418 5012 1542 5083 ipsorum
1564 5008 1728 5084 snperbiam
1747 5018 1836 5069 trans·

187 5091 234 5163 qui
251 5092 281 5148 in
295 5107 357 5149 aere
370 5093 515 5150 Dominum
534 5093 628 5166 gloriae
642 5093 732 5151 denuo
748 5111 796 5169 pro
815 5097 983 5156 daemonibus
1035 5100 1079 5157 ilit
1098 5115 1146 5157 eos
1161 5102 1295 5173 Sponsus,
1318 5101 1419 5156 saliens
1437 5099 1465 5155 in
1484 5105 1593 5156 montes
1609 5097 1657 5170 qni
1669 5097 1700 5154 in
1721 5099 1836 5158 circuita

187 5181 338 5251 impudenti
355 5180 487 5254 cmcidgit
510 5183 662 5252 mendacio,
679 5199 740 5240 cum
762 5183 843 5256 hujus
856 5186 984 5244 conscius
1037 5191 1096 5260 eius
1111 5197 1184 5260 sunt,
1205 5199 1333 5263 tanquam
1352 5188 1414 5245 lons
1436 5187 1586 5245 ascendens
1599 5188 1635 5245 de
1657 5186 1745 5245 melio
1758 5204 1837 5261 para-

187 5271 308 5342 mysterii
322 5271 422 5328 Paulus
435 5271 562 5343 affirmet,
576 5275 651 5347 quod
664 5290 811 5349 resurgens
821 5291 854 5332 ex
867 5276 984 5333 mortuis
1036 5276 1099 5346 disi,
1115 5277 1233 5351 irrigans
1247 5277 1382 5348 universa,
1403 5286 1431 5335 et
1443 5278 1562 5352 implens
1575 5290 1656 5334 omne
1668 5275 1772 5334 animal
1787 5278 1836 5336 be·

184 5358 241 5428 jam
264 5375 319 5417 uon
338 5359 464 5432 moritur,
484 5377 558 5421 mors
579 5362 620 5419 illi
640 5363 710 5422 ultra
729 5379 783 5421 non
802 5364 985 5423 dominabitur
1037 5366 1283 5425 nedictione.lieati
1298 5367 1346 5440 qai
1360 5376 1477 5425 torrente
1490 5366 1636 5440 voluptatis
1649 5364 1737 5438 hstias
1749 5364 1838 5439 potari

188 5445 279 5517 (Rom.
290 5464 329 5521 vr,
344 5451 386 5522 9).
1038 5453 1179 5515 intemam
1192 5455 1236 5514 rel
1259 5469 1321 5514 raro
1342 5465 1533 5531 promereatur
1553 5454 1583 5516 ia
1595 5454 1701 5531 quibas
1713 5453 1771 5516 etsi
1783 5461 1857 5553 aaa,
