3734 5948
395 264 433 338 ¹tn
453 260 670 327 nmtctttous
689 261 852 325 nccttma
869 261 979 324 sntio
996 264 1042 325 tt.
1359 238 1364 249 '
1495 275 1550 337 sca

83 390 227 465 pumuuits
248 398 289 448 eat
310 389 390 447 castri
407 387 541 447 Dominici
558 388 697 463 tortitudo,
714 402 836 482 “guum
857 395 909 458 eet,
933 387 1030 447 salutis
1053 389 1199 463 plurimum
1221 392 1337 465 cupidis,
1362 394 1477 456 dirersis
1491 415 1552 458 mo-

83 480 203 539 ttimere
227 487 360 552 oporteat,
387 481 410 535 si
431 486 522 535 tamen
544 478 657 535 fideliter
670 485 699 534 et
754 495 814 534 rum
828 477 1029 536 infirmitatibus
1043 480 1164 538 remedie
1185 480 1291 540 divana
1314 487 1457 558 conquiro.
1478 488 1551 560 Quid

83 570 314 657 reuoluerinrus3
339 578 368 625 ut
392 569 514 627 uidelicet
534 583 585 624 uec
606 567 701 641 prodi·
755 565 874 635 prodest,
899 565 922 623 si
945 581 996 623 nee
1024 569 1140 638 prodere
1168 575 1297 639 castrum,
1325 587 1376 630 uec
1400 575 1552 650 relinquere

84 658 184 731 putidi,
214 674 265 715 noc
286 658 394 715 desides
430 656 606 716 inveniemur.
633 657 700 713 Nem
755 654 832 726 velis,
855 654 905 711 sed
924 656 1018 728 segnis
1042 664 1069 714 et
1093 657 1244 716 desidiosus
1263 660 1294 716 iu
1313 677 1346 720 eo
1368 668 1552 735 permaneus?

83 748 180 823 quidem
204 747 282 811 liunt,
302 748 456 819 quicunque
477 745 506 802 in
520 747 572 803 boo
592 746 701 802 Domini
753 743 822 800 'l'uto
838 743 950 814 proinde
964 745 1065 813 unimo,
1082 754 1137 805 totu
1151 746 1260 819 uirtute,
1276 749 1455 821 dilectissimi,
1477 769 1553 812 com-

83 834 155 895 ninos
165 837 226 906 eius
235 833 344 892 1075
359 834 529 892 introducere
541 832 700 896 moliuntur,
756 833 865 889 rnissttm
878 832 958 891 uobis
969 842 1086 891 cestrum
1100 835 1210 893 Domini
1229 845 1255 893 et
1269 836 1353 912 ltegis
1371 845 1457 899 nostri
1472 860 1554 901 uranu

104 923 200 997 utique
219 925 395 989 detractores,
424 923 484 980 Deo
507 922 636 992 odibiles,
653 920 701 994 qui
756 932 845 980 tenera
879 922 1047 991 laboremne,
1074 924 1182 981 solliciti
1209 935 1302 983 eontra
1328 943 1424 988 omnes
1449 931 1554 991 inimici

83 1013 218 1080 eminant,
239 1019 266 1070 et
285 1013 409 1069 nutriunt
423 1013 550 1068 maudein
563 1012 632 1069 inter
645 1011 701 1068 lra-
755 1011 897 1083 versutias,
919 1018 947 1070 et
969 1013 1098 1070 aduersus
1130 1013 1220 1070 omnia
1250 1015 1310 1088 ejus
1336 1017 1554 1079 machinamenta

84 1103 159 1163 euim
179 1102 207 1159 in
227 1119 294 1175 pace
316 1103 403 1159 laetus
417 1110 460 1158 est
478 1102 553 1160 iocus
577 1101 701 1174 Domini3
756 1100 853 1171 parati,
864 1100 1073 1173 sicutscriptum
1081 1104 1281 1171 causentur
1290 1105 1407 1179 diabole
1418 1112 1447 1167 et
1460 1111 1555 1183 suptet

83 1191 133 1249 dle
146 1190 235 1250 locum
258 1191 367 1248 diabolo
380 1191 439 1248 lieri
455 1191 626 1248 manifestum
648 1197 702 1247 est.
756 1189 860 1248 anobis
874 1188 991 1261 (laets,
1007 1192 1046 1261 7).
1062 1190 1236 1263 Atquouiam
1244 1192 1436 1270 scimussquc
1452 1197 1553 1255 dictum

83 1278 129 1352 ini,
144 1279 254 1348 tratres,
269 1280 291 1336 si
310 1281 407 1338 durius
424 1279 497 1352 loqui
516 1280 625 1351 videon
639 1279 703 1354 quie
756 1277 804 1336 sit:
822 1279 882 1337 Nisi
895 1280 1031 1337 bomiscos
1044 1278 1210 1338 custodierit
1223 1282 1380 1352 ciuitatem,
1392 1286 1506 1356 [rostro
1517 1290 1555 1346 ui·

83 1368 160 1428 tinem
180 1370 282 1442 palpet.
310 1368 427 1425 Omnino
448 1368 613 1439 proditorem
641 1383 703 1427 eoae
756 1369 828 1439 qitot
847 1369 1309 1443 quicusloditenmll’sal.cxxvt,
1325 1371 1367 1444 l);
1383 1373 1556 1432 humiliemur

83 1460 136 1534 quis
156 1457 238 1525 lorte,
253 1459 327 1530 quod
350 1457 435 1515 absitl
451 1457 517 1515 uitia
532 1457 661 1530 quelibet
675 1458 704 1514 in
757 1454 809 1511 sub
824 1455 925 1526 potenti
938 1471 1020 1512 mauu
1033 1454 1174 1522 Altissirni,
1189 1464 1216 1514 et
1230 1472 1290 1526 nus,
1310 1469 1337 1516 et
1351 1460 1460 1519 domum
1475 1463 1554 1521 istam

83 1562 108 1605 ut
137 1553 251 1605 conatur
272 1545 413 1616 iuducere,
438 1554 465 1602 et
497 1547 629 1618 templum
654 1545 704 1603 Dei
757 1551 813 1602 tote
834 1543 979 1603 dovotione
1001 1546 1063 1616 ejus
1084 1544 1279 1603 misericordie
1301 1551 1508 1620 committentes,
1526 1567 1560 1612 ut

84 1632 177 1695 iuuere
201 1635 408 1693 demoniorum.
431 1634 537 1692 Gratias
559 1636 627 1702 Deo,
649 1650 702 1692 nou
756 1633 815 1705 ipse
838 1648 889 1690 nos
907 1634 1039 1691 custodiat
1052 1633 1086 1688 ab
1110 1633 1238 1692 omnibus
1259 1634 1365 1694 insidiis
1383 1637 1555 1699 inimieorum

83 1723 234 1783 insanimus
249 1724 417 1802 hujusmodi.
434 1724 489 1781 Sed
502 1733 589 1782 umen
603 1723 702 1797 depre-
719 1690 742 1769 Β
757 1721 890 1789 omnium,
908 1719 943 1777 eri
965 1721 1073 1779 laudern
1091 1729 1119 1778 et
1132 1722 1248 1795 glorium
1272 1725 1390 1784 nominis
1407 1729 1460 1799 sui,
1482 1731 1557 1803 quod

83 1812 197 1871 uerdum
221 1813 292 1870 lorte
308 1812 465 1886 nonnullos,
485 1814 531 1886 qui
545 1811 703 1884 colloquan-
756 1821 797 1870 est
810 1812 982 1870 benedictum
995 1811 1022 1869 iu
1037 1811 1257 1873 osculandam.

83 1909 152 1975 qut
166 1900 336 1975 paciscantur
350 1901 439 1961 loedus
454 1917 516 1957 cum
536 1910 631 1969 morte,
652 1902 703 1959 hoc
1069 1899 1185 1957 sttutto
1201 1901 1235 1958 ill

83 2004 130 2059 ur,
154 1991 225 2064 quod
243 1992 271 2047 in
290 1991 329 2048 eis
351 2001 403 2057 est,
422 1990 584 2048 imminuere
602 1990 704 2047 ordinis
987 1986 1028 2045 [ie
1042 1987 1137 2061 triplici
1151 1987 1299 2049 mansione.
1343 2015 1345 2019 ⁴

83 2077 274 2151 ‚intepescere
298 2079 441 2150 terrorem,
466 2081 575 2138 turbare
598 2095 703 2153 pacem,
794 2076 944 2136 biclinio
968 2076 1095 2135 leudibus
1121 2078 1292 2137 celebramus
1318 2081 1387 2138 haue
1415 2083 1498 2152 dienr,
1527 2093 1555 2141 et

83 2166 194 2225 uuum.
222 2168 322 2227 Verum
349 2184 400 2226 uos
427 2169 536 2240 quidem
564 2176 705 2225 caueamus
757 2165 861 2226 lestittis
882 2182 944 2224 estu
962 2166 1072 2240 gaudiis
1090 2167 1264 2226 honoremus.
1288 2167 1367 2238 Quod
1388 2171 1412 2227 si
1432 2188 1483 2230 nee
1496 2174 1555 2230 reli·

83 2263 165 2315 tutum
189 2272 352 2329 possumus;
374 2258 445 2315 sicut
462 2258 592 2330 scriptum
610 2267 651 2314 est
671 2258 705 2316 de
757 2255 841 2330 qiosia
862 2256 1001 2329 competit,
1026 2270 1078 2312 nec
1092 2255 1230 2328 sepientes
1247 2258 1327 2315 decet
1349 2258 1475 2333 iquorsre
1489 2262 1555 2334 quid

99 2346 178 2404 letus
192 2352 289 2404 cutem
304 2363 362 2404 coc
375 2347 504 2405 credebat
518 2364 547 2405 se
560 2346 704 2418 mellono.
757 2350 932 2415 venarentur,
954 2352 1000 2399 aut
1022 2343 1158 2401 celebrate
1180 2345 1254 2417 quod
1279 2347 1411 2421 nesciant3
1427 2365 1555 2423 queren-

83 2437 373 2510 tuutemvobisqnia,
387 2437 703 2509 licctportenturmodo,
758 2432 823 2489 dum
844 2428 961 2490 sote
980 2431 1061 2488 uubis
1084 2440 1136 2500 est,
1152 2432 1180 2487 in
1200 2429 1282 2503 eujus
1303 2434 1332 2490 id
1355 2437 1445 2509 aqitur
1466 2440 1509 2497 tel
1529 2440 1556 2495 in

83 2533 126 2581 tut
148 2527 203 2582 cito
225 2541 307 2602 grave
326 2525 469 2596 judicium,
497 2526 551 2583 nisi
573 2542 603 2584 so
627 2525 706 2583 citius
758 2536 874 2593 qnorum
895 2519 1150 2578 commemoratione
1171 2530 1339 2582 sauctorum.
1363 2525 1420 2583 Nec
1445 2529 1556 2585 veroid

83 2620 116 2683 tt,
142 2615 211 2670 sicut
228 2629 309 2684 grave
332 2614 461 2671 damnum
486 2615 636 2673 moliuntur
660 2614 705 2670 in·
758 2610 824 2667 milti
838 2626 872 2666 eu
885 2624 930 2667 me
943 2607 1061 2667 arbitror
1074 2609 1297 2680 presumendum
1316 2629 1325 2671 ε
1341 2612 1417 2685 prior
1430 2613 1558 2690 loquatur

83 2746 85 2755 .
111 2700 194 2771 eninr,
219 2701 321 2761 irateri
344 2701 465 2771 vanitati,
490 2714 535 2759 aut
564 2701 704 2775 tepiditati,
759 2703 837 2766 atter,
859 2698 938 2769 cuius
959 2696 1145 2756 testimouium
1168 2700 1257 2770 maius
1280 2699 1325 2770 sit,
1349 2711 1377 2759 et
1402 2704 1559 2764 credibilius

83 2790 185 2847 telteri
208 2790 273 2847 titio
296 2789 377 2847 itdcm
401 2808 492 2850 servus
520 2792 658 2864 operibus,
680 2800 708 2847 et
758 2788 892 2845 rideatur.
928 2785 1062 2845 Hirsmiui
1099 2788 1169 2844 lorte
1198 2803 1250 2845 cur
1276 2788 1328 2847 ists
1355 2795 1558 2867 prmtoquimur,

83 2893 177 2937 uarum
188 2880 334 2938 mentiris?
350 2880 489 2951 Optimum
503 2891 575 2938 carta
590 2891 705 2938 castrum
760 2892 823 2934 rum
841 2873 937 2936 saeuis
955 2890 1016 2933 ease
1035 2874 1175 2933 obtutibus
1194 2876 1312 2936 eeclesia
1332 2895 1455 2952 presens
1467 2884 1559 2940 mani-

83 2958 132 3039 tto,
157 2967 313 3026 etinimicis
336 2970 397 3039 ejus
422 2969 564 3027 tradideris
584 2969 703 3026 Claram·
720 2973 743 3052 c
758 2966 851 3024 leutius
872 2968 988 3038 ingerat,
1016 2964 1097 3034 cuius
1125 2964 1309 3024 anniversarie
1335 2967 1469 3029 dedicatio
1483 2973 1559 3029 culr-

83 3056 162 3115 timos
176 3057 240 3114 iude
255 3058 470 3130 singulisanuis,
487 3067 514 3114 nt
528 3057 706 3130 pretiososiu
760 3054 862 3110 bratur.
900 3051 970 3122 Quid
996 3051 1068 3108 euim
1096 3053 1216 3122 parietes
1244 3054 1304 3124 eius
1331 3065 1440 3114 sanctos
1466 3059 1558 3117 dicere

83 3145 181 3203 reditus
195 3146 346 3218 accipitaet
359 3148 477 3217 praedam
492 3147 708 3218 menumquam
761 3156 911 3208 vereamur,
936 3154 1006 3210 quos
1030 3154 1127 3194 manus
1152 3148 1267 3197 sacratae
1290 3141 1448 3213 pontificum
1480 3150 1562 3205 tantis

83 3234 136 3303 ipit,
154 3235 181 3288 iu
195 3235 268 3290 bunc
283 3234 441 3290 munitionis
459 3249 516 3290 suae
540 3234 627 3291 locum
642 3235 710 3290 solet
761 3226 961 3285 sanctiioarere
985 3226 1141 3298 mysteriis?
1159 3227 1266 3285 Extunc
1290 3245 1402 3303 quoque
1429 3242 1457 3290 et
1479 3236 1561 3291 dein-

83 3328 100 3379 t
122 3323 204 3379 babet
227 3322 354 3379 fiduciam
376 3323 488 3379 multam
506 3324 534 3379 iu
553 3322 710 3380 tortitudine
762 3331 828 3389 ceps
846 3323 1001 3377 moturum
1024 3314 1092 3371 inibi
1111 3315 1257 3373 lectionum
1279 3316 1411 3378 resultare
1433 3320 1561 3397 lrcquen·

84 3410 159 3469 estitit
176 3425 246 3484 qttos
261 3410 375 3468 redemit
396 3411 430 3467 de
450 3426 532 3467 manu
554 3410 667 3480 inimici,
684 3419 711 3468 et
763 3407 810 3476 tia,
841 3411 994 3463 sauctorum
1025 3403 1180 3461 orationum
1209 3404 1306 3463 deuota
1332 3424 1502 3470 murmurare
1516 3428 1565 3471 stt·

83 3514 129 3559 uus
152 3498 395 3574 congregavimus,
415 3515 431 3556 a
452 3500 518 3557 solis
531 3508 592 3557 ortu
614 3506 640 3556 et
661 3514 709 3557 oc·
764 3495 862 3562 surrin,
882 3499 1037 3553 sanctarum
1057 3492 1234 3565 reliquiarum
1249 3495 1378 3553 honorari
1395 3499 1472 3558 beata
1490 3518 1566 3573 prae-

83 3576 184 3663 quilone
197 3595 226 3645 et
241 3588 318 3645 mari.
339 3588 443 3656 Quibus
456 3603 523 3661 ergo
547 3589 712 3660 proditorem
764 3583 861 3653 sentis,
894 3590 1048 3640 martorum
1088 3580 1231 3655 spirituum
1267 3581 1403 3641 indelessa
1442 3591 1565 3646 noscitur

83 3692 107 3748 t,
119 3686 264 3751 postquam
279 3679 466 3749 deprehensus
483 3686 511 3734 et
529 3677 710 3748 comprehen-
764 3672 885 3731 custodia
909 3670 1035 3744 riqilure.
1068 3670 1150 3727 Dicas
1170 3669 1301 3728 forsitan:
1326 3673 1429 3730 Coemra
1452 3675 1563 3748 quidem

83 3769 182 3837 {usque
208 3765 281 3823 enirn
301 3766 386 3822 latere
411 3774 457 3821 aut
479 3766 575 3838 lugere
598 3767 710 3838 potest),
766 3761 898 3820 evidentia
920 3767 1000 3826 suut;
1024 3759 1073 3818 sed
1091 3759 1155 3833 quis
1172 3759 1311 3831 angelicus
1330 3776 1392 3820 sese
1405 3763 1505 3823 vidisse
1518 3783 1566 3824 er-

83 3868 156 3925 uum,
170 3860 252 3926 putea
266 3855 453 3925 exponendum
473 3869 534 3911 esse
554 3853 712 3926 suppliciis?
767 3850 861 3907 cultius
882 3848 1032 3920 gtnrirrnrt
1050 3848 1108 3904 Etsi
1122 3857 1150 3903 tu
1166 3847 1236 3905 torte
1250 3862 1305 3906 non
1318 3850 1403 3919 vides,
1419 3862 1461 3911 est
1474 3863 1564 3915 temen

93 3943 231 4001 communi
244 3951 403 4000 caeterorum
424 3940 511 4001 morte
532 3941 713 4011 damnabitur,
767 3940 814 4012 qui
829 3938 908 4005 videt,
931 3937 990 4010 ipse
1011 3937 1059 4010 qui
1082 3937 1175 3993 mittit.
1199 3936 1269 4007 Quis
1282 3938 1349 3997 illei
1372 3941 1503 4001 Nimirum
1518 3948 1565 4019 qui

83 4030 125 4089 itis
145 4031 223 4089 illam
244 4046 354 4088 necesse
376 4039 417 4087 est
436 4031 546 4091 interire
563 4031 712 4089 tormentis.
765 4027 884 4100 loquitur
898 4042 948 4098 per
959 4027 1137 4099 prophetam:
1151 4041 1237 4100 super
1248 4044 1346 4088 moros
1360 4034 1435 4100 tuor,
1449 4036 1566 4094 tenuo·

83 4118 135 4178 odo
151 4120 213 4193 plut
229 4119 358 4178 imaturor
375 4118 446 4177 circa
460 4119 528 4180 istu:
545 4119 628 4178 crede
651 4134 712 4175 me·
769 4119 834 4187 lem,
859 4115 995 4175 constitui
1018 4115 1146 4174 custodes
1169 4114 1317 4186 (lsaitxtt,
1341 4117 1431 4190 oisc
1453 4124 1564 4196 quidem

83 4207 153 4267 tsub
168 4209 219 4267 buc
232 4216 287 4265 tam
301 4207 461 4265 exsecrabili
472 4208 625 4280 proditione
637 4219 714 4267 oete·
767 4222 874 4263 sursum
896 4205 1056 4273 ierusalem,
1080 4220 1142 4277 qum
1165 4214 1207 4262 est
1230 4205 1323 4273 libera,
1349 4219 1435 4265 meter
1457 4221 1563 4272 nostra:

83 4296 176 4359 mutes
190 4300 224 4355 de
237 4307 337 4355 caetero
350 4296 444 4367 majori
464 4296 644 4355 solicitudine
657 4312 713 4354 nott
729 4259 754 4339 ὓ
768 4295 818 4353 sed
838 4294 949 4353 minime
976 4293 1137 4352 crediderim
1161 4310 1243 4366 super
1264 4311 1359 4353 muros
1376 4299 1439 4368 eius
1460 4303 1564 4358 cousti-

83 4387 133 4447 eed
151 4387 284 4459 repellere
308 4387 382 4457 vitia,
402 4401 571 4460 quecunque
592 4386 637 4442 illa
649 4386 715 4456 sint,
770 4385 841 4443 tulos
854 4399 916 4442 esse
926 4384 1065 4452 custodes,
1079 4381 1107 4437 in
1122 4383 1201 4452 cuius
1215 4383 1343 4442 lendibus
1356 4386 1492 4461 Propheta
1512 4392 1564 4449 de-

83 4476 188 4549 is,seu
210 4476 290 4533 etiam
313 4476 464 4544 saecularia,
489 4491 525 4533 ue
546 4475 713 4548 proditorum
766 4481 868 4532 cunmt:
891 4473 947 4542 ont
961 4474 1061 4545 posuit
1077 4471 1149 4541 ficos
1167 4476 1229 4530 tuos
1243 4488 1341 4545 pacem
1354 4475 1442 4546 (Psoi.
1456 4494 1563 4553 uxsvtt,

83 4580 186 4639 prunam
200 4564 337 4623 incurrere
350 4581 512 4623 mereamur.
769 4562 825 4632 lli.
835 4563 878 4619 'l'u
891 4574 956 4618 tero
968 4560 993 4616 si
1007 4559 1034 4614 id
1047 4573 1141 4631 putum
1154 4557 1270 4629 jndices,
1287 4576 1373 4637 perge
1382 4564 1476 4624 audite
1489 4572 1563 4641 quud

83 4652 129 4713 tdo
152 4656 212 4712 loco
230 4655 310 4712 etiam
331 4655 397 4712 illud
419 4654 578 4725 cavendum,
599 4671 634 4712 ne
653 4655 713 4729 quis
767 4651 889 4724 sequitur
903 4650 930 4705 in
944 4646 1098 4705 testimonio
1113 4647 1293 4719 precedenti;
1315 4652 1381 4711 loto
1393 4654 1449 4720 die,
1464 4656 1562 4733 inquit,

83 4742 228 4801 luuimitate
242 4746 376 4816 dejectus,
392 4743 664 4818 ingiutumuuitione,
674 4745 713 4802 ibi
767 4744 797 4801 et
808 4741 869 4796 tota
882 4737 1247 4809 oocteieperpeturtmnort
1257 4740 1392 4800 tacebunt
1402 4744 1480 4817 (leci.
1496 4762 1563 4822 extr,

83 4832 165 4892 liuore
177 4834 225 4890 ubi
249 4842 357 4891 nonest
375 4835 469 4906 timor3
492 4834 538 4891 ubi
553 4850 618 4894 sero
636 4850 713 4891 sum-
768 4830 807 4900 6).
821 4825 962 4899 Siquidem
980 4828 1120 4881 advertere
1140 4836 1182 4882 est
1203 4825 1247 4883 vel
1261 4828 1322 4896 boc,
1345 4846 1399 4888 nott
1422 4834 1492 4892 bauo
1505 4852 1565 4894 esso

83 4924 169 4983 tulum
202 4932 252 4994 est,
286 4924 380 4979 insana
408 4923 557 4982 temeritate
591 4939 712 4982 securus.
765 4915 962 4975 ierusalemde
976 4928 1029 4988 qua
1042 4912 1147 4988 legisti:
1162 4916 1257 4974 Portoe
1274 4919 1337 4990 ejus
1356 4922 1563 4984 noccluuden-

86 5010 161 5069 euim
180 5011 313 5080 manibus,
334 5012 478 5068 hostilibus
495 5011 594 5085 gladiis
612 5028 641 5069 se
665 5029 713 5069 es·
769 5013 817 5066 tur
829 5021 878 5078 per
891 5002 984 5073 diem
997 5020 1057 5062 ΜΦ
1071 5004 1148 5062 mim
1156 5018 1216 5061 ⁷¹⁰st
1232 5008 1289 5063 erit
1301 5008 1485 5084 inmtnpoe.
1501 5030 1562 5087 xst,

83 5116 175 5174 unque
202 5108 245 5157 est
268 5103 311 5158 ille
332 5102 379 5174 qui
404 5101 482 5176 luqit,
508 5117 540 5157 aa
562 5102 585 5158 si
608 5101 715 5176 ignoret
769 5095 825 5169 25).
839 5094 967 5167 ltlserqo
988 5093 1138 5151 ierusalem
1158 5108 1210 5150 nec
1229 5093 1430 5159 vicissitudines
1453 5104 1562 5175 petitur,

83 5197 166 5247 testes
193 5187 231 5245 illi
261 5189 372 5247 omnino
398 5196 491 5246 carent
519 5188 715 5256 misericordia,
769 5198 821 5240 nec
835 5180 993 5242 custodibus
1007 5188 1086 5255 eget:
1104 5181 1204 5238 nostris
1218 5182 1308 5252 potius
1320 5190 1447 5248 custodes
1469 5207 1566 5250 ueces-

83 5274 175 5348 uidem
198 5278 227 5334 in
240 5279 355 5350 alienos,
375 5280 423 5337 sed
442 5279 528 5336 multo
547 5275 715 5335 crudeliores
769 5280 850 5330 seest
863 5269 994 5327 etdiebus
1008 5278 1035 5326 et
1051 5270 1177 5326 noctibus
1197 5269 1336 5342 deputari.
1358 5277 1449 5353 Super
1468 5298 1564 5343 muro,

83 5368 152 5443 tippe
166 5368 349 5427 cmdelissimi
363 5369 391 5426 in
411 5384 440 5426 se
454 5369 538 5442 ipsos.
771 5366 846 5432 tuos,
860 5358 1030 5427 Jerusalem,
1044 5359 1182 5416 constitui
1193 5360 1332 5447 nariodus.

83 5472 143 5519 tero
167 5458 276 5515 terium
300 5473 409 5531 quoque
428 5457 577 5530 periculum
600 5455 718 5514 breuiter
806 5453 833 5508 2.
849 5447 985 5519 Beniquus
999 5461 1044 5525 es,
1068 5445 1192 5517 Domine,
1213 5463 1264 5507 uec
1277 5463 1430 5515 nostrorum
1444 5458 1496 5518 trac
1510 5460 1565 5521 ire·

85 5548 143 5620 jum
167 5549 236 5606 born
248 5548 391 5621 praeteriit,
414 5547 479 5604 dum
492 5555 599 5614 cestre,
624 5554 656 5604 ut
671 5546 717 5602 di·
769 5539 820 5613 gili
835 5534 1001 5611 prolusione
1020 5547 1159 5593 murorum
1179 5544 1257 5608 potos
1276 5554 1339 5598 esse
1356 5553 1508 5622 mutentur,
1519 5554 1566 5610 sed
