3734 5948
572 220 986 300 ssmouaseunrruusts.
1544 228 1597 290 nn

73 349 152 405 reuda
179 359 222 404 est
249 356 359 420 propter
388 346 557 403 breuitatem.
580 346 652 401 Bene
678 345 749 401 enim
764 360 788 438 Ι
805 343 922 401 mirabili
943 343 1120 403 mutabilitate
1142 345 1276 405 videntur.
1294 349 1408 407 llultum
1431 354 1534 424 repleta
1555 366 1598 412 est

73 436 145 493 robis
158 435 287 507 providit,
302 452 363 506 qne
378 435 481 490 nullum
496 432 618 490 dolorem
632 432 672 489 vel
687 433 749 490 lon·
805 434 894 490 anima
911 448 1019 506 sorum,
1034 435 1211 507 opprobrium
1227 437 1434 509 abundantibus,
1450 451 1477 498 et
1495 443 1597 515 despe-

73 524 99 581 al
124 541 253 596 maguum
272 541 334 580 esse
356 523 532 580 demonstrat.
549 522 577 580 Si
597 522 669 579 enim
690 539 750 579 ma-
805 524 859 580 ctio
873 523 998 597 superbis
1017 524 1104 595 (Psoi.
1128 540 1219 593 exxrr,
1242 527 1279 596 i).
1304 527 1398 585 Cernis
1412 546 1493 602 quam
1516 531 1600 589 libera

73 623 93 683 t,
110 614 209 685 longus
223 629 284 670 esse
307 628 360 669 non
386 616 486 683 polest.
501 613 664 682 conjunctio
678 612 750 668 enim
805 610 893 666 fronte
907 608 1064 682 pontificum
1078 611 1184 680 faciem,
1201 613 1401 671 Pharisaeorum
1415 618 1599 688 supercilium,

73 710 121 759 tet
143 703 240 757 anime
264 703 397 774 exquisita
418 701 464 756 diu
488 708 621 756 tormenta
637 716 689 756 non
704 716 750 755 su·
805 699 951 755 tumultum
963 699 1050 773 plebis
1074 701 1223 772 irrumpant
1242 702 1364 761 dicentes
1384 723 1391 757 ε
1410 706 1494 778 llepis
1516 723 1600 779 opor-

73 792 122 849 sed
144 792 263 861 stuporis
286 790 471 861 magnitudine
490 790 655 859 tremefacta,
672 806 750 845 sum·
807 790 848 843 let
863 790 916 844 Deo
930 787 1039 846 obedire
1052 805 1137 861 quum
1152 788 1335 847 bominibus?
1349 792 1423 861 (dcl.
1437 810 1464 859 ι’,
1479 796 1539 865 29.)
1554 795 1601 850 la-

73 879 171 951 psilate
196 879 363 935 dissolvitur.
393 878 483 951 Magni
511 892 575 953 erpo
601 878 682 933 aninri
711 885 752 932 est
807 885 880 933 tuere
895 876 1006 933 illudue
1022 894 1121 950 magne
1138 878 1290 945 luminaria,
1306 881 1413 936 Petrum
1432 889 1460 937 et
1477 883 1600 947 Paulum,

77 976 214 1027 tormenta
236 977 419 1032 contemnere,
443 983 504 1038 que
522 967 547 1021 in
563 967 638 1023 breti
652 974 751 1023 mamm
807 973 834 1019 et
849 965 1004 1022 universum
1018 966 1142 1022 ordinem
1155 967 1297 1038 apostolici
1318 977 1429 1025 senalus
1442 972 1600 1029 obambula:

88 1057 279 1125 mutationem,
302 1067 332 1113 nt
354 1057 387 1110 de
413 1055 506 1112 labore
525 1057 559 1113 ad
573 1056 703 1128 requiem,
719 1056 753 1112 de
807 1061 834 1109 et
846 1054 884 1110 ibi
903 1053 1008 1110 ridebis
1022 1054 1183 1112 obedientie
1197 1055 1348 1115 firmitatem
1365 1061 1437 1116 inter
1449 1068 1601 1119 tormento-

82 1146 258 1219 adgloriam,
275 1145 421 1216 patientem
442 1144 541 1201 iaciant
554 1145 668 1202 evolare.
682 1147 754 1203 Con·
809 1158 867 1198 rum
890 1143 1089 1201 multitudinem
1111 1143 1225 1202 viriliter
1249 1147 1408 1218 perstitisse,
1432 1165 1522 1208 nonne
1545 1151 1604 1223 ipse

73 1236 106 1295 da
129 1244 169 1293 est
193 1235 274 1289 etiam
294 1234 424 1308 fragilitas
438 1233 569 1305 corporis,
585 1250 667 1304 quam
681 1251 754 1308 sepe
808 1229 893 1287 Filius
907 1230 990 1305 regis,
1007 1247 1053 1288 res
1068 1232 1187 1304 repictus
1201 1232 1284 1304 illius,
1301 1251 1361 1306 quae
1383 1235 1517 1294 continuis
1533 1255 1602 1309 pau·

73 1323 120 1398 ptis
134 1323 287 1380 levissimus
305 1338 395 1388 casus,
411 1330 457 1378 aut
480 1323 647 1380 incandentis
671 1322 754 1380 lebri·
808 1319 860 1375 diis
875 1320 1036 1389 inclarescit,
1052 1323 1205 1392 sociasset
1220 1322 1434 1382 Patriobediess
1456 1343 1544 1400 usqae
1567 1326 1604 1383 od

73 1411 190 1469 umalata
212 1411 365 1484 congeries,
389 1410 464 1465 brevi
489 1419 598 1480 possunt
619 1410 755 1469 suffocare
808 1412 1076 1475 clarissumarum
1092 1414 1189 1467 celem
1210 1415 1312 1479 crucis,
1328 1422 1355 1469 et
1368 1413 1462 1472 didicit
1474 1415 1604 1473 obedieu-

73 1506 111 1559 to.
135 1496 235 1556 Tribue
258 1513 323 1571 ergo
343 1497 444 1564 virtuti,
470 1498 492 1552 si
507 1500 652 1555 necessitas
664 1498 755 1569 inerit,
809 1496 872 1553 tiam
887 1497 977 1554 erbis
990 1514 1051 1570 qne
1074 1516 1168 1570 passus
1182 1501 1242 1556 ost?
1256 1502 1363 1558 Audisti
1380 1503 1528 1575 miseriam,
1541 1505 1606 1563 audi

73 1589 223 1663 plaudoque
244 1588 330 1645 debes
349 1586 514 1653 necessitati,
529 1602 579 1659 pro
593 1588 670 1645 brevi
683 1589 756 1660 pori·
810 1592 837 1642 et
857 1601 1005 1657 coronam3
1019 1587 1111 1645 vidisti
1130 1588 1293 1661 pericnlum,
1309 1591 1370 1648 side
1392 1594 1543 1665 premium,
1560 1604 1605 1653 st·

73 1679 231 1753 sepiternum
246 1676 386 1748 premium
401 1676 559 1747 adepturus.
810 1674 920 1733 teudisti
941 1674 1137 1746 infirmitatem,
1161 1679 1268 1735 attende
1291 1687 1465 1750 potestatem.
1486 1687 1607 1758 Propter

73 1764 143 1825 ladas
156 1782 223 1839 ergo
237 1781 320 1837 mam
332 1763 452 1821 dillicilis
469 1765 505 1820 sit
518 1764 565 1821 via
578 1764 756 1823 confessionis
772 1746 794 1822 Β
810 1763 892 1836 qaod,
906 1762 1005 1837 inquit,
1020 1770 1048 1821 cl
1070 1768 1143 1823 Deus
1162 1767 1304 1825 exaltaver
1327 1771 1424 1837 illum,
1445 1775 1474 1829 st
1488 1773 1567 1831 dedit
1579 1778 1607 1831 si

73 1854 283 1926 ennumquam
309 1853 470 1923 multiplices
490 1853 594 1909 semite
608 1854 643 1909 ud
659 1862 756 1911 teuen-
810 1854 1605 1933 commeassetsuperemusaomm(l³lrltrpp.rr,s,a).

73 1940 156 2001 'stum
169 1951 209 1998 est
225 1941 298 2014 quod
313 1940 357 1996 ille
379 1948 468 1996 mutus
485 1940 614 1998 Ecclesiae
627 1943 758 2015 magister
846 1943 873 1994 ll.
903 1940 958 1997 Sed
986 1950 1123 1998 taceamus
1149 1943 1258 1997 interim
1285 1944 1321 2000 de
1344 1944 1418 2001 illius
1443 1947 1605 2017 obedientia,

73 2030 184 2091 Facilius
204 2030 294 2089 iuueni
317 2030 434 2103 eosqui
458 2029 639 2087 innocentiam
661 2047 756 2088 serve·
812 2044 873 2100 qne
895 2028 1025 2101 singulari
1049 2031 1229 2104 prerogativa
1256 2031 1391 2089 clauditur
1417 2042 1444 2092 et
1471 2036 1605 2112 signetur.

75 2122 167 2195 ’ςιιιιιιι
191 2120 239 2192 qui
263 2134 411 2191 congruam
435 2126 549 2194 egerunt
570 2120 757 2192 poenitentiam
809 2116 942 2173 Procedat
963 2117 991 2172 in
1010 2118 1131 2174 medium
1154 2134 1271 2193 magnus
1294 2120 1338 2176 ille
1359 2122 1522 2193 patriarcba,
1543 2125 1607 2183 lidei

73 2224 144 2269 rues.
160 2210 206 2265 lib.
221 2209 245 2265 ll
258 2209 293 2266 de
307 2209 405 2266 Poenit.
420 2224 482 2281 cap.
499 2211 572 2280 lo).»
589 2211 653 2267 llec
666 2208 701 2266 de
713 2209 756 2267 via
810 2204 911 2273 lumen,
927 2205 1089 2263 obedientie
1107 2206 1204 2276 forma,
1217 2208 1331 2278 justitie
1350 2211 1526 2284 principatus.
1547 2215 1606 2273 Αιι-

73 2298 142 2357 iouis
156 2298 330 2370 promodulo
348 2306 442 2354 nostro
456 2297 539 2354 locuti
550 2314 655 2365 sumus,
671 2298 757 2355 subli·
811 2292 849 2349 dit
863 2293 898 2349 ab
923 2292 1116 2367 omnipotente
1131 2315 1138 2351 ι
1156 2298 1290 2370 sprewa
1304 2300 1338 2355 de
1352 2305 1431 2358 lma
1445 2306 1507 2370 luc,
1531 2309 1561 2362 et
1573 2305 1608 2362 dc

73 2386 275 2447 a.sublimioris
288 2386 427 2444 sententie
447 2386 567 2458 pondera
579 2394 756 2455 reservantes,
811 2384 1099 2454 ceramussense
1116 2387 1150 2445 ds
1167 2388 1248 2448 domo
1270 2391 1363 2461 petris
1379 2393 1439 2458 lci,·
1453 2398 1482 2450 et
1499 2397 1564 2451 veni
1576 2395 1607 2450 io

73 2477 267 2535 mobedienlie
276 2477 346 2534 riam
357 2477 408 2533 sub
419 2477 474 2533 alio
483 2476 617 2533 sermonis
626 2475 757 2548 principio
814 2476 924 2529 terrem
937 2488 1024 2546 pacm
1037 2480 1232 2535 ammiravsro
1247 2477 1298 2535 libi
1311 2478 1395 2549 (Gen.
1411 2495 1463 2548 ιιι,
1481 2484 1506 2550 l)
1519 2499 1526 2537 :
1538 2485 1609 2559 ettad

78 2566 255 2635 tenebimus,
268 2581 301 2622 ue
320 2580 440 2637 unquam
459 2565 485 2620 in
503 2562 758 2623 fastidiumueniant
813 2560 894 2616 nnius
914 2561 1046 2632 jussionis
1059 2579 1163 2637 vocam,
1180 2565 1293 2636 patriam
1313 2566 1391 2641 legit,
1407 2569 1540 2640 relinquit
1562 2587 1609 2643 ps-

73 2654 163 2715 lomini
170 2655 328 2722 silvatoris,
337 2654 383 2728 qui
392 2655 598 2712 estbenedictus
611 2654 638 2709 in
648 2653 756 2710 secula.
813 2657 915 2718 rentes,
930 2651 1029 2709 deserit
1043 2652 1242 2724 hereditatem,
1258 2664 1286 2712 et
1298 2656 1414 2713 eliomm
1427 2656 1496 2715 lines
1510 2660 1609 2732 bospss

192 2741 306 2801 1110
322 2742 440 2801 suello
462 2742 532 2799 llll.
813 2738 962 2810 ingreditur
975 2755 1072 2802 nouus.
1086 2743 1187 2817 llagna
1197 2761 1253 2813 res,
1269 2754 1297 2802 at
1315 2746 1457 2818 primitive
1470 2748 1609 2823 dignitatis

73 2840 134 2895 tute
157 2833 333 2902 obedientie,
356 2838 384 2891 el
407 2836 515 2905 sepiem
537 2831 757 2905 ejuscroceus.
815 2827 958 2901 privilegio
980 2831 1008 2886 in
1023 2839 1098 2903 patre
1120 2834 1267 2889 multarum
1289 2835 1412 2908 gentium
1430 2843 1604 2896 consecratsl

73 2939 103 2981 m
125 2938 276 2995 possemus
296 2937 347 2979 eos
368 2922 490 2992 conitere
513 2919 622 2991 aliquid
634 2934 653 2974 e
666 2920 753 2987 colb,
776 2916 797 2994 c
815 2916 920 2974 Primus
934 2919 1054 2993 primum
1074 2921 1132 2977 suis
1145 2922 1319 2981 facultatibus
1334 2927 1477 2996 renuntiat,
1493 2938 1522 2985 et
1539 2930 1608 2985 obe·

73 3010 198 3078 scobis
212 3011 260 3067 scd
279 3010 458 3082 sufficientia
475 3012 573 3069 suestra
596 3022 633 3063 ee
651 3008 704 3066 ilco
718 3012 759 3065 est
814 3003 923 3062 diantie
946 3007 1019 3065 uam
1040 3009 1177 3065 indefesse
1199 3009 1338 3069 velocitate
1358 3015 1502 3082 percurrit.
1526 3016 1610 3072 Deni-

73 3115 147 3165 .·rrr,
171 3103 212 3170 ll).
234 3098 303 3167 Quid
327 3097 400 3153 enim
424 3097 450 3153 in
474 3097 526 3153 boc
549 3111 612 3153 vaae
634 3103 718 3152 testeo
732 3107 759 3153 et
813 3109 876 3165 que.
891 3111 956 3153 cum
976 3097 1124 3167 accepisset
1138 3096 1223 3153 filium
1244 3098 1271 3154 iu
1286 3109 1423 3157 senectute
1437 3117 1497 3170 suu,
1513 3103 1540 3157 in
1553 3120 1609 3175 quo

73 3196 111 3251 tte
132 3187 325 3258 complexionis
348 3189 483 3252 humanae,
502 3185 623 3259 cogitare
644 3184 759 3242 sulliclat
815 3181 896 3237 totius
915 3185 1010 3239 mundi
1029 3184 1171 3241 benedicto
1192 3184 1282 3242 iuerat
1305 3189 1475 3257 curnulanda,
1496 3190 1562 3247 dicit
1584 3193 1609 3248 ei

82 3292 191 3339 earcere
201 3277 331 3343 inclusus,
344 3284 451 3347 peccalo
474 3284 627 3347 corruptus,
642 3274 758 3345 depres-
813 3270 886 3327 Deus
901 3288 908 3327 ε
928 3272 1000 3331 Tolle
1011 3272 1107 3341 filium
1119 3278 1200 3329 tuum
1215 3277 1406 3347 accipendum,
1416 3294 1501 3350 ocem
1513 3280 1609 3352 dilicit

73 3366 152 3425 auis?
165 3367 269 3438 Corpus
279 3364 440 3437 enirn,quod
450 3365 758 3436 corrumpitarmppre·
814 3360 937 3428 laeuas!
946 3362 1020 3431 offer
1033 3361 1118 3417 illum
1127 3362 1198 3420 milri
1207 3364 1240 3419 io
1249 3364 1445 3425 holocaustam
1454 3368 1607 3441 (Gesmxrr,

73 3453 759 3527 maerensmaerensinsectationem
812 3446 891 3517 2l·⁰
915 3457 1016 3520 quma
1038 3449 1066 3503 in
1090 3451 1258 3508 resaisistis
1281 3454 1444 3523 ammineo,
1469 3465 1610 3530 quantae

76 3544 248 3615 copitoelem
272 3544 350 3614 (Sap.
374 3555 413 3609 rx,
438 3543 495 3612 15).
517 3541 655 3613 benignus
668 3553 759 3599 tamen
813 3535 896 3592 corde
924 3537 1011 3608 patris
1037 3539 1173 3610 separatio
1201 3540 1324 3612 pietatis!
1355 3544 1467 3600 labetur
1491 3561 1608 3617 namque

73 3631 140 3689 ritus
163 3631 305 3702 sapientie
327 3632 405 3702 (Stul-
421 3645 440 3698 l.
461 3632 497 3699 6),
514 3630 562 3701 qul
584 3629 758 3701 elapsurum
812 3624 902 3681 filium
924 3626 1061 3694 occidere,
1076 3642 1109 3683 es
1131 3645 1164 3684 es
1189 3630 1297 3685 ossibus
1315 3630 1382 3695 suis,
1397 3640 1424 3686 et
1450 3648 1561 3689 munem
1576 3634 1609 3689 de

73 3719 266 3785 reilluminat,
291 3728 320 3775 et
341 3725 499 3789 corruptum
512 3726 599 3784 sanat,
618 3723 648 3773 et
664 3717 758 3775 ellesat
812 3729 981 3783 carnosum
1006 3714 1093 3772 lilium
1124 3732 1231 3790 magne
1258 3718 1457 3789 promissionis,
1483 3730 1610 3779 extreme

73 3824 137 3865 rum.
152 3810 199 3864 Est
222 3807 296 3864 enim
318 3805 435 3878 Spiritus
457 3805 574 3878 pietatis,
590 3806 759 3878 compeditos
813 3802 969 3871 senectutis,
998 3805 1118 3878 proprie
1156 3806 1292 3876 mulieris;
1328 3807 1412 3865 filiurn
1448 3811 1609 3868 mirabiliter

74 3911 195 3967 ,cecos
217 3896 380 3966 illuminans,
408 3903 435 3950 et
462 3894 568 3967 erigens
594 3893 684 3951 elisos.
712 3893 761 3949 Est
815 3891 990 3962 promissum,
1010 3894 1124 3951 feliciter
1147 3903 1250 3967 natum,
1275 3897 1419 3954 mucetum
1442 3899 1607 3958 iunocenter.

73 3985 184 4061 Spiritus
207 3985 339 4055 veritatis,
363 3984 504 4056 quidocet
520 3998 572 4041 nos
586 3999 694 4042 omnem
709 3999 760 4039 ue·
813 3981 847 4036 Et
868 3996 905 4037 ue
928 3980 994 4057 quid
1013 3984 1133 4048 deesset,
1156 3992 1186 4041 ut
1206 3986 1381 4043 tenerrimum
1403 3987 1477 4045 intra
1499 3999 1609 4061 paterna

80 4092 158 4150 ;nou
180 4075 268 4133 solum
294 4082 384 4132 aulem
409 4073 499 4147 docet,
520 4073 571 4130 aad
593 4072 674 4129 etiarn
697 4088 760 4144 sug·
812 4069 919 4127 resera
930 4069 1034 4129 doloris
1056 4071 1207 4129 incendium
1226 4076 1385 4145 exundaret,
1401 4076 1519 4146 additur,
1535 4081 1606 4135 cni-

73 4168 141 4225 oss.
155 4180 216 4233 xrs,
241 4166 298 4237 26).
323 4162 448 4236 suggerit
470 4162 597 4219 videlieet
612 4169 641 4219 ut
654 4176 759 4235 quera·
813 4161 953 4231 pesitum.
967 4159 1037 4217 Sunt
1051 4175 1167 4233 nmnque
1181 4161 1259 4219 multi
1272 4162 1331 4230 lilii,
1341 4164 1387 4220 sed
1402 4180 1457 4221 non
1467 4166 1606 4239 anigeniti.

73 4259 131 4309 ocet
145 4262 175 4308 ut
187 4252 378 4326 intelligamus.
391 4253 452 4324 lpse
466 4259 518 4320 est,
534 4267 613 4324 quem
626 4250 761 4307 Dominus
776 4268 803 4345 n*
813 4246 867 4303 lsle
880 4246 920 4304 sic
933 4254 961 4305 et
974 4248 1056 4315 tillus,
1071 4257 1101 4305 ut
1122 4259 1149 4307 et
1163 4251 1327 4326 unigenitus.
1342 4252 1396 4309 iste
1415 4253 1512 4311 umens
1525 4254 1606 4325 putri,

73 4349 133 4413 post
162 4340 249 4395 Putris
272 4339 452 4397 obedientiam
474 4340 617 4413 usquead
644 4349 760 4397 mortem
814 4335 970 4410 unigenitus
979 4338 1070 4405 matri,
1079 4338 1231 4397 hereditati
1244 4348 1411 4399 reservatus.
1425 4342 1466 4399 Ne
1478 4343 1609 4414 respicies

86 4429 159 4485 misit
182 4430 312 4500 apostolis
334 4428 401 4498 suis,
416 4429 607 4487 obedientibus
628 4428 695 4487 auis.
718 4431 761 4485 An
814 4424 849 4479 ud
863 4425 968 4495 lamuel,
984 4426 1058 4498 quia,
1074 4426 1121 4498 qui
1135 4426 1162 4481 in
1176 4428 1302 4486 servitute
1316 4436 1343 4484 et
1367 4445 1399 4485 ex
1413 4429 1512 4486 ancilla
1526 4432 1607 4504 geni-

74 4518 219 4578 isidentur
234 4516 382 4589 singularis
396 4516 556 4575 obedientie
569 4519 760 4577 conscendisse
815 4520 858 4568 tus
879 4513 977 4583 luerat,
997 4515 1032 4570 ad
1060 4514 1213 4570 libertatem
1236 4522 1263 4571 et
1290 4517 1475 4575 hereditatem
1499 4518 1609 4575 minime

73 4625 115 4680 m,
140 4609 187 4682 qui
212 4614 323 4679 accepta
346 4607 453 4663 licentia
472 4606 585 4664 sedendi
598 4608 626 4663 in
641 4609 758 4673 civitate,
814 4603 976 4674 pertinebat.
990 4601 1062 4672 Quia
1084 4619 1149 4659 rere
1171 4603 1325 4662 multisunt
1345 4605 1395 4661 lilii
1416 4615 1443 4663 et
1464 4608 1608 4680 unigeniti,

73 4695 311 4753 rinsdoruunculae
320 4702 396 4765 septa
404 4694 720 4763 concentusconcentus
728 4697 759 4753 ie
818 4689 926 4749 1111
942 4692 1059 4747 sednon
1073 4690 1177 4763 dileeti;
1193 4693 1228 4748 ad
1250 4694 1468 4767 exaggerandam
1482 4696 1510 4751 in
1527 4696 1609 4753 corde

73 4784 424 4860 tspsrsenercbonllmct.
437 4785 526 4855 ull.)
535 4784 689 4841 Intellexisti
697 4785 760 4858 quia
814 4783 899 4854 patris
922 4781 1133 4848 tribulationem,
1155 4792 1182 4839 ct
1207 4783 1439 4855 comprobandam
1466 4786 1494 4841 in
1520 4796 1610 4842 mente

73 4874 175 4947 postoli
189 4873 342 4946 pcedettlcs
357 4889 374 4928 c
389 4873 760 4945 consenescentem
812 4871 881 4940 iusti
895 4870 1090 4939 obedientiam,
1101 4871 1233 4928 Dominus
1248 4874 1396 4944 suljmgit,
1408 4891 1489 4946 quem
1503 4876 1608 4947 dilipis.

73 4964 356 5037 apellabitimetpro
366 4960 760 5021 eemiselcsttooulumeliom
815 4960 850 5017 Ut
863 4976 929 5017 vero
943 4961 1096 5019 teneritudo
1109 4962 1195 5034 patris
1214 4978 1247 5019 ex
1269 4963 1401 5019 memoria
1414 4962 1506 5019 dilecti
1520 4966 1609 5020 nomi-

73 5052 133 5111 act.
150 5068 178 5121 v,
195 5051 287 5124 il.)O
301 5050 410 5124 quantis
424 5048 585 5106 obedientie
599 5048 702 5105 viribus
715 5051 759 5105 in·
815 5048 858 5106 nis
872 5050 1086 5120 recrudesceret,
1102 5060 1129 5107 et
1142 5052 1257 5108 interior
1270 5051 1356 5123 pietas
1368 5053 1404 5109 ed
1417 5050 1522 5109 dilecte
1534 5056 1612 5112 sacis

74 5158 102 5211 r,
123 5142 170 5214 qui
197 5142 317 5215 gaudent
343 5155 393 5212 pro
421 5137 527 5196 Christo
555 5136 590 5193 ad
616 5139 760 5195 concilium
817 5156 917 5196 sonum
939 5147 996 5197 tota
1018 5138 1142 5206 terreret,
1157 5156 1227 5212 puer
1250 5139 1404 5196 nominatur
1429 5157 1463 5198 ex
1490 5143 1611 5211 nomine,

73 5228 217 5303 lignitatem
232 5232 335 5287 ducunt
347 5245 397 5302 pro
412 5244 445 5284 eo
461 5226 538 5295 cedi,
555 5226 669 5299 gloriam
684 5243 760 5300 que·
815 5230 889 5302 quod
905 5236 1032 5287 vocatum
1054 5236 1142 5285 crata
1165 5229 1291 5297 Domino,
1305 5229 1462 5302 priusquam
1481 5232 1508 5289 in
1532 5239 1612 5287 utero

73 5334 100 5376 rc
125 5335 157 5377 eo
188 5317 270 5375 moril
301 5318 389 5375 Beate
418 5317 530 5381 anime,
559 5323 586 5371 et
613 5316 763 5373 abundanti
820 5318 1020 5391 conciperetur.
1039 5318 1121 5375 Vides
1145 5319 1255 5391 quentis
1277 5319 1485 5378 tribulationum
1508 5321 1614 5378 malleis

73 5416 109 5467 tle
130 5409 248 5481 Spiritus
271 5406 437 5464 influentes:
461 5404 562 5479 quibus
580 5405 678 5474 uilitas,
693 5407 762 5463 sub-
817 5407 937 5463 Abrabae
962 5407 1049 5479 pietas
1074 5405 1197 5479 feriatur,
1218 5409 1264 5466 cui
1289 5408 1447 5482 precipitur
1474 5419 1504 5468 nt
1529 5410 1612 5467 liliam

74 5517 86 5569 ς
114 5496 297 5565 contumelia,
327 5495 430 5569 plurim
458 5485 605 5569 patientia,
635 5495 763 5563 uictoria,
808 5495 911 5562 tollet,
937 5495 1044 5553 occidet
1068 5496 1255 5570 unigenitum,
1276 5516 1358 5572 quem
1377 5501 1467 5572 diligit
1483 5501 1614 5568 immolet,
