3734 5948
108 216 165 278 tlt
589 213 623 275 llt
637 210 740 274 elevo
758 210 886 276 aalide
904 201 1103 274 stholoeolt
1120 197 1226 260 SRSHO
1245 197 1277 258 V.
1712 207 1767 270 478

108 342 212 418 quihus
228 340 348 401 custodia
364 338 504 412 multiplex
522 339 671 396 necessaria
690 347 733 396 est
745 353 796 411 pro
815 338 907 397 multi·
967 332 1027 402 Quo
1041 330 1081 387 eis
1097 334 1216 384 terrenos
1230 326 1358 392 honores,
1379 339 1448 397 ques
1465 327 1547 398 illm
1564 344 1687 388 veracem
1706 331 1767 390 Filii
1842 330 1847 340 ’

108 433 205 489 tudine
220 429 411 501 periculorum.
421 426 563 500 Siquidem
577 444 633 485 uon
646 435 688 485 est
701 428 741 484 eis
754 428 909 487 colluctatio
968 420 1173 495 promissionem
1192 414 1353 472 honorificat
1376 415 1451 472 Peter
1474 418 1617 475 coelestis?
1639 420 1701 491 Quo
1724 423 1766 479 eis

110 523 243 578 adversus
256 534 369 577 carnem
383 526 411 575 et
423 517 583 592 sanguinem
600 526 713 585 tantum,
725 518 771 575 sed
782 518 912 574 adversus
965 509 1101 586 praeconia
1125 506 1239 563 nostra?
1258 505 1331 577 pieni
1357 511 1429 560 sunt.
1446 505 1561 563 Prorsus
1572 506 1609 563 ita
1626 519 1678 577 est,
1692 511 1763 566 dile-

111 610 280 683 principatus
301 624 411 681 quoque
434 617 461 663 et
483 615 641 679 potestates,
664 608 794 664 adversus
818 606 912 663 mundi
964 598 1089 665 ctissimi,
1105 598 1241 654 honorum
1259 606 1415 650 nostrorum
1433 595 1518 652 saneti
1538 612 1592 652 non
1610 606 1701 671 egent,
1716 616 1766 658 nec

110 708 231 758 rectores
254 700 427 755 tenebrarum
452 697 559 763 harum,
579 703 673 754 contra
696 696 844 769 spiritualia
858 714 910 754 ne·

109 788 203 862 quitiae
216 787 246 843 in
268 786 423 843 caelestibus
445 786 555 858 (Epiros.
577 800 615 852 vr,
640 784 694 856 le).
719 785 807 857 Egerit
831 784 911 856 plane

110 876 244 944 custodia,
258 875 305 948 qui
320 883 375 930 ιιιιι
390 873 584 942 multiplieiter,
599 890 653 930 non
671 876 754 930 modo
766 875 908 942 eominus,

110 966 159 1024 sed
175 967 281 1022 etniuus
295 972 469 1035 appetuntur.
485 963 520 1018 Et
532 964 576 1019 ubi
594 972 631 1020 tot
645 981 744 1038 pugnae
765 964 841 1030 ioris,
856 980 910 1021 non

109 1056 216 1112 dehent
230 1053 301 1109 intus
315 1055 410 1109 deesse
424 1052 545 1119 timmes,
563 1059 593 1108 ut
606 1054 704 1109 merito
719 1054 762 1110 his
780 1055 886 1113 dicatur
901 1073 907 1110 :

114 1148 219 1203 limate
237 1143 401 1207 Dominam,
416 1157 513 1200 omnes
527 1144 622 1199 saneti
636 1145 708 1215 ejas.
724 1143 790 1199 Tota
800 1145 910 1201 iuterim

108 1232 249 1290 beatitudo
264 1242 355 1288 nostra
368 1237 410 1287 est
423 1231 520 1286 timere
529 1232 625 1300 Deum,
637 1231 907 1304 dicenteScriptura:

110 1325 213 1380 Beatus
228 1321 309 1378 iro-mo
322 1323 374 1393 qai
386 1335 496 1392 semper
507 1324 550 1378 est
561 1321 684 1394 pavidos
700 1321 791 1392 (Prae.
806 1337 909 1392 xxvttr,

109 1409 167 1481 tt).
183 1411 217 1466 Et
228 1411 290 1466 item
307 1409 446 1466 Psalmista
458 1411 497 1465 ait
512 1431 519 1468 :
537 1413 616 1468 Beati
629 1426 724 1468 ommes
738 1413 787 1484 qm'
806 1414 910 1469 timent

107 1501 325 1574 eminentque·
335 1500 582 1557 ambulantiaviis
591 1501 861 1573 ejosffsalaxxvu,
870 1501 907 1575 l).

110 1589 244 1646 Caeterum
265 1586 346 1662 longe
364 1588 441 1642 aliter
464 1587 546 1653 beati,
561 1587 590 1643 in
611 1589 710 1660 quibus
720 1589 778 1659 jam
790 1589 910 1659 perlecta

965 690 1112 764 quidquam
1147 686 1187 744 eis
1220 690 1312 743 nostra
1334 685 1477 741 devotione
1510 695 1662 758 prestatur.
1683 689 1765 746 Plane

964 779 1037 852 quod
1057 792 1152 834 eorum
1172 775 1329 831 memoriam
1346 790 1515 844 veneramur,
1536 786 1629 832 nostra
1643 777 1764 849 interest,

964 883 1018 924 uon
1034 869 1165 940 ipsorum.
1186 864 1275 921 Vultis
1296 865 1365 920 seire
1383 872 1512 937 quantum
1526 865 1636 923 interest
1647 868 1764 925 nostrat

964 957 1024 1030 Ego
1046 957 1074 1011 in
1093 970 1147 1026 me,
1164 954 1258 1021 lateor,
1279 971 1311 1010 ex
1326 956 1375 1011 hae
1389 953 1577 1013 recordatione
1596 958 1683 1012 sentio
1695 957 1764 1014 desi·

963 1045 1066 1100 derium
1082 1044 1229 1100 vehemens
1244 1043 1414 1112 inflammari,
1428 1053 1455 1100 et
1469 1044 1635 1100 desiderium
1654 1045 1762 1113 triplex.

965 1134 1052 1208 Vulgo
1062 1133 1161 1190 dieitur
1171 1151 1178 1189 ι
1190 1132 1268 1203 Quod
1278 1147 1331 1188 non
1343 1132 1416 1189 videt
1429 1135 1532 1201 oculus,
1547 1150 1595 1190 cor
1609 1150 1665 1191 non
1679 1135 1761 1191 dolet.

964 1223 1064 1282 Oculus
1078 1238 1168 1293 meus,
1183 1222 1314 1279 memoria
1330 1238 1409 1288 mea;
1425 1232 1452 1278 et
1465 1224 1583 1296 cogitare
1601 1224 1635 1279 de
1650 1225 1761 1297 sanetis,

963 1314 1079 1385 quodam
1093 1312 1174 1369 modo
1188 1327 1236 1369 eos
1248 1310 1342 1370 videre
1356 1320 1406 1369 est.
1428 1312 1472 1368 Sic
1490 1328 1587 1385 nempe
1606 1314 1693 1386 portio
1708 1329 1762 1370 no·
1803 1363 1809 1376 .

962 1412 1017 1459 stra
1032 1402 1061 1457 in
1075 1411 1146 1459 terra
1160 1401 1317 1473 viventium,
1334 1418 1384 1458 nec
1397 1401 1505 1458 modica
1529 1419 1595 1459 sane
1616 1403 1725 1474 portio:
1739 1403 1762 1459 si

964 1500 1064 1559 tamem
1080 1500 1109 1549 ut
1123 1491 1210 1558 decet,
1224 1491 1385 1548 memoriam
1404 1490 1512 1548 allectio
1532 1492 1683 1550 comitetur.
1704 1493 1763 1566 Sic,

964 1578 1083 1652 inquam,
1095 1582 1367 1639 conversatioaostra
1379 1580 1494 1638 incaelis
1507 1586 1565 1650 est;
1578 1592 1762 1640 verumtamen

109 1676 228 1734 charitas
240 1675 313 1732 toras
329 1676 400 1732 misit
416 1677 552 1745 timorem,
569 1691 621 1733 nea
632 1678 688 1748 iarn
705 1679 799 1734 timent
811 1679 906 1735 ambu-
930 1658 1020 1737 811⁰ss
1033 1670 1071 1727 Sic
1092 1679 1195 1741 ”Osiris
1220 1671 1288 1729 ⁸1⁰¹st
1313 1671 1432 1729 illorum.
1448 1671 1586 1742 ,1ΡὸοωΠΙ
1608 1672 1681 1728 essim
1696 1672 1763 1728 ⁸¹1¹)-

108 1766 196 1823 lantes
209 1765 238 1820 iu
252 1765 313 1832 viis,
330 1767 379 1821 sed
392 1764 504 1822 laudant
514 1765 762 1837 potiushabitantes
774 1769 800 1821 in
811 1768 905 1841 domo,

107 1857 179 1913 sicut
192 1855 263 1912 idern
276 1854 315 1911 ait
332 1873 338 1910 τ
354 1856 436 1914 Beati
444 1857 492 1929 qai
501 1855 632 1912 latitant
646 1858 677 1911 ιἰι
691 1857 771 1915 domo
783 1861 844 1924 tua,
857 1861 910 1917 m·

107 1947 204 2012 minu
219 1947 251 2002 ira
265 1946 371 2003 secata
391 1947 562 2003 secutorem
590 1946 747 2004 medalem
771 1951 798 2005 te
819 1948 908 2020 (Psal.

107 2049 232 2102 xxxxtvt,
257 2036 296 2104 5).
320 2034 419 2091 Nostra
445 2050 513 2106 ergo
534 2033 659 2103 ielieitas,
680 2045 772 2093 nostra
800 2037 910 2096 interim

107 2123 250 2193 festivitas,
265 2123 293 2180 in
306 2123 404 2178 timore
419 2125 467 2180 Dei
484 2139 491 2180 :
507 2139 569 2179 nam
584 2123 692 2181 illorurn
708 2124 794 2198 magis
807 2125 835 2181 in
858 2142 909 2184 ex-

109 2213 254 2271 sultatione
268 2220 296 2270 et
311 2213 388 2269 laude
403 2221 532 2273 versatur.

142 2306 170 2360 i.
195 2302 260 2359 lude
283 2309 326 2359 est
348 2303 421 2375 quod
441 2318 534 2361 secure
553 2302 696 2361 laudantur
712 2303 846 2372 homines,
862 2305 909 2378 qui

106 2407 163 2449 non
185 2409 236 2449 sua
248 2393 307 2462 iam
329 2392 422 2450 vivunt
444 2394 509 2458 vita,
524 2393 573 2449 sed
592 2394 665 2450 Dei:
689 2410 752 2450 nam
767 2395 908 2453 hominum

107 2482 202 2554 utique
215 2481 269 2539 vita
289 2481 401 2539 tentatio
415 2492 465 2539 est.
481 2483 528 2539 Est
544 2492 634 2540 autem
660 2481 767 2555 gemina
785 2484 907 2556 quedam

107 2571 240 2628 securitas
263 2571 349 2626 laudis
371 2572 477 2642 liujus:
501 2573 553 2628 nisi
575 2572 650 2646 quod
671 2573 742 2630 forte
758 2573 904 2642 videbitur,

105 2661 130 2718 si
151 2661 296 2733 diligenter
318 2661 481 2718 attendimus
500 2661 571 2719 intra
595 2663 705 2719 alteram
733 2662 817 2719 altera
832 2679 907 2720 eom-

104 2750 248 2821 prehendi.
273 2750 414 2820 Siquidem
437 2766 490 2806 nou
515 2753 649 2825 estquod
677 2753 789 2808 laudare
810 2768 906 2809 verea-

967 1759 1066 1816 stantia
1090 1760 1128 1817 ibi
1153 1768 1204 1828 est,
1228 1769 1321 1818 nostra
1346 1768 1434 1817 autem
1459 1760 1610 1834 desideria;
1638 1761 1692 1832 ipsi
1715 1779 1765 1834 per

966 1850 1149 1921 praesentiam,
1163 1865 1212 1907 uos
1226 1866 1275 1923 per
1294 1851 1450 1907 memoriam
1465 1850 1501 1907 ibi
1516 1867 1621 1907 sumus.
1649 1850 1763 1921 Quando

965 1947 992 1996 et
1006 1955 1058 1995 nos
1073 1941 1204 1997 addemur
1225 1941 1259 1997 ad
1280 1947 1367 2012 patres
1391 1941 1521 1996 nostros?
1540 1940 1647 2012 quando
1668 1957 1763 1998 essen-

965 2029 1061 2086 tialiter
1074 2030 1297 2103 praeseutabimnr
1316 2030 1378 2085 elsi
1391 2030 1448 2087 Hoc
1462 2028 1536 2085 enim
1555 2030 1671 2101 primurn
1687 2030 1762 2086 desi-

964 2119 1078 2189 derium,
1087 2120 1159 2192 quod
1170 2119 1197 2175 in
1209 2119 1452 2176 nobissanctorum
1461 2119 1592 2175 memoria
1607 2119 1648 2175 vel
1662 2118 1761 2175 excitat

963 2208 1007 2264 vel
1031 2208 1125 2266 incitat
1144 2209 1241 2282 magis,
1265 2217 1293 2265 nt
1316 2224 1411 2266 eorum
1437 2217 1491 2265 tam
1509 2208 1621 2281 optabili
1635 2208 1763 2266 societate

963 2298 1094 2371 truamur,
1122 2308 1150 2356 et
1170 2313 1321 2355 mereamur
1347 2298 1474 2357 concives
1500 2305 1528 2354 et
1553 2298 1762 2356 contubernales

963 2404 1023 2445 esse
1039 2388 1181 2459 spirituum
1204 2388 1354 2458 hestorum,
1377 2387 1483 2445 misceri
1498 2388 1581 2446 eoetui
1595 2388 1761 2459 patriarcha-

961 2493 1030 2545 rurn,
1064 2478 1158 2535 cuneis
1190 2479 1395 2549 prophetarum,
1426 2477 1530 2533 senatui
1566 2477 1759 2549 apostolorum,
1855 2505 1858 2516 ·

962 2574 1108 2640 martyrum
1124 2567 1286 2624 exercitibus
1308 2567 1471 2635 numerosis,
1491 2566 1678 2624 eoniessorum
1704 2567 1762 2622 eol·

959 2656 1049 2728 legiis,
1067 2655 1234 2729 virgiuinum
1244 2656 1352 2724 ehoris3
1368 2656 1394 2711 iu
1407 2656 1528 2713 omnium
1539 2657 1654 2729 deniqne
1670 2656 1761 2728 colligi

960 2752 986 2801 et
999 2746 1126 2802 eollaetari
1140 2747 1331 2803 commuuione
1346 2754 1511 2803 sanatorum.

104 2854 167 2895 mur
184 2839 335 2906 verissime,
361 2839 565 2913 certissimeque
583 2839 729 2897 laudabiles
750 2857 757 2898 :
783 2857 838 2898 non
866 2836 945 2916 este
994 2837 1022 2890 6.
1043 2834 1215 2905 Singulorum
1235 2835 1335 2908 qnippe
1352 2836 1566 2903 recordationes,
1586 2835 1663 2908 quasi
1686 2837 1762 2893 scin·

105 2927 179 3000 quod
195 2927 345 3002 glorificare
360 2937 518 2984 cunctemur
537 2931 576 2984 sic
595 2930 737 3000 absorptos
756 2930 784 2986 in
808 2929 905 3005 gloria,

104 3022 135 3072 ut
147 3026 241 3073 nostra
254 3018 364 3074 omnino
380 3026 515 3089 nequeant
534 3019 689 3076 laudatione
711 3021 823 3077 moveri.
843 3019 904 3076 Non

103 3104 178 3162 euim
192 3113 234 3161 est
248 3122 301 3178 quo
315 3107 419 3162 vanitas
443 3106 534 3176 intret,
548 3106 593 3162 uhi
618 3108 719 3167 veritas
738 3107 795 3177 iam
819 3115 906 3164 totum

103 3194 257 3266 oocupavit.
279 3195 332 3252 Sed
360 3211 494 3267 quaenam,
523 3196 638 3268 inquies,
665 3197 753 3268 gloria
781 3197 906 3254 sanctis?

104 3286 203 3356 Neque
218 3284 290 3340 enim
305 3283 406 3355 singuli
421 3301 482 3341 sese
505 3285 666 3358 glorificant,
687 3287 750 3359 quia
774 3287 906 3359 seriptum

103 3382 169 3430 est:
187 3375 248 3431 Noa
265 3379 291 3433 le
307 3374 404 3431 laudet
418 3389 447 3432 os
466 3380 550 3431 taam
564 3375 656 3448 (Prae.
672 3391 765 3444 xxvtr,
781 3379 820 3448 2).
843 3377 905 3433 Non

104 3463 227 3520 vicissim
241 3464 310 3520 alter
324 3464 440 3519 alterum
454 3463 555 3530 laudat,
572 3466 633 3537 quia
656 3466 683 3521 in
708 3467 814 3522 laudem
834 3467 906 3524 Con·

104 3551 204 3610 ditaris
228 3552 324 3609 intenti
346 3563 373 3608 et
396 3553 507 3620 extenti,
523 3553 550 3608 in
569 3569 622 3626 quo
648 3553 774 3612 nimirum
798 3562 853 3613 tota
867 3554 909 3612 eis

106 3641 227 3714 reposita
241 3651 283 3698 est
297 3643 445 3709 beatitudo,
462 3642 564 3699 mutuis
578 3659 713 3717 nunquam
728 3659 824 3702 vacare
845 3644 907 3700 lau-

104 3730 188 3787 dibus
200 3738 324 3802 possunt,
340 3732 446 3787 dicante
460 3733 605 3803 Propheta,
620 3731 691 3789 sieut
705 3749 785 3806 supra
800 3748 910 3806 quoque

106 3818 378 3877 memirrimuazlleati
387 3822 437 3894 qai
447 3820 579 3877 trahitant
588 3823 620 3878 m
629 3821 776 3889 domatus,
789 3820 909 3880 1040

106 3909 909 3976 Dominarimsoeaotasoecalmmmlaudabantte.verum·

104 4006 264 4054 tamennon
282 3998 426 4070 acquiesco
449 4006 572 4069 expertes
590 3999 684 4073 gloriae
707 3998 817 4058 credere
840 4017 906 4058 sau-

959 2923 1023 2980 tillm
1036 2924 1159 2998 singulm,
1175 2924 1230 2981 imo
1247 2926 1324 2996 quasi
1338 2925 1536 2982 ardentissimae
1550 2924 1633 2991 iaces,
1649 2926 1761 2982 devotos

959 3015 1109 3071 ascendunt
1128 3014 1244 3079 animos,
1262 3024 1291 3070 ut
1315 3029 1410 3070 eorum
1433 3023 1459 3071 et
1472 3022 1645 3085 conspectum
1667 3014 1759 3070 sitiant

960 3103 1054 3177 latias,
1075 3102 1202 3176 sentient]
1217 3110 1244 3158 et
1259 3103 1430 3176 complexum
1446 3120 1453 3160 :
1469 3104 1536 3158 adeo
1552 3109 1582 3157 ut
1600 3103 1761 3173 plerumque

960 3192 1041 3251 etiam
1054 3191 1124 3248 iuter
1141 3207 1191 3249 eos
1214 3207 1274 3249 essa
1293 3209 1322 3248 se
1341 3201 1476 3262 reputent,
1500 3191 1582 3248 modo
1603 3191 1637 3245 ad
1665 3207 1761 3247 omnes

960 3283 1051 3349 simul,
1066 3281 1147 3340 modo
1161 3282 1195 3339 ad
1210 3283 1260 3338 hos
1274 3282 1317 3339 vel
1332 3283 1366 3338 ad
1380 3282 1445 3338 illos
1460 3291 1515 3338 tota
1528 3281 1653 3339 avidilate
1669 3290 1697 3337 et
1713 3296 1762 3338 ve·

961 3371 1097 3430 bectantia
1111 3374 1193 3430 eorda
1209 3372 1359 3430 vibrantes.
1383 3372 1511 3446 Alioquin
1534 3372 1598 3446 quid
1621 3371 1693 3428 istud
1709 3387 1761 3427 ne-

960 3461 1109 3537 gligentiae,
1130 3461 1196 3534 qnid
1212 3461 1341 3535 pigritiae,
1356 3463 1412 3520 imo
1435 3463 1499 3536 quid
1518 3462 1651 3520 vecordiae
1665 3469 1716 3528 est,
1730 3469 1761 3518 ut

961 3568 1016 3609 non
1042 3553 1146 3610 crebris
1181 3552 1304 3623 suspiriis
1332 3563 1359 3610 at
1388 3552 1587 3610 ferventissima
1614 3551 1760 3609 allectione

962 3644 1123 3714 abrumpere
1133 3641 1205 3712 hinc,
1215 3651 1242 3698 et
1255 3643 1282 3698 iu
1297 3643 1343 3698 illa
1357 3650 1410 3698 tam
1420 3641 1510 3698 ielieia
1524 3642 1633 3714 agmins
1646 3639 1761 3711 jaculari

962 3732 1071 3789 animos
1081 3732 1261 3789 studeamus?
1272 3733 1319 3790 Vae
1329 3733 1432 3788 nobisa
1445 3732 1544 3788 duritia
1553 3729 1644 3786 cordis
1653 3730 1739 3785 nostri
1751 3730 1758 3785 ι

962 3839 1003 3880 vae
1017 3839 1034 3879 a
1048 3834 1154 3894 peceato
1169 3822 1302 3896 gentium,
1316 3839 1383 3895 quas
1397 3822 1541 3893 Apostolus
1555 3829 1686 3877 memorat
1700 3820 1760 3875 sine

962 3913 1107 3970 allectione
1122 3912 1220 3969 luisse!
1237 3913 1327 3984 (Rom.
1340 3929 1360 3980 1,
1376 3915 1434 3986 al.)
1447 3911 1620 3969 Praestolatur
1637 3926 1687 3968 uos
1706 3912 1759 3966 Ec·

961 4003 1041 4060 alesia
1063 4002 1110 4058 illa
1124 4002 1335 4076 primitivorum,
1356 4013 1383 4061 et
1406 4002 1589 4078 negligimus;
1606 4001 1761 4058 desiderant

103 4094 175 4153 etos,
195 4086 311 4143 maritae
334 4095 442 4157 propter
466 4086 531 4142 iliud
562 4089 633 4160 quod
666 4091 815 4159 Apostolus
840 4091 900 4147 ait:
965 4093 1123 4162 nosssncti‚
1140 4099 1167 4148 et
1184 4093 1426 4165 parvipendimus3
1441 4100 1596 4166 exspectant
1611 4106 1662 4148 nos
1679 4092 1758 4162 justi,

107 4175 184 4246 Quod
197 4179 229 4233 ιἰι
243 4179 381 4249 presenti
389 4182 429 4234 est
438 4182 669 4235 momentaneam
678 4182 707 4236 et
718 4179 775 4237 teve
786 4180 903 4238 tridate-
921 4139 945 4218 ῃ
963 4188 991 4238 et
1008 4180 1219 4240 dissimulamus.
1243 4184 1398 4240 Excitemur
1412 4180 1564 4255 aliquando,
1581 4179 1697 4247 lratres3
1713 4194 1759 4234 re·

105 4266 191 4324 tionis
202 4271 316 4332 nostrae,
326 4267 540 4339 supramodum
554 4269 587 4324 ιἰι
600 4268 809 4327 sublimitatem
819 4274 903 4328 ceter·

103 4371 177 4412 nam
186 4354 902 4433 emmoepondmoperaoimrmmm(lldorrvpv),

101 4444 137 4501 Et
148 4444 295 4517 Propheta:
311 4446 397 4503 Visite
404 4463 455 4504 reos
465 4448 497 4503 ia
506 4448 630 4504 salutari
640 4449 903 4519 reassumendum

103 4535 135 4590 ιἰι
145 4533 271 4592 bonitate
281 4536 437 4593 electorum
447 4537 614 4603 moremati
625 4538 781 4595 laetandum
790 4542 823 4597 m
833 4540 903 4598 laeti·

104 4626 247 4697 tiaqeatt's
257 4628 365 4690 tameat
376 4625 901 4699 laederiscomittereditatetaaffsal.

102 4726 147 4780 cv,
165 4713 192 4778 t,
208 4712 246 4782 5).
262 4712 321 4768 Non
336 4713 407 4770 enim
426 4715 464 4770 ait
479 4733 485 4770 :
501 4717 536 4773 Ut
549 4715 667 4774 lauderis
687 4717 721 4772 ab
744 4717 903 4776 haereditate

103 4806 167 4872 tua;
183 4801 243 4871 sed,
260 4818 325 4860 eom
341 4802 507 4864 haereditate
521 4810 582 4870 toa,
594 4815 625 4864 ut
638 4809 790 4864 eommunis
804 4808 902 4865 intelli-

101 4896 180 4963 gatur
194 4889 283 4947 iulnra
294 4891 421 4952 laudatio.
437 4890 555 4961 Quodsi
572 4893 633 4964 ipsa
648 4894 739 4952 laudat
759 4895 902 4953 haereditas

103 4980 260 5048 hominum
285 4981 468 5038 hereditatem
493 4982 554 5051 quis
577 4982 675 5054 laudet,
700 4984 735 5041 ab
768 4985 900 5058 Apostolo

101 5068 253 5126 audiamus.
273 5073 356 5137 lenc,
368 5070 465 5144 iuquit,
477 5073 631 5145 tantamque
642 5073 704 5131 lam
714 5075 781 5132 erit.
792 5075 816 5130 b
826 5074 900 5147 quoi

101 5160 191 5217 Alica
206 5161 231 5227 (Ι
246 5162 307 5218 Cor.
322 5176 362 5231 tv,
378 5163 416 5233 h).
432 5164 548 5237 Magnus
563 5163 696 5232 laudator,
711 5172 738 5221 et
751 5168 899 5225 vehemen-

101 5257 143 5305 ter
155 5250 299 5306 ambienda
313 5250 438 5307 laudatio.
454 5252 528 5308 Felix
543 5253 718 5311 commutatio
740 5254 838 5324 landis,
854 5259 898 5315 uhi

100 5345 129 5396 et
142 5338 254 5394 laudare
267 5339 377 5397 beatum
397 5347 447 5409 cst,
463 5350 491 5398 et
509 5341 622 5400 laudari.
684 5418 687 5422 ι

135 5431 164 5484 5.
178 5428 221 5486 td
235 5429 300 5501 quid
313 5445 380 5502 erqo
390 5433 490 5489 mactis
504 5431 562 5491 laus
577 5433 693 5491 nostra?
706 5433 742 5491 ad
760 5434 826 5506 quid
840 5435 898 5507 qlo-

99 5514 215 5576 riheatio
228 5526 321 5576 nostra
330 5520 344 5577 l
353 5520 387 5576 ad
402 5519 706 5596 quidnostrahreeipss
717 5523 896 5583 solemnitas?

957 4287 1101 4344 surgamus
1113 4287 1174 4328 cum
1190 4271 1307 4344 Cirristo,
1319 4288 1472 4344 queramus
1487 4286 1547 4342 quae
1562 4276 1756 4339 sursumsunt,

957 4377 1018 4433 quae
1031 4369 1215 4418 sursumsunt
1229 4361 1378 4429 sapiamus.
1393 4360 1586 4416 Desideremus
1599 4357 1758 4416 desideran-

958 4458 999 4506 tes
1011 4464 1071 4519 uos,
1086 4465 1263 4522 properemus
1278 4452 1312 4506 ad
1327 4451 1520 4522 prestolantes
1544 4463 1603 4517 nos,
1615 4457 1759 4518 expectan-

956 4548 998 4596 tes
1011 4554 1061 4596 nos
1079 4538 1150 4596 votis
1169 4554 1391 4611 preoccupemus
1413 4537 1576 4595 animorum.
1600 4537 1669 4606 Eece
1684 4536 1757 4592 enim

956 4629 1023 4686 nihil
1041 4627 1070 4684 in
1092 4629 1143 4685 haa
1167 4639 1259 4685 nostra
1284 4629 1440 4685 communio
1464 4646 1480 4685 e
1501 4625 1663 4696 securitatis,
1688 4626 1758 4683 nihil

955 4717 1140 4791 perfectionis,
1169 4716 1234 4773 nihil
1262 4717 1360 4792 quietis
1380 4735 1388 4773 z
1408 4727 1437 4776 et
1459 4727 1547 4776 tamen
1576 4715 1621 4773 hie
1649 4729 1758 4787 quoque

955 4825 1035 4882 quarn
1049 4809 1150 4865 bonum
1171 4815 1198 4864 et
1227 4825 1308 4881 quam
1330 4807 1492 4881 jucundum,
1513 4806 1640 4878 {hahitare
1661 4804 1758 4862 iratres

954 4898 982 4955 in
1001 4898 1108 4955 unuani
1127 4897 1262 4971 Quidquid
1286 4899 1368 4964 enim,
1380 4898 1437 4955 sive
1451 4898 1572 4963 interius,
1602 4895 1659 4954 sive
1680 4903 1757 4950 exte·

954 4989 1020 5060 rius,
1039 4989 1183 5046 molestum
1202 4987 1329 5057 occurrit,
1346 4988 1404 5060 ipso
1421 4988 1512 5060 utique
1530 4993 1584 5043 tam
1606 4999 1757 5061 germano·

955 5094 1016 5136 rum
1030 5078 1167 5135 consortio
1187 5076 1310 5144 fratrum,
1338 5094 1399 5134 oum
1425 5077 1524 5149 quibus
1545 5083 1585 5134 est
1607 5076 1688 5133 nobis
1703 5089 1754 5131 cor

952 5185 1037 5224 unum
1051 5167 1178 5224 stenima
1195 5183 1248 5223 una
1266 5167 1294 5222 iu
1308 5167 1405 5233 Deam,
1424 5167 1593 5224 tolerabilius
1607 5164 1742 5222 iuvenitur

953 5258 1040 5329 Quam
1055 5256 1158 5312 dulcior
1171 5256 1234 5327 erit,
1250 5271 1329 5329 quam
1343 5257 1537 5327 delectabilior,
1556 5271 1636 5329 qnam
1647 5252 1754 5309 beatior

952 5346 1016 5404 unio
1031 5345 1079 5403 ubi
1093 5344 1167 5401 nulla
1184 5343 1307 5415 suspicio
1331 5360 1392 5401 esse
1410 5346 1518 5419 poterit,
1544 5343 1621 5403 nulla
1644 5343 1753 5398 dissen-

951 5436 1035 5493 sionis
1048 5435 1173 5502 occesio;
1200 5435 1244 5490 uhi
1260 5449 1354 5492 omnes
1378 5434 1497 5510 perlaeta
1518 5434 1636 5492 ebaritas
1659 5432 1750 5498 iudis-

953 5525 1065 5584 solubili
1083 5523 1185 5583 laedere
1201 5521 1348 5601 colligabit,
1364 5525 1478 5586 utsicut
1496 5527 1615 5582 lateret
1631 5521 1739 5585 1011
