3734 5948
195 261 249 321 sm
667 253 695 311 s.
717 247 885 312 sumnam
903 245 1040 309 matris
1061 245 1375 312 cmaavnunnusrs
1784 220 1849 314 ses

192 386 260 459 ipsis
278 383 416 441 bominum
440 379 558 452 praelatis
574 377 730 434 bominibus
753 376 902 449 angelicam
915 390 988 447 quo·
1005 390 1029 470 Α
1045 375 1126 446 hujus
1141 374 1274 432 sermonis
1288 374 1421 449 principio
1439 378 1637 437 reservavimus
1652 396 1759 450 vooem,
1773 383 1840 448 dun,

193 491 247 547 que
263 472 410 528 custodiam
432 467 605 542 superponis,
628 475 658 523 ut
677 476 704 523 et
726 480 820 523 muros
835 465 988 530 defensent,
1027 480 1230 556 'quaereremus
1244 472 1362 535 sanctos,
1384 481 1497 538 quorum
1518 470 1701 527 sanctimoniae
1719 485 1841 546 cougra-¹

193 572 220 618 et
234 577 281 617 eos
295 559 341 630 qui
355 572 492 613 murorum
512 557 617 613 ambitu
631 555 813 612 continentur.
833 555 882 621 lta,
902 555 987 615 Pater,
1043 553 1157 609 tulamnr
1178 553 1321 609 tlevotione
1336 554 1460 611 solemni.
1477 557 1550 612 Licet
1563 557 1636 613 enirn
1651 560 1770 630 parietes
1789 562 1839 617 bos

191 649 317 722 quoniam
336 646 376 702 sie
398 655 439 701 est
457 645 584 717 placitum
608 653 670 701 aute
691 650 727 713 te,
743 643 782 697 sic
805 641 989 698 necessarium
1042 650 1070 697 et
1087 642 1141 699 dici
1165 650 1273 699 sanctos
1286 650 1314 698 et
1334 658 1394 698 esse
1409 645 1487 700 l'aciat
1506 647 1671 703 consecratio
1692 650 1839 721 episeopo·

191 736 280 794 nobis.
306 734 476 793 lusufficiens
505 734 579 789 enim
599 741 640 789 est
667 731 861 788 administratio
885 737 987 796 nostra,
1043 749 1112 798 rum,
1141 731 1320 804 frequentatio
1348 732 1556 804 Summuranum,
1586 736 1712 793 instantia
1734 740 1840 797 oratio-

189 826 244 883 nisi
256 836 284 882 et
300 827 441 882 nobiscum
460 835 486 879 et
502 837 551 895 pro
570 821 652 878 nobis
665 819 910 876 administratorios
928 817 989 873 illos
1042 836 1118 891 utrm,
1139 820 1257 892 reliquiae
1271 829 1435 891 sanctorum,
1457 823 1573 881 visitatio
1588 827 1759 899 augelorum,
1784 828 1838 882 mi-

190 915 302 989 spiritus
321 914 347 969 in
364 912 541 968 ministerium
571 910 673 981 mitta's,
695 908 918 965 utbaereditatem
941 922 987 962 ca·
1042 909 1116 966 nime
1141 921 1228 965 tanuen
1250 925 1342 965 eorum
1366 913 1496 969 sauctitas
1518 926 1630 985 propter
1651 932 1681 971 se
1702 916 1838 974 credenda

190 1004 294 1077 piamns
326 1001 431 1058 salutis.
456 1000 528 1070 Quid
551 1001 622 1055 enim
644 999 666 1054 si
690 1016 744 1056 uon
767 998 888 1055 videmus
909 997 989 1052 obse·
1043 1012 1085 1056 est
1099 998 1237 1066 honorari,
1253 1016 1320 1071 quos
1334 1015 1385 1056 uec
1396 1010 1509 1071 propter
1523 1018 1553 1059 se
1565 1013 1669 1059 certum
1684 1015 1726 1061 est
1740 1008 1838 1062 sancti·

189 1093 294 1164 quium,
310 1107 373 1147 cum
389 1091 560 1162 experiamur
575 1087 705 1144 auxilium
723 1089 737 1143 f
752 1087 818 1159 quid
833 1087 855 1142 si
866 1102 921 1143 non
937 1101 989 1142 me·
1042 1086 1126 1143 ficari.
1141 1088 1268 1160 Quinimo
1284 1101 1376 1146 sancta
1397 1098 1459 1145 sunt
1478 1100 1588 1162 propter
1601 1109 1716 1166 corpora
1730 1095 1837 1168 domus,

189 1197 281 1237 remur
303 1189 451 1252 aspectum,
467 1183 537 1234 'cum
561 1178 709 1234 senbamus
728 1175 877 1232 effectum?
901 1175 989 1231 Disci—
1043 1191 1157 1246 corpora
1180 1186 1291 1249 propter
1312 1178 1425 1245 animas,
1450 1181 1548 1235 animae
1572 1192 1683 1253 propter
1706 1182 1837 1253 Spiritum

189 1287 250 1327 mus
281 1280 354 1326 certe
383 1269 426 1326 vei
454 1283 487 1323 ex
510 1269 564 1323 boe
586 1268 646 1339 ipso
668 1265 812 1324 invisibilia
833 1264 987 1322 visibilibus
1041 1265 1245 1322 inhabitantem.
1267 1268 1361 1339 Neque
1384 1267 1448 1324 hinc
1471 1269 1573 1324 dubitet
1592 1272 1663 1341 quis,
1683 1287 1747 1327 cnm
1766 1273 1837 1330 invi-

189 1359 367 1432 praeferenda.
384 1356 450 1425 Quae
473 1358 546 1413 enim
564 1356 698 1426 videntur,
725 1354 886 1427 temporalia
907 1362 985 1424 sunt,
1042 1353 1126 1410 sibilis
1139 1357 1199 1425 ejus
1214 1357 1307 1427 gratiae
1322 1357 1426 1414 visibile
1445 1358 1524 1413 nobis
1548 1360 1656 1432 siguum
1676 1359 1723 1415 fist
1736 1360 1764 1416 iu
1786 1365 1838 1417 bo-

187 1464 248 1519 quae
269 1455 360 1503 autern
383 1461 438 1502 non
462 1446 597 1511 videntur,
623 1452 723 1501 aterna
737 1445 777 1516 (tl
796 1446 857 1501 Cor.
873 1459 913 1509 tv,
930 1447 985 1513 ts).
1041 1459 1115 1500 num.
1142 1443 1210 1500 Dico
1229 1453 1320 1501 autem
1340 1445 1368 1500 in
1391 1462 1423 1502 eo
1445 1446 1518 1517 quod
1537 1455 1564 1502 et
1586 1446 1638 1519 ipsi
1659 1448 1742 1505 instar
1765 1448 1838 1507 illius

187 1537 315 1609 Denique
337 1535 366 1591 in
389 1533 572 1590 invisibilibus
595 1533 742 1589 visibilium
755 1548 839 1588 causa
852 1531 985 1599 consistit,
1042 1531 1194 1604 evangelici
1218 1533 1354 1605 paralytici
1374 1534 1501 1608 surgitis;
1520 1537 1594 1606 quod
1612 1552 1772 1609 corporeum
1786 1539 1837 1594 hoc

186 1632 228 1691 ut,
239 1625 390 1682 secuudum
404 1622 574 1694 Apostolum,
590 1621 748 1678 favasrbtlte
762 1622 812 1678 Dei
819 1637 871 1693 per
885 1637 917 1676 co
927 1637 988 1692 qum
1043 1622 1193 1693 grabatum,
1211 1623 1238 1677 in
1250 1638 1305 1695 quo
1318 1624 1449 1693 jacebatis
1463 1623 1597 1700 languidi,
1618 1634 1672 1681 mm
1686 1626 1765 1684 facile
1785 1628 1837 1685 tol·

187 1717 266 1788 [octo
273 1718 504 1770 sontcereotorc
511 1712 614 1769 visibili
621 1711 767 1768 intellecto
774 1709 988 1781 conspiciantur
1005 1675 1026 1752 Β
1042 1709 1111 1777 litis,·
1131 1711 1204 1780 quod
1228 1711 1355 1782 denique,
1370 1710 1513 1769 ambulatis
1531 1713 1559 1768 in
1581 1714 1690 1771 domum
1709 1725 1836 1786 vestram,

187 1806 266 1861 Rom.
282 1819 302 1868 ι,
318 1802 374 1875 20).
399 1801 445 1857 Sic
470 1800 597 1856 nimirum
622 1798 819 1866 ludaeosolim,
844 1797 878 1853 de
892 1795 989 1852 invisi·
1042 1796 1114 1852 illam
1138 1813 1203 1854 saue
1216 1799 1327 1856 domum
1349 1801 1383 1854 de
1406 1816 1460 1871 qua
1474 1801 1612 1870 laetamini,
1632 1802 1753 1861 diceutes
1776 1820 1836 1861 cum

186 1893 236 1948 bili
260 1901 433 1962 peccatorum
447 1887 617 1961 indulgentia
640 1892 765 1943 sanctum
789 1885 839 1941 Dei
855 1885 987 1956 blaspbe·
1044 1887 1192 1959 Propheta:
1205 1889 1237 1943 lm
1246 1890 1362 1946 demum
1373 1891 1487 1947 Domini
1496 1891 1601 1948 ibimus
1612 1893 1698 1960 (Prot.
1710 1899 1835 1966 cangi).

186 1990 304 2048 mantes,
320 1978 443 2035 sanitatis
455 1990 594 2047 corporeae
613 1979 692 2050 signo
711 1974 810 2033 visibili
826 1972 987 2031 confutavit:
1043 1974 1066 2032 0
1093 1976 1262 2032 admirabilis
1286 1978 1393 2046 domus,
1416 1988 1445 2034 et
1467 1977 1572 2036 dilectis
1599 1979 1789 2052 tabernaculis,
1812 1993 1837 2038 et

189 2073 221 2128 tlt
236 2070 333 2126 aciatis
348 2070 415 2140 quio
427 2066 518 2122 Filius
538 2064 660 2122 bominis
678 2067 848 2138 potestatam
865 2062 988 2118 hebetia
1043 2065 1119 2120 atriis
1137 2064 1395 2138 concupiscibilibus
1419 2064 1602 2136 praeferenda!
1627 2069 1717 2137 οιιαιη
1734 2070 1837 2127 dilecto

187 2172 265 2216 terro
284 2154 448 2214 dimittendi
465 2158 594 2228 peccota,
616 2152 698 2224 (tanc
717 2154 758 2208 cit
784 2151 960 2224 paralytico)
979 2167 987 2205 ε
1043 2153 1227 2210 tabernacola
1239 2158 1298 2220 tao,
1315 2155 1432 2212 Domine
1445 2156 1609 2213 uirtutum!
1623 2160 1798 2232 concupiscit
1811 2165 1837 2218 et

186 2241 988 2320 Serge,tolleqrobolumtunm,ctoodoimdcmomtaom
1018 2310 1021 2315 1
1042 2243 1837 2312 deficitcuimomoat'uotrt'aDominallerummultoma·

185 2337 282 2406 (liare.
297 2350 328 2404 ιι,
345 2335 401 2404 10).
1042 2328 1102 2399 gis:
1119 2331 1198 2384 Beati
1208 2327 1394 2400 quittabitoot
1404 2330 1435 2382 ia
1445 2327 1595 2397 demotum
1606 2332 1836 2400 Dosniue5insoe·

223 2428 251 2480 3.
267 2425 312 2480 Sic
325 2434 352 2478 et
365 2422 532 2478 Phasiacam
542 2419 619 2476 illum
630 2427 843 2476 murmurantem
858 2419 989 2475 adversus
1042 2418 1287 2474 calcamentorum
1302 2415 1456 2473 laudabunt
1474 2424 1500 2473 tc
1519 2419 1606 2487 (Psoi.
1625 2434 1737 2491 nxxxut,
1755 2424 1783 2490 2,
1798 2425 1835 2493 b).

185 2514 320 2570 medicum
334 2512 381 2584 qui
397 2512 514 2568 salutem
539 2511 712 2581 operabatur,
737 2515 765 2564 et
784 2516 987 2564 succensentem
1041 2504 1180 2576 Siquidem
1193 2505 1309 2578 gloriosa
1331 2504 1403 2578 dicta
1423 2513 1487 2561 sunt
1500 2505 1533 2561 de
1554 2517 1590 2578 te,
1615 2510 1709 2565 civitas
1727 2509 1790 2566 Dei.
1807 2511 1836 2566 lu

185 2602 319 2676 languidae
334 2616 397 2673 qnae
410 2601 574 2667 salvabatur,
590 2597 744 2652 manifestis
762 2596 854 2653 revicit
867 2595 986 2661 indiciis,
1043 2594 1220 2652 tabernaculis
1235 2596 1307 2650 enim
1328 2592 1446 2664 gemitus
1460 2602 1502 2649 est
1516 2597 1690 2668 poeniteutiae,
1714 2597 1742 2653 iu
1762 2601 1837 2656 atriis

185 2691 313 2762 obsequia
326 2687 450 2745 mulieris
467 2702 639 2742 enumerans.
660 2684 777 2740 Errabat
792 2683 925 2757 siquidem
939 2687 987 2754 qui
1042 2680 1139 2755 gustus
1162 2683 1274 2746 laetitiae,
1299 2682 1326 2736 in
1347 2688 1373 2737 te
1396 2682 1507 2738 satietas
1525 2684 1629 2757 gloriae.
1651 2687 1715 2742 lloec
1728 2688 1836 2761 quidem

186 2787 312 2851 tanquam
335 2778 423 2833 adbuc
444 2775 623 2847 peccatricem
645 2772 782 2839 horrebat,
807 2786 869 2845 quae
886 2770 984 2830 divinis
1042 2778 1082 2826 est
1105 2769 1209 2825 infirma
1231 2771 1330 2827 domus
1343 2770 1483 2838 orationis,
1503 2772 1592 2828 media
1615 2776 1835 2847 exspectationis,

184 2869 320 2924 inbaereus
338 2864 468 2938 vestigiis,
494 2863 598 2937 rigabat
621 2861 740 2931 fletibus,
765 2862 886 2934 tergebat
902 2860 984 2917 crini·
1040 2867 1068 2912 tu
1087 2861 1235 2929 gratiarnm
1255 2858 1369 2915 aetionis
1388 2866 1415 2914 et
1439 2859 1537 2918 laudis.
1557 2861 1631 2918 Felix
1653 2863 1769 2934 proinde
1791 2864 1837 2937 qui

184 2958 247 3026 bus,
280 2955 374 3012 osculo
402 2954 551 3023 premebat,
580 2951 702 3025 ungebat
733 2962 883 3021 unguento.
917 2947 1020 3030 Quian
1037 2947 1081 3003 bie
1095 2947 1268 3003 declinaverit
1288 2949 1397 3014 amalo,
1418 2948 1493 3018 quod
1514 2959 1555 3006 est
1578 2950 1666 3022 eulpa,
1689 2959 1717 3007 et
1744 2952 1839 3008 fecerit

185 3045 257 3101 enim
284 3043 398 3101 erimina
419 3044 477 3113 jam
500 3040 590 3097 deleta
613 3045 760 3109 recenseat,
784 3037 846 3110 quis
864 3037 982 3109 tangenti
1037 3038 1157 3092 bonrum:
1173 3045 1203 3090 ut
1225 3036 1307 3092 illica
1326 3036 1408 3107 malo,
1428 3036 1503 3108 quod
1523 3046 1564 3093 ast
1586 3052 1676 3108 poena,
1692 3036 1837 3109 liberetur,

185 3139 350 3200 succenseat,
380 3130 441 3202 quis
468 3144 529 3186 eam
560 3126 735 3200 peccatricem
767 3132 884 3195 censeat,
910 3140 982 3199 qua,
1038 3135 1065 3182 et
1079 3124 1108 3180 in
1123 3131 1149 3181 te
1164 3125 1277 3197 recipiat
1291 3126 1403 3183 bonum.
1427 3128 1476 3183 llic
1491 3125 1620 3182 nimirum
1634 3125 1763 3199 primitiae
1778 3131 1837 3200 spi·

186 3220 408 3276 dumcommissa
425 3217 556 3288 deplorat,
581 3214 835 3287 oditiniqnitatem;
862 3218 926 3269 dum
940 3229 985 3269 os·
1039 3215 1116 3283 ritus,
1139 3212 1199 3270 illic
1222 3213 1333 3280 divitiae,
1358 3214 1386 3270 in
1404 3225 1430 3272 te
1456 3215 1609 3285 plenitudo:
1634 3213 1680 3270 ubi
1701 3213 1774 3272 bona
1794 3216 1837 3273 illa

186 3307 290 3365 eulatur
315 3307 397 3378 pedes
418 3304 538 3373 Domini,
561 3303 651 3378 diligit
667 3301 818 3373 justitiam
834 3309 861 3357 et
875 3316 984 3358 rursum
1039 3317 1174 3371 mensura,
1203 3302 1332 3368 conferta,
1360 3312 1387 3359 et
1411 3303 1554 3375 coagitata,
1584 3311 1611 3359 et
1639 3302 1837 3376 supereffluens

186 3397 250 3452 dum
287 3396 369 3467 tergit
395 3393 525 3460 crinibus,
555 3393 665 3448 exhibet
691 3390 891 3459 bumilitatem,
920 3391 984 3446 dum
1038 3390 1168 3447 daturin
1193 3389 1269 3446 sinus
1291 3401 1410 3450 nostros.
1435 3393 1486 3447 llic
1508 3390 1625 3463 deniqne
1649 3391 1716 3448 fiunt
1739 3393 1836 3459 sancti,

186 3485 264 3556 ungit
285 3493 433 3558 unguento,
449 3481 681 3537 mansuetudinem
704 3480 832 3553 prefert?
853 3479 983 3551 Nunquid
1038 3477 1092 3536 illic
1105 3478 1201 3546 securi,
1223 3480 1250 3534 in
1270 3487 1296 3536 te
1314 3480 1396 3536 beati.
1417 3480 1465 3536 llae
1480 3479 1614 3554 siquidem
1633 3480 1759 3553 primitiae
1778 3483 1836 3554 spi·

186 3574 315 3647 possibile
329 3582 370 3629 est
379 3585 493 3642 regnare
516 3575 660 3640 peccatum
673 3565 701 3622 in
716 3566 807 3622 animo
826 3567 944 3622 contrito
957 3573 985 3622 et
1039 3567 1116 3636 ritus,
1140 3584 1201 3641 quae
1215 3568 1391 3626 militantibus
1414 3570 1523 3626 iuterim
1537 3581 1741 3644 praerogantur:
1768 3587 1833 3628 sau-

187 3665 284 3732 spiritu
307 3658 509 3734 ingemiscenti,
530 3667 577 3714 aut
598 3672 653 3713 non
672 3654 884 3711 muitacbaritas
897 3655 985 3726 operit
1038 3659 1116 3714 ctitas
1138 3659 1166 3712 in
1180 3661 1395 3728 conversatione,
1414 3660 1502 3730 pietas
1520 3660 1548 3715 in
1569 3659 1730 3732 intentione,
1752 3661 1834 3720 vimus

189 3732 390 3808 multitudinem
403 3748 598 3822 peccatorum?
613 3746 736 3804 Dimissa
747 3749 818 3802 aaut
828 3747 855 3801 ei
865 3750 985 3818 paccata
1038 3746 1067 3803 iu
1081 3748 1279 3805 colluctatione.
1303 3751 1332 3804 ln
1347 3751 1488 3806 sanctitate
1506 3751 1728 3818 conversationis,
1747 3749 1833 3822 poeui·

187 3835 987 3912 maltc,quomicmdilexitmcltumffue.v11,38·47).bfe·
1039 3837 1129 3894 tentiae
1145 3837 1248 3894 fructus
1266 3837 1400 3911 intellige,
1416 3846 1443 3894 et
1461 3838 1612 3910 corporalia
1624 3854 1742 3912 quaeque
1765 3839 1834 3896 divi·

188 3928 239 3984 cito
263 3927 377 3999 proinde
399 3929 454 3996 iam
472 3941 526 3983 non
552 3926 688 3997 peccatrix
703 3924 781 3994 juxta
804 3931 887 3992 tuam,
914 3925 984 3979 Pba·
1040 3941 1138 3984 norum
1166 3926 1294 3984 exercitia
1318 3927 1517 3984 mandatorum.
1544 3927 1578 3983 nt
1610 3927 1738 4000 quoniam
1766 3929 1834 3999 hac,

189 4017 274 4084 risse,
310 4015 479 4080 senteutiam,
512 4013 561 4069 sed
591 4024 683 4068 sancta
718 4012 850 4084 discipula
885 4012 986 4069 Christi
1040 4015 1092 4074 uisi
1112 4015 1223 4086 simplex
1246 4014 1445 4085 fueritoculus,
1460 4015 1593 4089 simplicia
1614 4033 1675 4074 esse
1696 4032 1750 4074 non
1771 4033 1835 4090 pos·

190 4105 340 4175 vocabitur,
363 4121 379 4159 a
404 4120 459 4175 quo
487 4103 569 4159 etiarn
590 4101 684 4158 didicit
710 4101 739 4156 in
759 4110 814 4159 tam
837 4103 913 4159 brevi
927 4117 1001 4160 esse.
1041 4112 1114 4175 sunt,
1135 4104 1288 4162 necessario
1315 4105 1400 4176 pietas
1417 4105 1574 4162 intentionis
1595 4115 1624 4162 et
1644 4106 1749 4179 puritas
1777 4125 1836 4166 cor-

189 4197 263 4253 mitis
284 4204 318 4274 et
336 4193 447 4249 humilis
467 4192 556 4248 corde.
577 4191 708 4247 Nimirum
731 4194 783 4248 hoc
805 4196 847 4248 est
869 4192 941 4262 quod
960 4190 987 4246 iu
1003 4229 1027 4308 n
1041 4193 1083 4248 dis
1098 4193 1225 4265 exigitur,
1241 4209 1275 4249 ne
1289 4194 1331 4250 vel
1345 4194 1457 4251 honoris
1469 4194 1595 4267 ambitus,
1609 4193 1653 4253 vel
1666 4194 1756 4253 laudis
1770 4197 1836 4253 sub·

191 4286 324 4358 propbeta
337 4282 439 4357 legisti,
455 4282 503 4336 aad
520 4279 633 4337 forsitan
659 4279 817 4352 neglexisti:
847 4281 923 4337 Verte
937 4282 989 4337 im·
1044 4289 1122 4354 repat
1135 4283 1283 4354 appetitus:
1300 4284 1348 4339 sed
1368 4285 1443 4340 solus
1458 4284 1502 4341 ille
1521 4283 1690 4342 desideretur
1703 4285 1751 4357 qui
1766 4288 1837 4344 solus

191 4375 260 4447 ptos,
276 4377 467 4430 atomorum
480 4372 573 4440 (Pron.
595 4368 761 4441 xvv,'l).Sic,
777 4368 989 4435 cbarissimi,sic
1042 4371 1206 4428 desiderium
1235 4371 1331 4443 replet,
1359 4378 1386 4428 et
1412 4373 1446 4428 ad
1470 4372 1573 4446 proprii
1600 4372 1681 4430 fontis
1704 4375 1837 4447 originem

192 4471 220 4519 et
238 4460 366 4532 antiquus
383 4459 429 4515 ille
447 4470 589 4515 accusator
607 4457 728 4524 fratrum,
746 4457 779 4523 si,
799 4456 942 4528 inquibus
963 4467 991 4513 et
1044 4459 1133 4517 omnis
1150 4476 1229 4533 quam
1252 4461 1408 4533 accepimus
1435 4462 1520 4535 gratia
1539 4470 1699 4522 revertatur.
1719 4464 1838 4521 blemen-

192 4564 243 4607 vos
265 4546 436 4612 erubescitis,
461 4545 597 4616 praeterita
620 4553 730 4617 peccata
763 4555 851 4601 restra
877 4542 988 4601 1017
1047 4560 1073 4605 ιο
1097 4558 1184 4605 umen
1206 4548 1291 4606 solam
1315 4564 1347 4605 ex
1367 4552 1493 4607 omnibus
1510 4550 1736 4622 perseverantiam
1760 4569 1838 4611 coro·

193 4637 270 4696 uobis
284 4636 461 4708 improperet,
476 4633 636 4705 Apostolum
650 4633 740 4689 audite
753 4633 899 4705 magnifice
922 4649 990 4690 con-
1045 4638 1113 4708 nari,
1130 4653 1181 4695 nec
1196 4653 1255 4693 eam
1270 4637 1348 4695 facile
1360 4653 1442 4711 posse
1460 4641 1531 4697 iuter
1547 4647 1588 4697 tot
1601 4641 1759 4698 discrimina
1778 4643 1838 4699 vin·

193 4726 324 4784 solantem
337 4739 398 4791 vos,
412 4731 440 4779 et
452 4723 600 4779 dicentem:
616 4725 679 4778 lfoec
694 4721 807 4794 quidem
822 4724 930 4794 fuistis,
945 4723 992 4780 scd
1045 4727 1139 4796 dicari,
1167 4726 1218 4783 nisi
1236 4728 1413 4801 multiplicem
1436 4730 1561 4787 obtineas
1579 4730 1607 4785 in
1626 4739 1679 4786 tarn
1701 4730 1839 4804 multiplici

195 4816 288 4874 soleti
302 4814 379 4886 estis,
395 4812 444 4869 sed
457 4812 633 4881 sanctificati
646 4813 714 4866 eatis
725 4811 749 4882 (l
765 4811 993 4882 cor.v1,tt);et
1045 4816 1237 4873 colluctatione
1250 4816 1387 4875 virtutem.
1398 4819 1461 4876 Haee
1474 4819 1500 4874 in
1515 4818 1705 4875 tabernaculis.

194 4903 397 4961 illudzlfobatt's
407 4917 485 4957 natue
494 4900 605 4971 quidem
614 4898 743 4968 fmtclum
755 4902 918 4956 vestroruin
926 4916 994 4956 sart·
1081 4907 1109 4960 tt.
1130 4905 1217 4962 Porro
1236 4905 1264 4960 in
1286 4905 1372 4975 atriis,
1391 4923 1452 4978 quae
1471 4917 1532 4979 post
1550 4907 1679 4963 molestos
1700 4906 1841 4966 conflictus

196 4993 409 5060 ctificctiooem,
425 4992 511 5061 finem
525 4989 687 5046 verovitum
700 4992 838 5044 oetcraom
852 4991 990 5057 (Romvr,
1046 5008 1152 5048 smoena
1187 4994 1351 5064 jucunditate
1377 4992 1510 5051 fovendos
1542 4994 1679 5065 excipiunt
1711 5007 1840 5054 exeuntes

197 5083 261 5151 22),
278 5090 304 5134 et
318 5079 484 5136 nvanifestius
498 5077 653 5150 exprimens
672 5093 679 5132 ε
700 5076 845 5149 Templum
867 5079 928 5143 Dei,
945 5079 992 5147 ait,
1047 5082 1112 5154 (ab),
1133 5084 1189 5152 jam
1213 5082 1313 5138 divitia
1327 5082 1436 5154 spiritus
1457 5089 1614 5154 erogantur,
1639 5082 1749 5156 requies
1768 5101 1787 5141 a
1806 5085 1841 5140 la·

192 5173 325 5230 sanctum
338 5175 390 5235 est,
406 5169 479 5243 qood
493 5169 559 5226 estis
575 5183 621 5226 cos
636 5167 664 5238 (f
677 5168 736 5226 Cor.
755 5181 795 5235 ιιι,
813 5168 869 5239 li).
1048 5170 1168 5241 boribus,
1187 5171 1318 5227 securitas
1340 5187 1354 5225 a
1374 5170 1612 5242 sollicitudinibus,
1634 5186 1686 5245 pax
1707 5173 1741 5229 ab
1759 5174 1842 5230 bosti-

231 5262 260 5315 t.
274 5257 409 5314 Nimirum
423 5258 481 5329 ipse
497 5267 548 5326 cst,
565 5260 644 5329 cujus
663 5257 820 5315 reverentie
839 5256 952 5329 primum
966 5257 994 5312 in
1048 5258 1108 5316 bus.
1126 5259 1186 5331 lpse
1200 5259 1272 5316 anim
1285 5261 1383 5316 amodo
1395 5261 1451 5330 jam
1466 5260 1533 5317 dicit
1546 5260 1663 5334 Spiritus
1678 5270 1708 5318 ut
1720 5263 1841 5335 requies·

232 5384 341 5455 (totila
355 5383 430 5463 atriis
445 5398 505 5455 quae
519 5383 623 5442 animas
634 5384 994 5454 justomtmnuncexeuntes
1047 5400 1154 5443 monem
1181 5389 1198 5442 f
1228 5386 1262 5468 de
1280 5384 1424 5468 ,Omnibus
1447 5387 1558 5468 sanctis.
1586 5385 1654 5468 Vide
1681 5386 1790 5445 Cornel.
1816 5386 1840 5441 in
1863 5394 1865 5398 ’

194 5455 341 5538 excipiunt,
358 5469 445 5509 mtuus
458 5457 625 5512 commodam
640 5455 746 5537 videtur
760 5455 860 5538 babere
880 5466 993 5512 senten·
1047 5459 1133 5539 apoc.
1147 5472 1188 5528 vr,
1204 5459 1235 5528 9;
1251 5457 1407 5539 ibidemque
1425 5458 1687 5529 Perenum,d1sput.
1704 5459 1839 5525 bellarm..

192 5535 268 5584 tram.
287 5525 341 5584 Sed
359 5527 394 5583 da
407 5526 458 5582 hac
472 5540 502 5581 re
515 5526 596 5598 paulo
608 5534 671 5583 aute
688 5535 753 5585 saus
766 5541 874 5599 egimus
887 5527 922 5584 ad
935 5543 995 5585 ser·
1047 5527 1095 5584 lab.
1113 5543 1123 5585 ι
1136 5529 1178 5586 lle
1191 5529 1359 5588 beatitudine
1372 5537 1538 5599 sauctorum,
1552 5543 1612 5603 cap.
1629 5532 1656 5587 d.
