3734 5948
165 181 217 242 53!
636 178 664 239 S.
680 173 849 238 nundinet
868 173 1004 234 scottis
1019 169 1332 235 cmnnttnncnsts
1762 173 1812 235 stt
1853 190 1867 198 ·

168 308 257 382 magis
268 306 393 378 minime)
406 303 551 376 diligerem
565 318 635 359 eam.
651 299 794 370 Quomodo
809 299 883 358 enin
894 309 966 357 amat
981 313 1005 393 Α
1022 299 1056 355 de
1075 304 1102 355 le
1119 298 1180 370 ipso
1193 299 1348 356 testimonia
1360 297 1501 356 ueritatis:
1519 298 1600 356 etiam
1611 300 1661 357 bne
1675 300 1813 357 communi
1842 334 1845 341 ι

170 397 242 470 quis,
257 398 337 467 cuius
350 400 465 450 mortem
478 393 569 447 amati
583 391 664 461 Quod
675 391 710 463 si,
725 399 756 448 nt
769 406 866 448 verum
879 397 922 446 cst
938 391 967 446 et
1021 389 1080 443 luce
1092 387 1229 457 iudicabis
1252 397 1279 444 te
1298 387 1449 460 indignum.
1464 388 1536 460 Lege
1550 389 1577 443 in
1599 388 1683 446 corde
1706 388 1816 445 licitos
1841 346 1847 481 i

169 483 356 551 indubitabile,
380 496 455 536 mors
476 479 574 535 animle
597 479 723 553 iniquiter
746 491 797 550 est,
815 478 967 536 absolutam
1021 483 1180 543 tomentum,
1196 478 1267 548 qnod
1283 475 1416 534 firmatum
1437 485 1480 535 est
1493 478 1519 534 iu
1535 477 1668 553 sanguine
1685 477 1815 536 nedum-

172 573 286 642 proinde
308 570 394 643 liquet
410 584 471 625 esse
488 568 658 635 sententiani,
683 569 757 641 quod
781 569 969 642 iniquitatem
1021 567 1081 623 ris:
1096 573 1123 622 ει
1145 565 1268 622 invenies
1288 582 1369 640 quern
1396 567 1477 640 longe
1498 567 1570 624 abud
1591 583 1642 640 spe
1660 567 1812 640 possidere,

171 661 222 734 qui
234 659 339 733 dilipit,
355 657 415 716 odit
428 659 556 715 enimam
565 672 646 715 soom
656 659 743 726 (Ptol.
756 673 787 724 x,
798 659 838 728 o).
852 656 969 715 Oderam
1021 671 1103 730 quam
1116 671 1146 711 re
1159 662 1252 712 tenere
1265 655 1374 713 rideris.
1391 658 1526 726 Qoid'eet,
1536 657 1631 728 inquit,
1647 657 1737 725 bomo,
1753 659 1817 732 quie

172 763 240 820 ergo
254 763 323 813 eum,
339 755 366 803 et
379 746 498 804 odissem
511 747 610 813 adbuc,
624 745 675 802 nisi
688 747 741 802 boc
752 746 968 818 mihiquodeuu·
1021 747 1188 817 mcpoificos
1198 759 1264 802 com
1274 745 1288 799 .⁹
1298 746 1410 818 Magnus
1425 747 1526 817 utique,
1542 747 1588 802 sed
1604 746 1631 801 in
1646 745 1715 803 ilio:
1737 746 1817 817 siqui·

173 853 227 910 que
240 835 338 893 amoris
353 838 413 908 ejus
426 835 533 892 initium
553 834 637 906 isqui
659 835 734 906 prior
753 849 812 891 eam
840 834 971 891 dilexerat
1023 833 1085 889 dem
1101 831 1339 907 magnificatusest
1355 831 1470 890 1080
1484 835 1519 890 ab
1533 833 1590 890 ilio.
1607 836 1663 891 Aut
1680 836 1817 907 quomodo
1848 902 1851 909 ι

171 925 341 984 contulisset.
1023 937 1078 979 non
1092 939 1206 998 magnus
1219 923 1289 995 apud
1299 921 1389 992 illurn,
1404 923 1448 979 cui
1463 928 1520 978 tam
1533 939 1634 996 magna
1653 939 1721 980 cura
1734 931 1777 980 est
1786 924 1819 978 de

210 1018 238 1069 3.
265 1014 354 1086 ipsius
377 1014 492 1084 proinde
512 1013 645 1071 beneficio
668 1024 858 1085 nonnunquam
880 1011 914 1066 de
938 1023 972 1065 ea
1024 1014 1232 1086 eoilpsieoim
1242 1012 1408 1071 coroestde
1421 1013 1510 1079 nobis,
1527 1013 1713 1085 aitepostolue
1726 1014 1820 1069 Petrus

174 1104 306 1176 cupitam,
321 1103 496 1160 videormibi
515 1103 543 1159 in
562 1119 603 1174 ea,
619 1102 717 1170 fateor,
735 1099 878 1159 uelutdno
892 1115 970 1171 quae·
1024 1101 1051 1173 (l
1062 1104 1138 1157 Petr.
1149 1116 1179 1167 v,
1193 1103 1234 1171 Ἰ).
1264 1101 1295 1155 Ει
1309 1102 1462 1171 Propheta:
1478 1104 1533 1174 Epo
1548 1106 1647 1160 eutem
1672 1102 1820 1161 meridient

173 1192 237 1250 dam
250 1191 385 1249 contraria
398 1191 528 1249 invenire.
543 1193 573 1249 st
587 1194 683 1264 ipsam,
704 1199 784 1264 prout
799 1192 827 1246 in
845 1205 876 1245 aa
890 1196 930 1246 eet
945 1199 973 1246 et
1024 1206 1089 1247 sum
1103 1193 1132 1246 ct
1143 1205 1264 1263 pauper,
1280 1191 1415 1248 Dominus
1440 1191 1582 1248 sollicitos
1597 1193 1639 1247 est
1651 1192 1708 1247 mci
1733 1192 1820 1255 (Psoi.

90 1266 95 1278 ’
175 1297 207 1339 ει
223 1298 263 1348 se,
277 1281 355 1351 juxta
370 1280 409 1335 rei
427 1281 568 1338 veritatem
583 1280 700 1351 intueor,
726 1279 792 1335 nihil
812 1278 847 1335 de
865 1293 897 1334 ea
921 1293 971 1333 ve·
1024 1293 1128 1348 xxxix,
1158 1281 1214 1350 ts).
1239 1279 1322 1335 Plane
1345 1277 1492 1335 ardfioiosa
1519 1279 1651 1336 connexio
1679 1279 1821 1351 utriusque
1851 1292 1854 1297 ·

177 1370 234 1426 rius
248 1371 347 1426 sentire
359 1383 483 1441 possum,
498 1387 578 1441 quam
598 1371 632 1426 ad
654 1368 768 1426 nibilum
791 1382 852 1424 esse
876 1367 973 1423 redae·
1026 1366 1334 1440 considerationisque
1362 1367 1439 1424 velut
1466 1382 1521 1425 nno
1549 1374 1688 1426 momento
1710 1368 1823 1425 descen

177 1469 244 1518 tam.
260 1458 331 1529 Quid
345 1459 426 1515 modo
440 1473 551 1516 ιιεεεεεε
568 1466 611 1515 εει
632 1457 755 1531 singulas
774 1456 834 1528 ejus
852 1455 974 1512 miserias
1027 1456 1094 1514 deus
1108 1458 1209 1528 pariter
1227 1465 1256 1512 et
1269 1456 1433 1528 ascendens,
1448 1463 1475 1513 et
1491 1473 1520 1512 se
1532 1472 1692 1529 pauperem·
1702 1465 1728 1514 ει
1742 1472 1821 1514 men·

178 1563 329 1615 numerare,
345 1548 476 1619 quamsit
492 1554 607 1605 *onerata
627 1545 758 1619 peccatis,
781 1544 872 1603 olinsa
895 1554 973 1603 teno-
1029 1547 1129 1612 dicum,
1145 1553 1173 1602 et
1186 1546 1272 1602 Deum
1285 1560 1336 1618 pro
1351 1560 1381 1602 se
1402 1545 1549 1604 sollicitum
1564 1546 1642 1605 vidit.
1664 1547 1822 1619 Angelicnm

179 1638 247 1705 bris,
282 1637 383 1694 irretita
411 1636 555 1710 illecebris,
588 1637 711 1709 pruriens
737 1633 974 1708 concupiscentiis,
991 1596 1070 1692 nest
1085 1636 1166 1702 istud,
1180 1633 1327 1692 ascendere
1344 1645 1371 1691 ει
1389 1635 1554 1692 descendero
1568 1634 1658 1691 timul.
1686 1636 1822 1707 Videbltie,

179 1727 296 1784 obnoxia
328 1725 508 1799 passionibus,
540 1725 654 1799 impieta
680 1725 862 1791 illusionibus,
890 1738 974 1794 prona
1030 1724 1710 1798 aincnqetosaseendenteretdescendentessaper
1720 1726 1824 1783 Filium

180 1831 291 1888 semper
302 1815 337 1870 sd
352 1814 461 1885 melum,
478 1815 506 1870 in
528 1815 626 1872 vitium
639 1830 720 1872 omne
743 1813 880 1887 proclivis,
904 1828 973 1884 pos·
1032 1813 1152 1872 leontinis
1166 1813 1258 1887 (loon.
1275 1829 1296 1882 1,
1309 1815 1365 1886 st).
1375 1813 1470 1886 Neque
1479 1813 1550 1870 enim
1565 1813 1626 1870 talis
1642 1813 1734 1888 eliqua
1747 1815 1825 1872 vicis·
1852 1869 1854 1875 .

181 1915 269 1962 tremo
282 1902 366 1960 totius
380 1902 546 1960 confusionis
559 1911 588 1959 et
606 1902 873 1976 ignominiepleuai
886 1902 975 1959 Nimi-
1029 1904 1120 1960 situdo
1148 1903 1177 1958 in
1206 1917 1300 1958 corum
1321 1902 1526 1959 incensionibus
1549 1910 1576 1959 et
1603 1903 1824 1961 descensionibus

180 2009 240 2050 ruru
252 1991 275 2049 si
288 1991 356 2065 ipsas
377 2006 487 2064 qnoque
504 1992 615 2064 justitiae
634 2000 734 2051 nostrae
759 2006 866 2061 omnes,
881 1993 915 2048 ad
930 1992 976 2047 lu·
1031 2000 1081 2050 est.
1103 1992 1189 2050 Sbnul
1203 2000 1231 2048 et
1244 1991 1386 2048 mittuntur
1406 1991 1435 2046 iu
1459 1990 1638 2047 ministerium
1657 1997 1826 2064 proptereos

181 2098 243 2138 men
257 2081 377 2140 verintis
389 2081 528 2153 inspectae,
542 2082 616 2140 velut
633 2098 739 2154 pannus
753 2089 927 2139 menstruatae
936 2081 977 2137 in-
1030 2083 1078 2154 qui
1091 2080 1275 2138 haereditatem
1290 2079 1400 2153 capiunt
1415 2081 1523 2148 solutis,
1546 2087 1574 2137 et
1592 2079 1722 2137 assistunt
1743 2082 1826 2139 sonui

181 2171 327 2232 teuiuntur
339 2169 417 2243 (issi.
431 2185 512 2239 cxiv,
527 2172 575 2244 o);
590 2170 729 2242 injustitie
744 2170 871 2244 deinceps
882 2172 978 2243 quales
1032 2169 1180 2241 mejestatis
1198 2187 1206 2226 r
1233 2171 1290 2226 Deo
1320 2168 1534 2226 misericorditer
1561 2168 1722 2241 providente
1747 2178 1778 2227 ut
1802 2180 1827 2228 ει

184 2259 398 2333 reputabuntur?
411 2259 441 2316 Si
454 2259 544 2316 lumen
558 2261 631 2333 qnod
653 2260 682 2316 in
704 2260 783 2317 nobis
798 2268 840 2317 est
860 2260 978 2316 tenebrae
1032 2259 1111 2316 nobis
1124 2258 1331 2324 sitconsolatio,
1347 2265 1374 2315 et
1386 2257 1426 2314 eis
1439 2256 1675 2314 tribulatiouulla.
1699 2258 1826 2331 Alioquin

183 2353 260 2414 suut,
274 2347 342 2420 ipse
356 2347 473 2405 tenebras
487 2357 595 2420 quante
607 2350 709 2406 erunt?
727 2347 814 2406 Facile
828 2354 870 2405 est
880 2346 978 2419 cuique
1032 2347 1140 2420 quaudo
1154 2347 1339 2421 equanimiter
1353 2353 1508 2418 peterentur
1517 2347 1552 2403 ab
1566 2347 1614 2403 illo
1637 2347 1713 2403 ruitu
1722 2347 1827 2420 gloriae,

184 2445 317 2505 nostrum,
333 2436 357 2492 si
375 2451 425 2492 sne
437 2437 545 2508 plenius
559 2437 653 2511 [olion
674 2437 782 2511 melius}
810 2437 937 2494 universa
953 2444 980 2492 et
1034 2436 1062 2492 in
1073 2451 1156 2508 quem
1171 2449 1279 2506 semper
1296 2434 1454 2508 prospicere
1471 2435 1626 2490 desiderant
1639 2442 1753 2507 propter
1765 2450 1825 2506 nos,

185 2525 244 2583 sine
271 2523 483 2582 dissimulatione
505 2526 630 2600 vestiget,
652 2533 680 2583 ει
699 2527 804 2597 indicet
822 2526 881 2582 sine
904 2539 981 2582 acee-
1033 2526 1077 2582 ιε]
1090 2525 1124 2581 ed
1141 2525 1277 2582 modicum
1292 2525 1441 2597 separari?
1459 2520 1584 2596 Denique
1602 2525 1689 2597 ipsum
1712 2525 1779 2581 audi
1802 2525 1827 2580 in

1847 710 1850 721 t

186 2612 279 2685 ptione
301 2629 436 2685 pemonae,
462 2613 583 2671 attestari
615 2630 665 2686 per
700 2614 791 2671 omnia
824 2612 981 2685 apostolice
1035 2614 1182 2687 Evangelio
1197 2614 1355 2671 Veritatem.
1372 2616 1472 2687 inpete·
1487 2629 1595 2682 emona,
1616 2614 1666 2681 ait,
1683 2614 1754 2671 baud
1775 2614 1828 2671 du·

185 2700 302 2769 verimi,
317 2709 346 2760 ct
358 2701 443 2761 libere
455 2704 645 2774 proclamare:
666 2705 719 2773 Qui
732 2720 762 2762 se
776 2706 864 2777 potet
873 2702 982 2776 aliquid
1035 2704 1182 2778 biumquin
1193 2704 1375 2774 parvulorum,
1385 2703 1830 2778 iocoelisrempcroidentsoclero

186 2805 256 2856 csse.
267 2792 414 2849 cumnibil
424 2791 902 2864 oit‚ipscscsedumtfflolcnunbi.
913 2790 984 2860 Quid
1036 2795 1131 2851 Patris
1145 2793 1256 2862 (botin
1272 2808 1355 2859 ιιιιι,
1367 2794 1430 2865 10);
1446 2793 1487 2850 sie
1509 2792 1632 2849 videlicet
1653 2793 1831 2865 parvulorum

186 2883 230 2937 cst
252 2879 342 2951 bomo,
364 2882 432 2954 quio
458 2881 624 2954 moqnificoe
639 2881 726 2939 cam?
739 2883 776 2936 ait
790 2879 878 2936 tidelis
895 2891 921 2937 et
936 2879 984 2936 de·
998 2877 1021 2958 t
1035 2883 1165 2941 custodie
1179 2883 1308 2953 deputati,
1324 2889 1421 2941 utnon
1435 2883 1530 2954 priuati
1545 2880 1696 2939 ullomodo
1711 2883 1833 2939 beatitu-

187 2976 249 3026 vota
259 2969 408 3041 εειιῐειείος
422 2969 678 3044 autquidoppom's
687 2974 983 3043 erpocomcortuuno
1036 2972 1100 3030 dine
1114 2987 1172 3028 sun.
1188 2972 1311 3028 liincest
1329 2972 1403 3044 quod
1421 2971 1539 3030 loannes
1561 2979 1670 3029 monus
1696 2971 1833 3028 ciuitatem

188 3057 258 3128 (lobs
283 3073 336 3126 stt,
366 3059 432 3130 tili
454 3057 547 3130 Quid?
564 3057 628 3116 Sine
651 3059 736 3116 dubio
756 3058 865 3116 sanitati
887 3059 984 3114 similis
1035 3060 1187 3118 ierusalem
1200 3060 1410 3118 descendentem
1434 3060 1513 3127 vidit,
1537 3064 1651 3117 ιιιειεει
1672 3071 1727 3116 non
1746 3061 1835 3132 potuit

188 3145 276 3205 lactus
298 3148 445 3218 esthemo,
465 3148 499 3204 ad
514 3148 629 3205 nibilum
643 3148 768 3206 redactus
781 3149 928 3216 esthemo,
943 3145 984 3202 ni·
1037 3149 1147 3207 intueri.
1166 3150 1200 3207 Et
1214 3150 1323 3206 adverto
1346 3149 1421 3222 quod
1436 3147 1643 3207 descendentem
1658 3147 1765 3219 dixerit,
1779 3164 1833 3206 non

189 3234 229 3289 bil
242 3237 380 3293 estbomo.
391 3235 534 3306 Quomodo
543 3246 633 3294 tamen
643 3236 751 3310 penitus
759 3236 826 3294 nibil
840 3245 892 3303 est,
903 3251 982 3309 quern
1038 3238 1190 3296 cedentem.
1204 3237 1306 3295 Cecidit
1321 3238 1392 3294 enim
1407 3239 1545 3309 quondam
1566 3252 1622 3294 non
1643 3236 1753 3294 minima
1773 3254 1835 3310 pars

191 3322 346 3395 magnificat
358 3324 450 3380 Deus?
464 3324 608 3393 Quomodo
621 3325 689 3381 nibil
703 3333 754 3396 est,
769 3341 835 3399 erga
845 3341 925 3397 quem
939 3340 985 3397 ap-
1038 3327 1153 3383 civitatis
1166 3325 1250 3392 iilius,
1263 3325 1310 3381 sed
1325 3341 1356 3382 ea
1368 3325 1477 3398 quidem
1492 3325 1601 3382 minime
1616 3333 1709 3382 sancta
1722 3325 1834 3399 ‚quippe

190 3411 309 3482 positum
323 3421 365 3468 εει
378 3427 426 3469 cor
436 3413 575 3469 divinum?
1039 3415 1083 3472 cui
1101 3414 1278 3489 gravissimus
1295 3429 1374 3473 ocsus
1386 3414 1446 3485 tuit,
1461 3415 1536 3487 qnod
1549 3414 1632 3472 totins
1647 3414 1757 3472 inimice
1765 3413 1834 3483 iacta

228 3503 256 3556 t.
270 3500 455 3571 Respiremus,
470 3501 577 3568 intres,
594 3511 621 3558 et
634 3500 658 3557 si
673 3501 740 3557 nibil
761 3518 856 3558 sumus
869 3503 898 3558 in
920 3517 985 3559 cor·
1040 3511 1080 3561 est
1092 3503 1251 3561 sanctitatis.
1703 3538 1705 3542 -

191 3589 273 3646 dibus
291 3590 401 3663 nostris,
418 3590 490 3648 torte
502 3590 530 3646 in
546 3590 628 3648 corde
642 3590 691 3648 Dei
715 3590 889 3663 potestaliud
902 3592 987 3648 latere
1075 3596 1102 3650 6.
1130 3593 1235 3650 Verum
1258 3594 1328 3650 bauo
1348 3591 1475 3666 equidem
1497 3592 1605 3649 ruinam
1631 3601 1659 3649 ει
1684 3592 1831 3649 terribilem

192 3678 227 3736 do
240 3679 330 3737 nobis.
345 3679 369 3737 0
384 3681 464 3737 Pater
486 3675 746 3738 misericordiarum!
761 3694 779 3737 o
802 3679 881 3738 Pater
901 3680 985 3736 misc·
1039 3697 1131 3739 casnm
1143 3682 1262 3739 ioannes
1277 3680 1742 3755 viderenoupotuit,qnianeednm
1756 3688 1832 3748 crat3

193 3767 297 3827 roraml
323 3769 387 3841 quid
410 3769 525 3842 apponis
551 3784 617 3843 erga
636 3783 685 3825 eos
714 3782 762 3826 cer
789 3770 888 3826 mum?
911 3769 984 3839 Scio,
1040 3771 1089 3827 sed
1104 3770 1169 3827 uidit
1183 3771 1299 3828 Verbum
1314 3770 1426 3844 quodiu
1441 3768 1576 3842 principio
1590 3778 1657 3838 erat,
1672 3770 1740 3828 uidit
1762 3771 1836 3844 priu-¹

192 3858 251 3917 scio
276 3859 348 3914 :nbi
373 3866 415 3915 est
442 3861 585 3915 tnessums
608 3864 680 3924 tuus,
710 3856 748 3914 ibi
766 3865 809 3915 est
829 3873 877 3915 eur
897 3865 984 3914 tuum.
1040 3859 1140 3930 cipium
1154 3860 1227 3931 quod
1243 3858 1371 3930 apostolis
1385 3858 1573 3932 loquebntnr:
1595 3859 1723 3919 Videbam
1752 3861 1836 3919 Sote-

193 3945 336 4014 Quomodo
349 3961 417 4019 ergo
430 3947 497 4004 nibil
506 3962 608 4016 sumus,
619 3947 642 4002 si
652 3948 794 4005 tbosaurus
807 3954 869 4004 tuus
878 3947 986 4003 sumus?
1040 3964 1110 4006 nom
1123 3948 1716 4022 tonqoootsolqorcodentemdccoelolduc.
1729 3964 1760 4016 x,
1781 3948 1835 4019 te).

193 4032 294 4090 Omnes
308 4043 413 4109 gentes,
434 4036 509 4106 quasi
531 4035 720 4102 cenetensis
744 4043 806 4093 sunt
820 4047 882 4092 ente
905 4043 943 4106 tc,
959 4045 984 4091 et
1043 4036 1133 4110 ltaque
1151 4052 1214 4109 pare
1230 4037 1278 4093 ille
1304 4052 1366 4110 qnae
1381 4036 1489 4103 cecidit,
1513 4052 1530 4092 a
1548 4037 1605 4094 [too
1619 4038 1768 4108 reparanda
1785 4045 1837 4106 est,

193 4129 319 4196 tauquam
345 4123 458 4180 nibilum
476 4131 503 4181 et
521 4123 601 4180 inane
619 4125 821 4194 reputabantur.
846 4124 986 4196 Siquidem
1000 4166 1025 4246 n
1041 4142 1104 4184 cum
1118 4125 1238 4197 implebit
1253 4126 1363 4194 ruinas,
1378 4133 1405 4183 et
1419 4125 1594 4183 raeedificabit
1611 4142 1713 4184 muros·
1729 4126 1838 4184 Jerusa-

101 4214 105 4220 “
192 4219 256 4270 ante
267 4220 302 4280 te,
317 4213 366 4271 sed
380 4227 434 4270 non
449 4212 489 4269 sie
502 4212 574 4270 intra
587 4220 624 4269 te.
648 4212 693 4270 Sic
704 4212 733 4268 in
750 4212 853 4283 jndicio
866 4214 988 4271 ueritatis
1041 4217 1134 4285 salem,
1151 4230 1205 4272 non
1219 4223 1307 4272 tamen
1321 4230 1354 4272 ex
1373 4214 1416 4272 his
1429 4215 1477 4288 qui
1491 4215 1657 4275 ecciderunt.
1672 4215 1735 4274 ileo
1749 4225 1838 4273 artem

193 4310 255 4372 tun,
269 4302 319 4360 sed
341 4316 396 4359 non
412 4299 452 4360 sic
477 4301 508 4357 in
524 4301 625 4359 aneon
647 4301 754 4372 piciens
772 4308 837 4359 tuae.
853 4301 988 4359 Nimirum
1043 4320 1103 4377 que
1131 4304 1296 4361 descendens
1318 4303 1454 4376 apparuit,
1477 4304 1532 4374 iam
1561 4314 1654 4376 parete
1680 4312 1748 4371 urat,
1770 4304 1842 4362 sicut

189 4408 271 4450 ruens
291 4409 323 4449 εε
337 4408 398 4464 quae
411 4406 466 4449 non
481 4397 553 4459 suut,
578 4400 707 4463 nuquam
722 4406 755 4447 ea
778 4406 839 4464 que
863 4397 937 4448 sunt.
957 4393 991 4449 Et
1037 4398 1154 4450 secutus
1168 4392 1314 4463 adjunxit:
1336 4395 1357 4451 A
1380 4396 1434 4451 Deo
1452 4398 1588 4466 peruium
1606 4394 1700 4467 (Aper.
1720 4406 1787 4460 xxi,
1803 4393 1837 4462 tl.

190 4495 246 4537 non
259 4488 324 4538 sunt
337 4494 413 4552 ergo,
428 4480 491 4550 quia
503 4493 563 4550 que
577 4492 631 4535 non
647 4481 712 4536 sunt
723 4493 807 4536 vocas
830 4494 836 4535 :
861 4487 888 4535 et
915 4484 990 4550 sunt,
1045 4481 1185 4555 siqnidem
1196 4483 1269 4555 quod
1280 4482 1729 4556 descenduntnoncaduutangeli
1739 4483 1837 4548 εειιειί,

192 4569 256 4643 quin
276 4583 369 4628 vocas
394 4567 469 4624 Licet
492 4567 564 4623 enim
584 4583 639 4624 nou
663 4567 719 4626 sint
737 4577 867 4640 quantum
890 4569 924 4623 ad
948 4583 987 4633 sc,
1042 4572 1134 4629 divine
1148 4572 1308 4645 preparatio
1332 4571 1452 4630 fecitte
1472 4571 1674 4645 quonimiram
1696 4573 1756 4628 brec
1780 4572 1839 4646 ipsa

190 4660 263 4730 apud
282 4668 310 4716 te
324 4668 415 4718 temen
429 4664 503 4724 sunt,
518 4656 623 4728 ntique,
640 4659 721 4729 juxta
744 4657 915 4730 Apostolum,
932 4674 990 4716 noo
1044 4661 1084 4717 oie
1097 4670 1124 4717 et
1140 4662 1268 4718 uoluntas
1279 4668 1428 4733 preparata
1442 4668 1494 4731 est,
1511 4669 1539 4718 et
1554 4659 1678 4718 incultus.
1694 4659 1772 4719 Unde
1785 4677 1838 4719 nen

190 4765 228 4808 ce
243 4743 519 4824 operiboe'y'oetitioe,
535 4745 583 4805 sed
597 4761 634 4802 ec
648 4749 865 4819 vocontetltom.
879 4760 918 4816 ιι,
930 4747 988 4815 ta).
1043 4750 1129 4807 solum
1144 4749 1396 4818 administratorios,
1416 4749 1464 4807 sed
1488 4757 1515 4806 et
1536 4751 1636 4807 missos
1658 4749 1686 4806 iu
1712 4748 1837 4807 ministe-

190 4840 237 4896 Sic
257 4839 393 4906 nimirum,
422 4836 462 4892 sio
486 4834 634 4892 consoleris
655 4834 683 4890 in
710 4843 756 4891 tue
779 4835 880 4908 pietate
905 4851 988 4908 mem
1043 4838 1113 4894 mum
1126 4840 1272 4910 Apostolus
1289 4839 1622 4912 quoquetcsteturtliebr.
1643 4853 1652 4895 t
1670 4838 1726 4911 ιι).
1748 4835 1838 4906 Quid·

187 4928 217 4984 io
233 4930 344 4986 vertute
359 4933 405 4981 tue
419 4922 577 4994 humiliasti,
593 4933 624 4980 ut
646 4922 789 4999 magnifice
817 4923 943 4982 dilatetur
960 4923 989 4980 in
1042 4927 1070 4984 ni
1083 4929 1170 4984 mittat
1182 4928 1304 5004 sngelos,
1320 4943 1369 5000 pro
1380 4927 1478 5002 quibus
1499 4926 1598 4998 etipse
1613 4941 1629 4983 a
1647 4927 1728 4983 Petro
1751 4926 1838 4986 voluit

190 5017 253 5082 tuis,
278 5017 324 5089 qni
354 5016 449 5073 merito
476 5011 646 5084 angustiatur
681 5013 709 5068 in
735 5012 887 5072 visceribus
913 5014 982 5071 suis.
1040 5016 1134 5074 mitti?
1154 5016 1255 5088 Quidni
1279 5032 1328 5087 pro
1351 5016 1392 5073 cis
1416 5015 1530 5073 inclinet
1543 5016 1638 5083 erulos,
1667 5030 1716 5085 pro
1737 5015 1838 5088 quibus

189 5103 329 5176 Siquidem
342 5105 475 5161 uniuersae
488 5101 540 5158 siae
555 5109 607 5156 tuat
621 5100 810 5159 misericordia
832 5107 860 5157 et
877 5101 987 5172 veritas,
1042 5109 1099 5178 ipse
1113 5121 1222 5178 quoque
1237 5105 1371 5164 coelorum
1381 5106 1435 5160 'rex
1451 5103 1591 5161 inclinarit
1605 5119 1646 5174 se,
1662 5102 1738 5161 iteut
1751 5103 1837 5178 digito

190 5191 389 5263 requirentibus
410 5198 598 5248 testamentum
623 5198 698 5246 tuum
717 5199 746 5248 ot
765 5189 918 5248 testimonia
942 5199 988 5247 tna
1041 5195 1066 5250 in
1081 5204 1182 5252 terram
1192 5195 1347 5254 scriberet?
1363 5194 1456 5264 (locro.
1467 5193 1573 5266 vernol
1586 5195 1714 5257 Domine,
1726 5193 1837 5250 inclino

191 5284 278 5352 (Ptol.
303 5296 387 5348 xxiv,
403 5285 463 5354 to);
488 5289 682 5338 testamentum
708 5280 800 5356 utique
823 5279 939 5354 pientia,
960 5288 987 5337 et
1040 5285 1120 5341 coeloe
1130 5289 1192 5343 teos
1200 5284 1307 5357 (piarum
1316 5283 1379 5354 cst),
1399 5285 1428 5340 ct
1436 5282 1569 5341 descende
1582 5281 1669 5353 (Psoi.
1682 5295 1781 5352 erun,
1797 5283 1835 5351 b).

188 5372 342 5432 testimonie
357 5369 483 5429 ueritatis.
1036 5372 1109 5442 Quid
1123 5374 1194 5432 atim
1206 5373 1221 5429 i
1234 5373 1271 5430 tn
1292 5370 1391 5447 quibus
1411 5370 1626 5439 condescendit,
1641 5368 1725 5427 ierint
1756 5369 1835 5428 edam

226 5466 253 5520 5·
269 5463 348 5538 Lege,
361 5465 454 5527 hilm,
469 5460 496 5516 i¹1
511 5459 594 5517 ωΐΰθ
605 5466 668 5528 2⁰03
688 5459 750 5532 ¹⁰30
762 5458 833 5521 inm
852 5465 877 5515 ³0
894 5457 985 5529 ipsum
1036 5463 1217 5520 immoendere
1230 5462 1292 5519 sibi.
1306 5461 1490 5529 beatamne
1507 5461 1562 5531 iarn
1585 5457 1835 5532 dirimumiapeli-
