3734 5948
56 229 121 295 tou
228 206 235 215 ’
667 233 839 297 snnuouns
857 233 891 296 ιιι
905 233 1060 294 curuos.
1628 221 1700 292 foer

52 357 163 431 quidem
179 373 240 432 que
252 356 344 430 operis
352 365 403 428 est,
420 365 485 430 puto
502 359 593 415 deum
609 374 670 418 esse
683 359 775 432 legem
797 360 850 416 ho·
864 374 889 456 q
904 357 1098 431 feciuutnohis
1108 357 1243 430 homines,
1258 365 1342 419 etvoa
1353 359 1441 430 facite
1451 359 1518 416 eliis
1530 355 1639 428 (heich.
1650 369 1699 426 ιιι,

16 487 20 491 .
55 446 185 513 minibus,
214 447 424 519 mandatumque
446 445 609 505 fermotum:
632 463 695 503 nem
713 445 851 505 inaffectu
905 452 961 520 ft).

55 534 164 608 quisita
177 535 283 599 hahent,
313 543 343 592 ut
362 536 523 592 mandaturi
547 537 620 611 Ergo
642 537 687 593 illo
708 538 852 594 mandetur
939 538 967 592 h.
981 536 1079 608 Neque
1098 534 1153 592 hcc
1173 534 1244 602 dico,
1266 542 1296 590 ut
1319 534 1379 590 sine
1397 532 1541 590 effectione
1558 533 1655 604 simus,
1674 541 1701 591 et

57 624 90 679 ad
105 623 242 690 meritum,
256 623 307 679 isto
323 625 350 679 in
373 625 513 693 praemiom
527 625 618 683 datur.
634 625 719 698 Cujus
745 624 852 682 initium
904 624 986 682 corde
999 624 1075 680 arido
1096 624 1169 681 solos
1189 639 1344 680 moveamus
1364 638 1459 678 manus
1473 620 1507 677 ati
1521 636 1614 694 opere.
1633 621 1702 696 Legi

58 712 178 784 quidem,
207 713 412 786 profectumque
435 715 517 770 vitam
554 730 664 787 quoque
690 721 852 788 presentem
905 715 977 772 inter
998 713 1061 782 alia,
1084 729 1147 785 quae
1169 711 1262 770 scribit
1275 712 1426 786 Apostolos
1448 727 1547 786 magna
1567 720 1596 768 et
1609 711 1702 786 gravis

59 801 176 873 experiri
190 801 279 857 divina
293 817 375 872 posse
393 803 852 876 gratinuonnegamus3sedplcnc
906 805 1045 861 hominnm
1072 803 1152 871 muln,
1175 804 1227 860 hoc
1251 818 1360 875 quoque
1383 810 1614 867 annumeratum,
1640 802 1703 858 aine

59 890 318 947 consummationem
334 890 505 946 defendimus
519 891 617 948 future
631 891 759 949 felicitati.
777 891 853 960 Quo·
906 896 1060 966 effectione
1074 894 1177 951 scilicet
1189 907 1251 949 esse
1262 893 1352 965 (unu.
1368 906 1389 958 ι,
1404 892 1461 964 31).
1474 891 1528 948 Sed
1541 898 1583 947 est
1595 888 1703 947 affectio

58 977 139 1033 modo
154 993 219 1048 ergo
228 977 351 1047 jubenda
365 977 427 1043 fuit,
443 993 505 1048 quae
519 978 654 1049 implendo
674 978 752 1035 nulio
774 978 854 1035 modo
906 1000 990 1056 quam
1006 998 1068 1039 cero
1091 983 1194 1057 gignit3
1221 989 1250 1036 et
1269 989 1312 1038 est
1329 996 1412 1053 quem
1426 979 1497 1036 ratio
1520 979 1599 1053 regit,
1621 984 1649 1034 et
1662 984 1704 1035 est

58 1067 136 1121 eret?
151 1069 206 1123 Ant
224 1065 247 1121 si
270 1065 358 1138 placet
379 1066 428 1122 tihi
442 1067 529 1139 magis
548 1071 582 1123 de
596 1065 735 1124 affectuali
761 1067 853 1123 datum
907 1087 986 1144 quam
1008 1070 1100 1127 condit
1114 1071 1254 1142 sapientia.
1278 1069 1368 1125 Prima
1386 1079 1438 1136 est,
1451 1084 1531 1140 qnam
1554 1066 1705 1138 Apostolus

58 1154 142 1211 fuisse
171 1156 336 1228 nummatum,
365 1171 420 1211 non
448 1157 511 1213 inde
533 1159 679 1229 contendo,
706 1156 853 1213 dummodo
906 1161 961 1234 legi
984 1159 1033 1215 Dei
1058 1159 1123 1215 dicit
1150 1175 1204 1215 non
1223 1175 1283 1216 osse
1304 1159 1465 1229 subjectam,
1480 1173 1529 1215 nec
1550 1172 1610 1214 esse
1624 1170 1703 1226 posse

56 1243 215 1314 acquiescas
228 1253 255 1299 et
271 1242 391 1308 lumini,
413 1245 488 1315 quod
510 1245 620 1302 nrinime
638 1244 667 1300 in
681 1247 736 1303 uita
752 1246 805 1301 isto
819 1247 852 1302 eb
908 1249 998 1319 (ilem.
1017 1263 1077 1314 vtrt,
1091 1248 1137 1320 7);
1153 1248 1282 1317 secundo,
1296 1263 1377 1322 quoru
1400 1247 1524 1319 perhibet
1550 1261 1567 1302 e
1590 1246 1705 1318 regione

56 1330 294 1402 eliquohominum
312 1333 406 1402 possit,
422 1333 467 1388 vel
483 1335 600 1406 potnerit
613 1335 852 1408 edimpleri(2fl).
907 1338 1121 1396 consentientem
1142 1337 1194 1411 legi
1217 1335 1280 1402 Dei,
1311 1335 1438 1404 quoniam
1458 1336 1530 1391 bona
1551 1340 1592 1389 est
1613 1335 1702 1405 (Rom.

58 1419 126 1488 Quis
148 1421 220 1476 onim
239 1421 290 1476 sihi
305 1437 435 1494 arrogare
453 1422 481 1478 id
496 1423 601 1492 audeat,
618 1423 689 1496 quod
710 1439 742 1480 se
757 1424 854 1479 Paulus
906 1443 955 1498 vn,
972 1426 1037 1499 16),·
1061 1441 1112 1483 nec
1125 1425 1238 1481 dubium
1263 1425 1364 1481 distare
1378 1423 1702 1480 interseeontentiossm
1748 1470 1750 1474 .

60 1511 118 1583 ipsc
133 1510 231 1565 fatetur
249 1526 303 1567 non
319 1511 580 1583 comprehendisset
595 1512 731 1587 (Philipp.
750 1517 854 1586 ιιι,13.)
909 1523 936 1571 et
954 1521 1172 1571 consentaneam.
1189 1513 1281 1587 Longe
1294 1528 1360 1569 vero
1381 1511 1460 1568 tertis
1480 1512 1513 1567 ab
1528 1522 1643 1582 utreque
1657 1507 1702 1564 di-

59 1598 115 1655 Nec
129 1599 207 1654 lstirit
224 1609 427 1671 preceptorem,
450 1600 578 1672 precepti
594 1600 701 1672 pondus
715 1601 854 1658 hominurn
909 1611 971 1669 stat,
988 1619 1048 1676 quoe
1061 1611 1088 1658 et
1099 1610 1200 1676 gustat,
1217 1610 1247 1657 et
1260 1601 1331 1672 sepit
1342 1600 1470 1671 quoniam
1484 1597 1574 1655 suavis
1587 1607 1629 1655 est
1642 1599 1703 1653 Do-

58 1688 188 1744 exoedere
201 1690 286 1756 vires;
301 1689 349 1743 sed
364 1687 492 1759 judicarit
506 1689 572 1744 utile
592 1705 628 1744 ex
645 1690 698 1747 hnc
720 1689 780 1761 ipso
797 1706 854 1747 snae
908 1693 996 1749 minus
1010 1692 1098 1763 (Psoi.
1114 1694 1209 1762 xxxin,
1224 1693 1270 1762 9);
1285 1689 1400 1762 primam
1422 1687 1577 1754 eliminans,
1602 1701 1703 1743 secun·

58 1776 118 1832 illos
140 1776 336 1834 insufficientiae
355 1777 507 1844 admoneri,
523 1786 550 1834 et
570 1787 599 1833 ut
613 1778 715 1835 scirent
728 1795 803 1851 anne,
819 1781 853 1837 ad
908 1783 969 1838 dam
992 1796 1179 1838 remunerans.
1199 1781 1268 1836 Nem
1294 1780 1380 1851 primo
1400 1778 1511 1849 quidem
1533 1775 1629 1842 dulcis,
1657 1775 1704 1832 sed

58 1884 137 1939 quem
149 1867 260 1938 justitiae
280 1866 360 1922 finem
382 1866 430 1922 uiti
445 1882 493 1939 pro
507 1866 608 1923 virihus
622 1876 766 1939 oporteret.
782 1869 854 1944 firgo
909 1869 1008 1943 turpis3
1026 1870 1147 1926 secondo
1160 1869 1242 1936 sicco,
1259 1869 1305 1924 sed
1327 1866 1422 1934 fortis;
1435 1867 1529 1923 ultima
1545 1864 1662 1940 pinguis,
1678 1871 1705 1920 et

59 1954 411 2028 mandaminimpossihilie,
424 1970 478 2012 uon
493 1956 713 2028 prevaricatores
729 1957 855 2015 homines
908 1959 997 2016 suavis
1020 1967 1071 2014 est.
1094 1957 1180 2031 igitur
1203 1974 1251 2027 per
1273 1957 1420 2014 secundem
1434 1970 1515 2028 opera
1534 1953 1611 2018 fiunt,
1636 1959 1664 2009 et
1676 1952 1705 2009 in

59 2045 133 2110 fecit,
148 2045 195 2099 sod
211 2044 332 2109 humiles,
344 2049 378 2102 ut
387 2062 468 2104 omne
481 2062 511 2102 os
525 2045 700 2118 obstruntur,
716 2052 745 2104 et
758 2048 854 2104 auidi·
908 2049 968 2122 ipsu
986 2048 1101 2105 charitas
1121 2048 1206 2118 sedet,
1231 2062 1285 2102 non
1311 2045 1356 2101 ills
1383 2043 1543 2107 affectualis,
1567 2055 1628 2113 que
1647 2040 1705 2096 sele

58 2140 106 2193 tus
115 2137 167 2206 fiat
181 2137 273 2192 omnis
287 2138 412 2194 mundus
426 2140 481 2195 ileo
491 2155 498 2204 ;
510 2138 579 2210 quio
594 2136 771 2210 exoperibus
786 2136 855 2210 lepis
908 2137 1047 2212 sapientise
1061 2137 1169 2194 conditu
1197 2137 1377 2208 pinguescens
1400 2148 1533 2207 magnum
1549 2129 1632 2186 menti
1649 2129 1704 2184 im-

40 2219 42 2221 ’
58 2225 331 2297 nonjustidcuht'fur
347 2227 440 2282 omnis
454 2243 519 2284 coro
535 2242 632 2285 eornm
650 2225 800 2295 iltoiilom.
810 2241 853 2291 nt,
909 2237 1017 2301 portent
1026 2225 1223 2283 multitudinem
1231 2223 1379 2280 dulcedinis
1389 2220 1513 2289 Domini3
1525 2219 1574 2275 sed
1583 2218 1704 2291 quaedem

60 2315 104 2381 19,
120 2314 176 2383 ιο).
193 2313 366 2385 Accipientes
379 2313 479 2387 qnippe
500 2315 667 2380 mandatum,
688 2322 716 2369 et
733 2314 856 2370 sentieu·
910 2316 1002 2389 potins
1020 2315 1141 2381 actunlis,
1164 2330 1225 2386 quae
1249 2312 1301 2369 etsi
1320 2312 1440 2368 nondum
1459 2309 1531 2366 dulri
1550 2308 1596 2367 illo
1614 2323 1705 2365 amore

58 2411 100 2457 tes
114 2401 254 2473 delictum,
272 2402 447 2457 clamabimus
460 2401 488 2458 in
508 2402 619 2466 omium,
637 2408 664 2457 ct
686 2400 857 2459 miserebitur
910 2405 1029 2463 suaviter
1050 2403 1143 2471 reiicit,
1171 2418 1264 2459 amore
1284 2409 1374 2457 tamen
1394 2400 1493 2458 umoris
1516 2399 1602 2472 ipsius
1623 2399 1706 2455 vehe-

58 2490 144 2546 nostri
160 2491 232 2545 Deus
248 2507 255 2547 :
272 2499 299 2545 ot
313 2491 428 2548 sciemus
438 2493 465 2547 in
480 2492 527 2547 ills
542 2491 662 2565 disquis
675 2508 733 2550 non
743 2508 779 2550 en
793 2507 858 2564 ope·
910 2504 1015 2552 menter
1027 2492 1159 2551 accendit.
1184 2495 1244 2551 Nou
1264 2493 1426 2564 dilipumus,
1450 2490 1496 2559 ait,
1511 2488 1601 2557 uerbo,
1616 2502 1706 2561 neque

58 2579 341 2655 rihusjustitiequoe
351 2581 470 2651 fecimus
479 2597 542 2647 nos,
554 2581 765 2639 sedsecuudum
775 2596 856 2637 suom
913 2585 1022 2657 linquo,
1038 2583 1086 2641 sed
1102 2598 1183 2657 opere
1197 2587 1225 2639 et
1241 2583 1363 2640 veritate
1379 2582 1405 2649 (i
1412 2581 1493 2637 loon.
1503 2583 1544 2650 ιιι,
1561 2578 1615 2650 ιιι).

58 2670 282 2727 misericordium
298 2670 389 2727 saluos
403 2686 453 2727 nos
467 2671 538 2743 fecit
553 2670 622 2742 (fit.
635 2672 674 2737 ιιι,
688 2669 727 2741 o).
948 2677 975 2729 li.
990 2673 1074 2730 Vides
1096 2671 1233 2745 quomodo
1252 2677 1330 2727 ceute
1345 2669 1449 2725 medius
1467 2667 1568 2726 incedit
1586 2666 1655 2722 inter
1666 2666 1707 2721 ti·

97 2762 123 2812 3.
137 2759 225 2830 Atque
247 2759 297 2814 hoc
325 2758 447 2828 dixerim,
468 2759 611 2829 siquidem,
639 2758 858 2815 consenserimus
913 2762 1010 2818 tinsum
1025 2760 1435 2834 etqueeifectuosnmamorom,
1450 2758 1485 2814 nb
1499 2765 1615 2828 utroquo
1631 2752 1705 2826 pari-
1743 2817 1747 2825 ¹

59 2843 225 2900 affectualem
238 2846 323 2916 legem
342 2846 427 2902 inisse
442 2847 605 2902 mandatnm.
630 2846 682 2902 Sed
709 2846 805 2903 actuali
830 2846 858 2902 id
872 2828 894 2907 ὓ
909 2862 949 2910 ter
963 2854 1033 2908 hono
1051 2850 1221 2924 distinguens
1240 2848 1370 2905 actualem
1385 2855 1413 2904 et
1426 2845 1593 2903 salutiferam
1615 2841 1706 2899 chari.

17 2938 23 2942 '
59 2935 309 3005 potiusnonveoire
326 2934 404 3008 (ete)
427 2935 490 2991 inde
519 2935 561 2991 vel
589 2935 705 2992 maxime
724 2952 858 3009 apparere
911 2939 1197 3010 trtemiNeclinguae
1215 2935 1410 2993 mentientfsin
1430 2935 1482 2989 hac
1504 2931 1707 2988 dilectioncre-

59 3022 173 3093 videtur,
189 3026 262 3095 quot
282 3039 343 3080 enm
358 3025 469 3082 dixisset
484 3024 638 3081 Dominus:
665 3026 778 3098 flilfpt'tc
797 3026 856 3082 ini·
909 3029 976 3103 cipit
994 3027 1099 3096 fictum,
1113 3041 1162 3083 nec
1185 3041 1291 3081 rursum
1305 3022 1449 3080 afficientis
1470 3021 1555 3092 exigit
1568 3019 1708 3092 sapientiae

59 3114 146 3169 miens
160 3118 265 3171 vestros
287 3129 348 3169 mox
362 3113 396 3170 de
411 3111 539 3182 operibus
562 3112 667 3170 infert:
698 3115 858 3183 Beucsocit'e
910 3128 1030 3193 qustum.
1056 3115 1152 3189 Opere,
1177 3113 1265 3186 inquit
1287 3113 1442 3184 dilipornus
1459 3111 1582 3167 veritate
1605 3107 1707 3179 :quod

60 3200 104 3257 '¹²⁵⁸
119 3204 168 3275 qui
190 3203 466 3275 ⁰d0f12'12v05ssu0·
486 3218 526 3269 Vl,
544 3203 602 3272 27)·
614 3204 678 3258 item
695 3201 856 3275 Scriptura:
910 3205 1036 3263 videlicet
1050 3218 1208 3261 moveamur
1222 3203 1254 3258 nd
1268 3203 1338 3257 bene
1353 3199 1521 3272 operandum
1536 3195 1623 3270 magis
1637 3211 1707 3267 qno·

61 3290 91 3346 Si
102 3291 208 3347 esuriet
222 3293 358 3348 inimicus
370 3291 659 3362 teneritudinem
673 3291 857 3363 sitiupuum
909 3296 971 3350 darn
993 3293 1090 3350 vividae
1115 3291 1236 3349 veritatis
1260 3289 1389 3364 impulsu,
1416 3304 1496 3362 quarn
1515 3286 1617 3359 supidae
1635 3285 1723 3348 illius,

61 3378 98 3435 dn
123 3379 214 3450 (Rom.
230 3397 280 3446 xn,
296 3381 352 3453 ιο).
373 3381 406 3436 Et
426 3381 470 3436 hio
493 3383 526 3435 de
548 3391 609 3437 actu
630 3381 721 3447 hebes,
741 3395 796 3437 non
823 3379 857 3437 de
909 3381 1166 3440 charitatisaffeotu.
1179 3375 1708 3447 ordinauitinmcchoritufem.Quam

60 3467 172 3523 effectu.
183 3468 238 3523 Sed
255 3469 316 3524 audi
334 3470 399 3526 item
415 3469 560 3526 Dominum
575 3469 656 3527 etiam
679 3472 713 3525 de
726 3470 769 3526 sui
785 3469 855 3525 dile·
910 3482 990 3544 putas
1003 3472 1125 3528 hurum?
1143 3472 1299 3543 Utrumque,
1316 3468 1364 3526 sed
1379 3467 1473 3525 ordine
1487 3464 1622 3538 opposito.
1639 3466 1708 3520 Nem

61 3557 150 3614 chone
167 3559 336 3613 mandantem
352 3575 358 3614 :
376 3559 407 3616 si
426 3558 544 3630 diliqiit's
565 3575 620 3625 mc,
635 3559 734 3632 inquit,
753 3576 858 3618 xmo·
909 3562 1022 3619 actualis
1056 3560 1185 3617 inferiora
1219 3559 1343 3631 prefert,
1370 3554 1522 3612 affectualis
1558 3552 1707 3625 superiore.

60 3661 110 3701 nes
125 3660 199 3700 meos
211 3649 320 3702 seruate
334 3645 410 3718 (213)
426 3647 517 3717 lfonn.
533 3647 605 3720 xiv).
619 3646 708 3719 Atque
728 3649 772 3704 hic
784 3664 855 3722 quo·
909 3651 1014 3708 Etenim
1041 3649 1068 3704 in
1086 3651 1157 3704 hene
1184 3647 1282 3703 effecte
1308 3654 1398 3700 mente
1414 3658 1468 3700 non
1487 3640 1610 3706 dubium,
1630 3633 1708 3696 verbi

61 3750 114 3806 quc
141 3733 175 3787 ad
209 3749 292 3804 opera
319 3733 450 3790 mittimur
487 3736 632 3804 injunctam
660 3737 856 3794 ohsementinm
909 3754 1001 3808 causa,
1016 3738 1082 3810 quin
1106 3736 1244 3793 dilectioni
1268 3733 1386 3790 hominis
1404 3731 1453 3786 Dei
1474 3729 1584 3786 dilectio
1598 3743 1708 3800 proepo-

62 3823 255 3882 mandatorum.
271 3822 443 3894 Supervacue
464 3831 555 3880 antem
577 3822 690 3882 1480
712 3825 747 3880 de
774 3841 856 3898 opere
911 3837 1000 3892 rietur,
1016 3835 1043 3883 et
1061 3826 1089 3881 in
1108 3823 1264 3883 hominihus
1278 3822 1344 3894 ipsis
1358 3820 1537 3895 perfectiores
1549 3817 1709 3875 infirmiori-

62 3911 221 3980 monuisset,
237 3911 259 3968 si
279 3914 305 3969 in
321 3912 466 3969 effectione
477 3913 536 3983 jam
558 3912 652 3970 fuisset
673 3913 794 3971 dilectio.
810 3915 856 3974 Sic
909 3917 971 3983 bns,
986 3915 1085 3971 ooelum
1107 3922 1196 3983 terre,
1211 3912 1347 3969 aetcrnitas
1365 3909 1491 3984 tempori,
1518 3906 1608 3964 anime
1622 3905 1707 3963 carni.

63 4009 88 4083 te
101 4017 166 4075 ergo
180 4014 291 4059 necesse
311 4010 352 4059 est
374 4011 401 4058 et
427 4002 492 4058 iltud
511 4002 643 4074 accipere,
668 4003 740 4076 quod
752 4003 857 4074 iuberis
910 4008 1037 4062 Atumen
1051 4002 1079 4058 in
1099 4003 1170 4059 bene
1192 4000 1314 4059 ordinata
1336 4000 1440 4056 actione
1462 4013 1546 4071 sepe,
1562 4002 1609 4052 sut
1628 3994 1711 4050 etiarn

61 4091 175 4165 diligere
197 4093 348 4163 proximum
377 4100 454 4148 tuum
479 4093 548 4149 siout
572 4101 599 4148 te
623 4093 710 4164 ipsum
738 4092 855 4164 (diotth.
911 4109 1033 4165 semper,
1043 4092 1110 4148 ordo
1120 4089 1262 4163 oppositus
1275 4086 1420 4145 invenitur.
1436 4086 1504 4140 Nam
1520 4082 1631 4140 etcirce
1644 4096 1708 4154 pro·

62 4195 132 4243 xxii,
149 4183 203 4246 39),
218 4180 268 4235 etsi
283 4196 338 4236 non
353 4180 390 4236 ita
402 4189 496 4254 aperte
514 4195 671 4252 expressum
686 4181 731 4236 sit.
747 4181 858 4238 Annon
912 4183 978 4239 ximi
992 4197 1085 4238 curem
1099 4187 1125 4237 ct
1140 4180 1202 4253 pius
1216 4192 1356 4252 urgemur,
1372 4183 1399 4231 et
1413 4174 1515 4245 pluries
1529 4185 1705 4243 occupemur;

61 4269 179 4340 denique
193 4269 259 4324 sctis
273 4269 321 4325 tibi
335 4285 393 4326 esse
410 4270 518 4340 iudices
538 4270 573 4325 od
600 4269 765 4342 implendum
781 4269 853 4326 istud
907 4280 935 4329 et
947 4270 1142 4328 infirmioribus
1166 4268 1292 4325 frutribus
1313 4263 1476 4337 diligentiori
1502 4260 1643 4318 sedulitate
1665 4275 1710 4315 es·

60 4358 94 4413 de
106 4356 218 4427 proximi
234 4357 378 4415 dilectione
391 4360 557 4426 mandatum,
573 4359 597 4416 si
608 4358 639 4415 id
658 4357 778 4434 perfecte
801 4359 854 4416 oh·
909 4362 1047 4428 sistimus,
1064 4369 1091 4416 et
1101 4358 1162 4432 peri
1178 4366 1257 4414 terrae
1272 4354 1359 4425 magis
1373 4368 1454 4424 quem
1467 4349 1528 4408 coeli
1542 4349 1634 4424 gloriae
1646 4349 1709 4420 jure

62 4463 164 4515 serves,
179 4447 207 4502 in
235 4463 289 4519 quo
306 4447 380 4503 omni
394 4448 497 4504 homini
511 4459 583 4505 recto
606 4449 640 4504 de
664 4448 724 4524 iege
752 4456 855 4506 nature
913 4449 1086 4507 humanitatis
1106 4456 1133 4504 et
1152 4448 1211 4517 ipso
1225 4443 1386 4500 necessitate
1400 4440 1579 4511 intendimus3
1595 4447 1623 4496 et
1638 4447 1709 4495 um-

63 4533 258 4606 prescribitur:
274 4534 529 4603 Quodtt'hincunt't
542 4536 859 4608 pferi,ttliineseecrt‘s?
911 4540 1046 4611 pornlium
1069 4533 1256 4608 inquietudine
1277 4545 1405 4590 curarum
1427 4529 1474 4585 rix
1494 4526 1596 4600 aliquid
1610 4523 1711 4581 sentire

64 4625 140 4696 (Toh.
151 4639 192 4689 tv,
210 4622 267 4694 16.)
289 4624 323 4679 Et
336 4622 401 4682 item
416 4624 504 4680 illud:
529 4624 708 4698 Quocunque
721 4624 811 4683 uultis
824 4631 858 4684 ut
911 4628 945 4686 dc
965 4626 1074 4684 aeternis
1094 4623 1288 4698 permittimur3
1309 4629 1336 4677 et
1349 4616 1529 4693 languoribus
1549 4614 1634 4673 nostri
1647 4628 1710 4671 cor·

99 4812 173 4885 (111)
201 4812 268 4869 Vide
294 4814 383 4870 Trect.
410 4813 452 4870 lle
469 4811 608 4885 diligendo
639 4815 706 4879 fleo,
731 4827 792 4884 cup.
812 4815 857 4886 tt,
913 4834 927 4868 ι
946 4830 1008 4888 quae
1023 4813 1074 4872 etsi
1088 4811 1211 4871 nondum
1225 4809 1297 4866 dulci
1312 4807 1360 4865 illo
1374 4822 1468 4864 amore
1483 4803 1601 4862 suaviter
1614 4800 1711 4884 reficit,

10 4903 12 4927 ¹
62 4901 137 4940 num·
149 4890 194 4941 29·
911 4901 1003 4943 ernore
1018 4893 1108 4942 tomen
1132 4882 1235 4940 umoris
1249 4881 1335 4954 ipsius
1350 4881 1527 4936 vehementur
1547 4874 1677 4932 accendit.
1689 4893 1710 4955 Ιι

96 4958 175 5030 (ιιι)
190 4955 319 5012 Bernardi
338 4955 471 5012 sententio
483 4964 533 5019 est,
548 4965 713 5026 preceptum
740 4955 775 5012 de
790 4955 854 5012 dili·
913 4982 924 5011 i
938 4959 971 5014 Et
985 4958 1078 5016 hicest
1092 4971 1168 5014 emor
1181 4954 1339 5022 internus»
1355 4965 1412 5022 quo
1425 4954 1552 5006 contenta
1565 4947 1713 5030 estchorr-

60 5029 151 5152 gffndpo
179 5027 346 5153 convseodireff
365 5027 455 5154 qotins
475 5026 608 5152 nohnqritnti
629 5026 752 5152 ἴθιῦιιιιιῑιέ
776 5043 856 5100 quant
910 5037 952 5157 ιὸι
964 5029 1086 5155 ἓςιιιιιιιιιᾶ
1100 5044 1175 5154 nqqm.
1192 5028 1223 5151 giu
1238 5021 1534 5150 qudetssqitqqnitionem
1548 5017 1582 5075 ed
1604 5017 1713 5075 irhrurn.

59 5114 224 5156 neu.
424 5116 436 5152 s
543 5114 858 5152 rnrnimrm
1173 5133 1416 5164 ,...

61 5114 137 5223 illum
158 5113 476 5241 {ffip„3„?mssss,¹‚¹⁰„f„
495 5113 763 5238 goliseheatisfleut
781 5112 858 5227 {cite
935 5113 1169 5297 eoengsqqhioerqq
1179 5115 1398 5223 tergendisuntf
1411 5160 1511 5218 silaud
1524 5159 1711 5233 dubiumquin

59 5240 189 5313 perfectis
204 5243 333 5312 competit
348 5257 355 5296 ε
369 5242 501 5297 actualem
524 5255 597 5306 vero,
613 5239 662 5312 qni
676 5255 729 5296 non
743 5239 815 5297 sistit
829 5239 857 5295 in
912 5241 939 5298 in
953 5256 985 5300 co
1019 5257 1045 5307 c,
1064 5261 1076 5291 ι
1094 5239 1131 5297 sit
1143 5237 1297 5296 uerendus
1312 5236 1339 5292 in
1354 5249 1481 5292 sermone
1496 5235 1512 5289 5
1526 5231 1561 5287 de
1572 5232 1710 5314 Adventu,

57 5311 175 5381 simplici
190 5311 298 5378 affectu,
322 5311 371 5368 sed
397 5311 424 5366 in
446 5310 571 5368 effectum
593 5313 755 5382 prorumpit,
779 5311 817 5365 itu
830 5318 859 5366 ut
910 5329 988 5369 nunt.
1003 5316 1035 5381 ις
1051 5311 1105 5369 imo
1128 5319 1202 5367 etex
1218 5308 1308 5374 corde,
1325 5306 1397 5365 sicut
1416 5305 1517 5363 ibidem
1531 5302 1658 5387 explicet,
1673 5309 1711 5384 uta

59 5385 196 5439 internum
226 5381 377 5439 dilectionis
400 5389 490 5439 actum
527 5383 681 5455 neutiquam
721 5381 855 5449 excludat,
911 5391 942 5440 ut
955 5385 1010 5439 sint
1022 5382 1108 5439 instar
1122 5381 1185 5449 cihi,
1197 5380 1245 5454 qui
1261 5385 1405 5436 ιιιιιιιοιι
1418 5379 1446 5435 in
1459 5373 1627 5445 affectiones,
1640 5381 1710 5437 ettn

60 5477 74 5504 ι
88 5455 181 5527 Neque
195 5455 246 5510 hoc
258 5455 328 5520 dico,
343 5473 354 5505 ι
367 5452 452 5526 inquit
462 5469 536 5512 nunu.
547 5456 574 5520 i,
589 5451 859 5510 tutsioeeffectiooe
911 5469 1013 5523 mores.
1031 5474 1044 5507 n

59 5524 167 5582 simus:
185 5524 265 5583 »imo
286 5523 378 5599 potius
393 5525 512 5584 includat
525 5523 699 5584 dilectionem
713 5523 856 5593 internam,
970 5526 974 5536 '
