3728 5934
162 217 216 278 147
621 170 840 280 sanabitur
857 219 996 281 anmals
1026 218 1342 282 obmavatuubsts
1759 184 1859 279 111ὃ

161 352 189 403 st
203 345 356 420 perfidem,
371 360 424 402 neu
449 359 499 418 per
522 344 645 418 speeiem
663 345 842 416 ambulantes,
856 361 959 419 exspe-
979 347 1112 441 luituris
1137 347 1231 414 deous,
1247 342 1404 401 humilitatis
1422 339 1546 416 insigne,
1572 343 1810 416 supereminentia,
1833 315 1836 325 ¹

160 434 279 493 statione
292 434 380 507 magis
403 449 482 506 quam
497 434 661 506 experientia
684 434 864 506 gratulamur.
886 434 958 492 Con·
1019 434 1181 495 eharitatis?
1193 433 1278 490 Erunt
1293 441 1382 490 taumn
1399 440 1427 489 et
1440 431 1521 491 nobis
1542 431 1608 504 titis,
1624 431 1751 504 quumvis
1771 431 1811 487 iu·

161 524 252 583 sidera
272 523 392 594 denique
419 523 494 580 lloris
520 524 748 591 teneritudinem,
777 531 803 580 et
821 529 957 583 memento
1011 521 1201 582 terioravalde
1221 521 1342 580 :sedne
1360 519 1807 596 iuterbaeequidemdedignubi·
1838 511 1839 531 ³

161 612 251 680 uerbi,
265 612 339 682 quod
349 611 386 666 uit
395 613 552 683 Apostolus,
568 613 630 686 quia
643 613 776 672 babeam
791 613 958 673 thesauram
1011 621 1056 672 tur
1069 613 1144 688 passi
1153 628 1269 686 sponsus
1283 630 1292 678 3
1307 610 1442 684 siquidem
1455 624 1512 677 eas,
1535 625 1604 683 quas
1625 609 1808 680 praediximus,

160 701 289 759 usumin
302 702 377 758 vasis
390 702 575 772 fictilibusffl
589 704 650 760 Cer.
664 716 705 772 ru,
719 703 758 774 7).
769 701 874 773 Quanta
886 704 958 760 euim
1011 704 1132 762 actiones
1149 704 1295 776 gratiarum
1314 700 1470 758 deuotionis
1490 698 1611 754 hilaritas
1624 697 1808 764 illustraverit,
1840 695 1850 701 ”

160 789 286 847 uidentur
304 789 444 847 imminere
464 790 586 864 pericula
608 788 743 847 lloribusi
769 790 856 860 Quam
878 791 959 849 fusile
1011 791 1161 848 orationem
1174 788 1332 846 intentionis
1345 787 1446 860 puritas
1457 785 1649 852 candidaverit,
1660 784 1809 842 consessio·
1841 791 1864 800 ”

160 878 300 953 spinarum
315 879 415 936 aculeis
438 878 525 935 lilium
550 879 719 952 perforatur!
734 881 830 940 llerito
844 881 959 952 proinde
1011 895 1073 937 uem
1087 878 1254 951 indulgentia
1270 876 1444 945 dealbaverit,
1459 876 1530 932 sieut
1550 874 1682 949 seriptum
1703 881 1767 930 est:
1785 876 1810 932 St

160 967 234 1026 uouit
248 967 359 1024 dilectus
375 985 381 1025 :
400 968 479 1025 sieut
493 968 587 1026 liliam
602 970 851 1044 intermissumue
864 972 958 1028 amice
1011 971 1123 1043 suerint
1134 972 1253 1042 peceato
1266 966 1728 1039 oestraoteoectnom,qoostom
1742 963 1812 1021 deul
1847 957 1864 972 ”

159 1058 312 1115 meainter
337 1057 413 1127 filios
432 1056 527 1126 (Caret.
543 1072 574 1124 ιι,
586 1058 625 1129 1).
640 1058 747 1116 Annon
758 1065 815 1115 erat
825 1058 910 1115 lilium
920 1059 960 1115 iu·
1011 1059 1166 1126 balantum
1177 1063 1204 1116 et
1212 1058 1354 1130 siluerint
1362 1055 1812 1129 rubreqnnsivermieotosmelat

160 1152 202 1201 ter
213 1144 315 1216 spiam,
327 1145 373 1215 qui
383 1143 491 1203 dierbat
501 1164 509 1202 ι
519 1147 588 1205 Cum
598 1148 643 1203 bis
653 1147 836 1220 qeioderunt
848 1164 956 1222 pacem,
1012 1147 1082 1204 lamo
1099 1146 1164 1204 elle
1178 1148 1264 1204 munt
1277 1145 1354 1217 (lsai.
1371 1160 1392 1211 1,
1409 1146 1465 1213 18).
1480 1142 1614 1198 Caeterum
1629 1140 1764 1213 quidquid
1778 1140 1812 1195 it-

157 1250 239 1295 erum
251 1235 415 1307 pacificus?
429 1236 518 1306 (Psol.
530 1252 606 1305 osrx,
616 1238 657 1308 1.)
668 1237 860 1294 Ceterumetsi
868 1238 959 1309 justus
1011 1232 1060 1290 lud
1086 1241 1138 1301 est,
1159 1233 1234 1306 quod
1260 1232 1362 1290 offerre
1386 1246 1477 1304 parus,
1505 1229 1596 1286 llariae
1623 1228 1814 1286 commendare

157 1323 294 1396 germinat
307 1322 377 1380 siem
390 1323 488 1391 lilium,
505 1325 553 1381 sed
568 1340 622 1384 uon
636 1327 670 1382 ad
689 1326 776 1383 lilium
789 1342 960 1399 sponsuspa-
1013 1333 1160 1394 memento,
1179 1331 1210 1380 ot
1224 1323 1319 1379 eodem
1331 1322 1409 1378 alueo
1423 1321 1457 1377 sd
1475 1320 1632 1395 largimrem
1648 1321 1744 1394 gratim
1757 1333 1815 1394 gra·

159 1410 254 1478 suitur,
273 1427 323 1468 nee
336 1411 562 1487 insingularitata
585 1415 733 1487 complanet
755 1415 816 1471 sibi.
832 1416 902 1472 liudi
915 1416 961 1474 de·
1014 1413 1053 1468 tia
1067 1415 1159 1469 redeat
1172 1412 1245 1487 quod
1260 1409 1375 1477 induxit,
1393 1411 1488 1481 Neque
1516 1410 1588 1465 euim
1602 1409 1739 1479 impotens
1756 1416 1813 1465 erat
1846 1408 1853 1413 '

160 1499 242 1571 nique
255 1498 325 1556 iuter
345 1500 399 1556 lilia
413 1509 634 1559 commorantem.
652 1503 713 1574 dot,
728 1503 824 1577 inquit,
839 1505 893 1564 duo
913 1507 958 1563 vel
1012 1502 1097 1573 Deus,
1125 1508 1153 1558 et
1175 1500 1234 1558 siue
1253 1501 1305 1557 hoe
1330 1501 1489 1573 aquoeduetu
1515 1498 1659 1554 infundere
1683 1496 1811 1569 gratiam,

161 1593 221 1648 tres
234 1590 396 1663 conpr-epoti
408 1592 522 1663 suerint
535 1591 568 1651 iss
581 1594 697 1651 nomios
709 1608 781 1662 eaeo,
796 1593 836 1651 ot
847 1611 912 1652 sem
926 1596 957 1650 in
1014 1600 1092 1664 prout
1108 1591 1189 1650 vellet
1203 1609 1211 1662 3
1227 1588 1277 1647 sed
1299 1589 1348 1645 tibi
1369 1588 1525 1646 vehiculum
1547 1587 1632 1644 voluit
1658 1585 1811 1658 providere.

160 1677 253 1736 medio
267 1694 366 1737 eorum
380 1678 491 1751 (blettlr.
508 1696 584 1747 xuni,
600 1681 639 1751 2).
659 1680 739 1737 Amat
752 1697 857 1753 semper
870 1682 959 1738 media
974 1642 996 1722 Β
1011 1682 1092 1739 Forte
1106 1679 1178 1736 enim
1192 1695 1288 1736 manus
1303 1686 1366 1748 tum,
1382 1677 1570 1750 autsaoguine
1593 1676 1692 1748 plenae,
1707 1681 1757 1730 aut
1770 1674 1816 1728 iu-

160 1765 440 1833 J⁰³1¹⁸sdiuertioultt
464 1783 572 1839 semper
590 1778 615 1825 et
638 1769 808 1827 reclinatorio
831 1772 960 1841 reprobat
1011 1769 1091 1827 teetae
1105 1768 1275 1836 muneribus,
1302 1769 1375 1840 quod
1398 1780 1454 1823 non
1475 1781 1522 1820 eas
1543 1766 1578 1821 ab
1593 1766 1666 1821 omui
1696 1779 1812 1820 munere

161 1853 389 1923 Filiusbominis,
408 1855 455 1913 uei
471 1857 650 1914 etbomiuum
669 1858 811 1916 mediator.
831 1860 959 1917 Dilectus
1011 1857 1166 1916 excussisti.
1190 1857 1311 1928 Ideoque
1339 1854 1434 1928 lolius,
1450 1852 1552 1925 itaque]
1583 1852 1717 1909 modicum
1743 1850 1815 1906 istud

161 1945 334 2015 memmius,
346 1949 374 2004 et
384 1947 498 2020 equitii,
510 1949 781 2021 quipuseituriseter
791 1949 865 2005 titio.
876 1948 961 2006 Cure·
1011 1946 1087 2022 qaod
1099 1945 1197 2004 ulterre
1212 1944 1360 2008 desideras,
1373 1942 1537 2015 gratissimis
1550 1941 1604 1999 illis
1626 1948 1653 1996 et
1674 1939 1750 1996 omni
1772 1954 1819 1994 ae·

161 2049 223 2090 mus
236 2035 335 2091 habere
348 2034 413 2102 lilia,
443 2033 561 2093 1010
580 2035 686 2104 iratres,
707 2037 854 2110 exstirpare
868 2037 961 2108 spinos
1012 2036 1138 2109 ceptione
1151 2032 1323 2107 dignissimis
1335 2032 1425 2089 blarioe
1440 2030 1564 2087 manibus
1578 2028 1751 2086 offerendum
1766 2036 1819 2085 tra-

160 2129 190 2180 et
203 2122 330 2196 tribulos,
346 2133 375 2180 et
392 2124 511 2182 inserere
535 2125 592 2181 lilia
617 2125 777 2184 festinemus
792 2126 960 2199 :siquando
1013 2125 1079 2184 dere
1093 2141 1168 2192 eura,
1182 2124 1207 2180 si
1221 2138 1275 2180 aen
1290 2122 1332 2178 ris
1353 2121 1485 2180 sustinere
1512 2118 1659 2190 repulsam.
1683 2117 1819 2173 Nimirum

160 2210 231 2268 forts
246 2212 320 2268 etad
345 2227 396 2271 uos
410 2212 563 2284 pascendus
576 2212 702 2288 dignetur
715 2213 831 2273 dileotus
844 2214 959 2273 desoen-
1013 2212 1206 2273 eaadidissima
1219 2212 1342 2286 quaedam
1361 2210 1420 2265 lilia
1438 2214 1502 2264 suut
1517 2225 1525 2263 ε
1541 2223 1591 2264 nee
1597 2206 1754 2264 causabitur
1768 2203 1820 2260 ille

160 2297 235 2358 ⁶⁶¹⁶·
1013 2305 1131 2363 liliorum
1158 2310 1264 2360 amator
1281 2301 1351 2358 iuter
1365 2300 1419 2357 lilia
1438 2313 1494 2355 nen
1521 2298 1671 2366 inventum,
1686 2293 1820 2369 quidquid

197 2392 242 2445 lt.
255 2389 337 2463 Apud
350 2391 460 2448 llsriam
473 2391 568 2464 utique
581 2394 761 2466 pascebatur,
768 2392 850 2466 idque
863 2393 960 2466 eopio-
1015 2392 1082 2451 illud
1096 2391 1132 2450 sit
1144 2391 1219 2466 quod
1247 2392 1316 2448 iuter
1330 2389 1421 2449 llarite
1435 2404 1533 2447 munus
1553 2385 1697 2445 inuenerit.
1719 2386 1819 2441 Amen.

158 2476 219 2537 sius
232 2493 283 2552 pro
305 2478 475 2539 multitudiue
496 2480 626 2539 liliomm.
650 2484 693 2539 Aa
715 2498 770 2541 uon
794 2481 849 2539 lilia
872 2481 962 2557 uirgi-

688 2761 729 2828 ιιι
752 2761 874 2828 unsre
897 2719 1033 2831 Sauum
1055 2761 1277 2830 mantuam.

480 2961 600 3021 suppio
618 2963 641 3020 1,
971 2943 995 3025 ὓ
1047 2936 1075 2990 t.
1089 2931 1184 3002 Neque
1198 2928 1227 2986 id
1237 2926 1362 3001 ouiqusm
1377 2903 1535 2984 incredibile
1549 2924 1673 2982 sidentur
1691 2939 1700 2991 ;
1716 2938 1809 2996 quaa·

161 3056 201 3113 lte
214 3055 380 3127 angelorum
389 3068 455 3126 erpa
467 3068 518 3110 nos
531 3054 646 3125 officiis,
658 3057 688 3111 et
701 3056 800 3111 nostru
809 3069 876 3126 erpa
886 3053 962 3125 ipsos
1012 3019 1158 3120 dmid‘m
1186 3017 1246 3119 ips?
1257 3031 1382 3118 ,We
1404 3015 1519 3114 ⁰¹⁰⁸&
1531 3025 1559 3070 ⁰²
1572 3027 1622 3069 ‘⁰¹
1647 3012 1819 3113 ‘ngelf’fum

199 3127 358 3184 reverentie
370 3123 455 3198 lulius,
471 3124 504 3181 de
516 3125 626 3198 triplici
639 3141 736 3199 eappa,
747 3141 803 3200 qua
816 3141 869 3199 pro
882 3124 962 3182 nobie
1015 3116 1097 3176 venat,
1116 3122 1173 3164 noa
1199 3113 1355 3172 ministram,
1381 3106 1428 3161 sed
1456 3111 1619 3169 ministrare,
1646 3109 1673 3160 et
1697 3117 1819 3158 ammam

199 3197 317 3255 solliciti
335 3199 406 3253 sumt
419 3194 535 3269 ampelii.
1013 3214 1091 3255 suurn
1104 3198 1168 3254 dare
1182 3211 1233 3268 pro
1251 3194 1342 3251 multis
1357 3192 1470 3269 (Nottlt.
1484 3210 1534 3260 ss,
1546 3193 1602 3266 18).
1627 3191 1730 3265 thuid
1751 3208 1822 3264 ergo

203 3286 229 3339 l.
248 3283 420 3358 Angelorum
438 3281 519 3340 hodie
542 3283 674 3341 memoris
685 3284 847 3355 eelebratur,
862 3292 889 3341 ot
905 3285 962 3342 exi·
1015 3286 1195 3345 ministerium
1217 3284 1285 3342 illud
1302 3285 1462 3358 angelorum
1475 3283 1610 3356 quispiam
1637 3281 1815 3355 dedignetur,

162 3371 230 3444 gitis
244 3371 365 3429 debitum
381 3386 430 3443 pro
444 3378 519 3428 tants
532 3372 703 3431 solemnitate
725 3387 888 3430 sermonem.
908 3373 961 3432 seu
1013 3374 1043 3432 in
1052 3390 1107 3448 quo
1120 3373 1248 3447 praeeedit
1258 3374 1362 3440 eos,eui
1376 3374 1405 3430 in
1418 3372 1532 3430 eseelsis
1543 3378 1601 3428 tota
1614 3386 1677 3428 oum
1690 3370 1821 3428 auiditate

161 3459 226 3532 quid
240 3460 274 3516 de
287 3458 420 3532 sugelieis
442 3459 582 3530 spiritibus
604 3460 673 3518 viles
693 3461 837 3534 loquantur
860 3462 961 3519 vermi·
1011 3474 1042 3524 st
1055 3464 1184 3522 felicitate
1207 3463 1359 3521 ministrant
1373 3463 1387 3519 i
1403 3462 1433 3520 si
1448 3464 1476 3518 et
1498 3460 1561 3518 bine
1574 3460 1693 3527 dubitas,
1723 3459 1818 3531 utique

159 3549 238 3608 sulii
258 3549 401 3612 Credimus
426 3565 502 3623 sane,
529 3558 556 3607 et
574 3549 723 3608 iudabiteta
741 3550 794 3609 lide
818 3559 959 3621 tenemus,
1012 3553 1062 3628 qui
1075 3553 1152 3626 vidit,
1168 3551 1352 3611 testimonium
1379 3552 1519 3624 perhibuit
1533 3539 1551 3608 :⁸
1564 3550 1664 3614 sillia,
1679 3548 1818 3621 inquiens,
1843 3582 1846 3587 r

156 3640 251 3699 dimna
264 3654 313 3699 eos
327 3639 617 3714 praeseutiaetvisioue
630 3642 793 3700 beatossiue
807 3641 861 3700 fine
873 3643 962 3700 laetari
1014 3644 1142 3702 millium
1154 3641 1361 3701 ministrabant
1378 3643 1415 3710 ei,
1431 3646 1460 3699 et
1472 3641 1563 3697 dautes
1580 3643 1701 3697 aerumna
1719 3638 1816 3695 mittio

160 3729 283 3789 inbonis
301 3729 424 3802 Domini,
449 3745 510 3804 qum
532 3730 627 3787 oeulus
643 3744 700 3786 nen
720 3731 798 3801 sidit,
822 3747 873 3788 neo
887 3732 961 3789 auris
1013 3732 1311 3805 mseeoantetmoo.
1327 3747 1376 3800 uu,
1393 3729 1662 3804 to),t1tusqooqoe
1683 3727 1817 3801 propbeta

160 3819 277 3884 sudivit,
292 3833 344 3875 nee
357 3819 385 3875 iu
404 3835 452 3877 eor
465 3819 584 3877 beminis
605 3820 795 3880 aseendemnt.
809 3821 879 3893 Quid
894 3835 960 3897 ergo
1014 3824 1049 3880 ad
1062 3824 1169 3880 Patrem
1179 3822 1213 3879 de
1225 3821 1293 3879 Filio
1302 3812 1419 3893 loquens
1433 3820 1490 3876 aits
1505 3819 1636 3876 Minuisti
1650 3833 1719 3875 eom
1733 3817 1819 3892 puoto

161 3905 196 3963 de
213 3905 257 3961 his
271 3907 352 3964 bomo
364 3907 491 3978 loquatur
504 3906 670 3976 homiuibus,
684 3924 744 3982 qua
755 3924 806 3966 nee
826 3908 885 3979 ipse
898 3911 960 3980 qui·
1012 3915 1110 3971 miuus
1124 3914 1158 3971 ab
1171 3912 1280 3985 onpets'a
1293 3910 1382 3983 (Prot.
1395 3924 1457 3975 ιιιι,
1477 3908 1518 3979 6).
1529 3908 1575 3965 Sio
1590 3905 1724 3979 planesia
1741 3905 1820 3963 deest

155 3992 225 4051 dem
240 3992 370 4066 cogitare,
384 4009 436 4051 nee
448 3994 489 4052 illi
504 3996 599 4054 saltem
613 3997 707 4054 audire
722 3996 881 4055 sullieiauti
896 3999 960 4056 Pro·
1013 4009 1044 4058 ut
1069 4001 1159 4061 vineat
1185 4007 1213 4056 et
1239 3998 1402 4064 bumilitate,
1426 3998 1473 4072 qui
1497 3995 1661 4053 subtimitate
1676 3993 1812 4062 vincebam

162 4080 234 4140 teoto
256 4081 281 4138 si
305 4097 337 4138 ex
365 4082 529 4139 abundantia
554 4084 647 4141 eordis
668 4100 701 4141 os
727 4085 859 4160 loquitur,
882 4086 961 4143 sileat
1015 4090 1104 4163 sitque
1118 4096 1192 4147 tauto
1219 4088 1308 4146 minor
1335 4086 1448 4159 augelis
1477 4091 1577 4158 quanto
1606 4081 1727 4140 interiori
1757 4097 1818 4139 sese

157 4171 339 4230 nihilomiuus
351 4171 445 4245 lingua
459 4186 569 4230 neeesse
581 4174 768 4242 estexiuopia
779 4176 960 4250 eogitationis.
1016 4179 1167 4237 ministerio
1189 4176 1353 4250 manciparit
1372 4175 1441 4247 :qai
1456 4179 1531 4233 tauto
1557 4171 1735 4232 eseelleatior
1764 4178 1806 4227 est

157 4263 290 4321 Attamen
304 4261 328 4317 si
341 4261 455 4317 multum
473 4268 516 4316 est
538 4261 573 4317 ad
590 4278 641 4319 uos
654 4260 729 4334 loqui
744 4264 778 4320 de
793 4279 825 4321 eu
843 4262 963 4321 claritate
1018 4276 1118 4342 qusuto
1132 4267 1300 4325 differentius
1317 4281 1373 4339 prae
1388 4265 1429 4322 eis
1442 4279 1540 4322 nomeu
1563 4260 1744 4320 hereditavit.
1765 4258 1818 4316 Sed

158 4356 192 4417 ‚et
205 4349 305 4423 gloria,
320 4365 374 4421 qua
388 4349 418 4405 iu
440 4350 605 4425 semetipsis,
618 4351 674 4409 imo
688 4352 717 4408 ia
735 4353 793 4410 Deo
811 4367 861 4410 suo
874 4353 965 4428 augeli
1018 4372 1124 4430 quaeras
1139 4355 1263 4424 tortasse,
1279 4355 1307 4410 in
1333 4368 1389 4426 quo
1409 4352 1558 4408 minoratus
1573 4350 1696 4408 uidentur
1724 4349 1759 4404 ab
1774 4363 1819 4403 an·

164 4438 252 4496 saneti
275 4439 375 4497 uostris
394 4439 508 4496 omniuo
538 4441 743 4514 supereminent
764 4441 907 4512 eordibus;
931 4441 965 4500 de
1008 4444 1163 4520 ,gelianum
1176 4441 1289 4502 1000
1303 4442 1457 4499 ministrare
1471 4441 1547 4497 veuit
1562 4455 1569 4509 ς
1585 4438 1815 4512 quandoquidem,

160 4527 359 4600 euloquamur,
383 4543 463 4600 quum
486 4529 568 4586 uobis
589 4530 728 4603 exhibeat,
743 4532 830 4605 gratia
849 4539 877 4589 et
897 4532 964 4587 eba-
1017 4544 1145 4607 utsupra
1158 4533 1339 4599 meminimus,
1364 4532 1392 4587 iu
1421 4529 1600 4586 ministerium
1626 4527 1767 4584 mittuntur
1790 4536 1818 4582 et

158 4615 252 4687 ritate.
267 4616 299 4672 lu
312 4617 440 4690 superuis
453 4618 525 4676 euim
548 4618 689 4692 spiritibus
704 4635 758 4676 nou
773 4621 861 4677 solum
875 4620 964 4676 admi·
1016 4621 1065 4679 illi.
1082 4623 1113 4693 ln
1125 4637 1160 4679 eo
1169 4622 1262 4694 utique
1275 4619 1347 4693 quod
1362 4633 1417 4676 nou
1436 4618 1518 4674 modo
1535 4616 1705 4684 ministrarit,
1730 4617 1778 4672 sed
1788 4625 1817 4672 et

162 4705 254 4763 rubilia
268 4705 398 4783 dignitas,
414 4706 460 4764 sod
484 4715 512 4764 et
525 4708 650 4778 dignatio
672 4708 797 4765 amabilis
815 4709 961 4767 inuenitur.
1015 4709 1183 4768 ministratus
1197 4718 1248 4781 est,
1265 4718 1378 4784 erutque
1392 4724 1463 4765 uuus
1477 4715 1505 4763 et
1519 4706 1590 4762 idam
1611 4705 1660 4778 qui
1673 4704 1816 4763 ministra-

155 4793 281 4869 ¹Dignum
294 4803 336 4852 est
349 4795 473 4870 proinde,
488 4795 595 4868 tratres,
610 4806 640 4855 ut
653 4797 767 4873 gloriam
785 4813 840 4855 noa
855 4798 963 4872 oapieu·
1015 4800 1072 4869 bat,
1088 4801 1175 4872 etqui
1197 4799 1410 4856 ministrabatur.
1426 4797 1522 4855 llerito
1543 4795 1658 4868 proinde
1673 4810 1776 4867 sponsa
1789 4795 1817 4853 iu

162 4891 213 4952 ter,
244 4891 315 4943 tento
338 4883 427 4958 magis
449 4885 643 4958 amplectamur
666 4886 962 4962 misericordiamque
1015 4889 1132 4948 Cantieis
1152 4891 1320 4947 cantieorum
1336 4908 1343 4944 ε
1359 4887 1546 4961 booeinquit,
1568 4887 1647 4942 venit
1665 4886 1690 4942 ir
1711 4887 1817 4943 saliem

163 4971 295 5028 nimirum
309 4982 416 5031 eoustat
437 4975 614 5032 nibilominus
636 4976 772 5033 abundare
794 4976 961 5036 domesticos
1014 4979 1046 5036 iu
1065 4979 1218 5041 montibus,
1234 4981 1403 5038 transiliens
1423 4978 1509 5035 eolles
1524 4976 1621 5046 (Cant.
1636 4990 1667 5031 ιι.
1684 4973 1722 5047 t).
1741 4974 1819 5030 Nini·

159 5058 223 5130 Dei,
239 5060 301 5116 eoeti
312 5063 396 5132 uiues,
412 5063 549 5138 prinsipes
559 5064 690 5136 peradisi.
706 5066 831 5122 Testatur
842 5065 960 5138 denique
1014 5072 1103 5126 straus
1112 5068 1184 5126 enim
1196 5069 1269 5126 saliit
1281 5069 1352 5125 iuter
1364 5067 1480 5142 ungulos
1491 5082 1497 5123 :
1510 5066 1558 5123 sed
1572 5072 1602 5121 et
1610 5063 1684 5135 ipsos
1694 5063 1820 5120 transiliit

164 5147 312 5220 Apostolus
322 5149 392 5221 ipse,
407 5152 455 5225 qui
469 5162 561 5227 raptus
573 5170 662 5228 usque
679 5154 713 5210 sd
727 5154 835 5212 tertium
848 5155 958 5223 eoelum,
1013 5157 1349 5216 ministratus.lliniatmnt
1359 5156 1431 5215 euim
1444 5154 1544 5229 angeli,
1555 5153 1603 5211 sed
1617 5155 1652 5212 de
1665 5153 1765 5227 alieno,
1774 5152 1819 5209 oi·

164 5238 252 5299 beatus
266 5237 306 5293 illi
322 5239 404 5296 eurioe
426 5243 528 5300 meruit
549 5243 689 5315 iuteresse,
705 5251 786 5317 atque
803 5258 865 5317 epus
879 5258 959 5302 nosse
1013 5247 1131 5306 terentes
1149 5249 1208 5306 lieo
1220 5248 1291 5304 bona
1305 5261 1397 5318 opera,
1412 5260 1467 5302 non
1478 5260 1536 5311 sua,
1552 5243 1600 5300 sed
1612 5249 1714 5312 nostra,
1724 5257 1757 5300 ao
1770 5257 1821 5298 uo·

164 5326 407 5401 seereta,quouiam
420 5345 516 5390 omnes
530 5333 774 5394 administratorii
787 5339 858 5393 sant
873 5337 958 5410 spiri·
1013 5335 1056 5394 bia
1068 5337 1129 5408 eius
1137 5336 1253 5410 gratiam
1267 5335 1424 5393 relerentes.
1432 5332 1512 5391 Unde
1520 5340 1547 5388 et
1555 5330 1697 5406 Scriptura
1709 5330 1819 5390 diosas:

167 5421 223 5484 tus,
239 5417 321 5477 missi
334 5419 368 5475 ia
380 5419 574 5480 ministerium
584 5429 763 5498 proptsrsos,
775 5429 824 5500 qut
837 5423 960 5485 toerett·
1019 5425 1158 5496 &emtum
1178 5424 1308 5485 aseendit
1325 5427 1426 5498 [umus
1452 5425 1617 5487 oromatum
1634 5423 1820 5496 incompacta

159 5507 260 5589 Ιιιιιιιιι
272 5507 508 5583 mpiuatsolutir
521 5507 617 5583 (llsbr.
629 5527 651 5583 ι,
672 5513 728 5585 rt).
1017 5514 1180 5602 ιιοιιιιιιὶιιι
1199 5531 1292 5577 noes
1313 5509 1821 5589 nemorumnemorum
