3734 5948
614 231 791 297 sunum
807 229 842 293 ltt
861 233 1013 299 multus.
1586 242 1644 308 'ibo

83 365 225 425 tinuorari.
236 363 349 436 Quoties
357 358 790 436 euuuosuperrtur,smritium
805 372 830 455 fl
845 374 952 433 puupor
965 371 993 420 et
1005 361 1161 421 eonluudor
1173 363 1202 419 in
1217 363 1395 439 memetipso;
1405 373 1515 427 etnuuc
1524 371 1568 430 ria
1577 389 1643 431 eou-

83 463 166 532 prtur,
180 462 228 511 aut
240 451 384 510 immicum
406 450 557 525 periculum
570 449 731 516 declinatur,
744 456 792 504 aut
844 448 1123 525 incolumemin
1141 453 1226 525 pudet
1243 453 1348 526 teporis
1368 459 1539 533 torporisque
1561 462 1642 521 miss.

83 540 273 603 uissidiantis
291 539 517 610 deprehenditur,
530 545 577 596 eut
590 535 790 594 mnoeaetin-
845 536 971 595 rebilimn
993 547 1146 611 temporum
1170 540 1278 598 borum.
1302 540 1353 599 (lui
1380 560 1495 618 nemque
1519 559 1642 609 susum

83 629 503 706 uqumcnnqneauimoepaasio
516 628 599 686 semel
618 624 791 698 perfecteque
844 631 949 685 tantum
973 627 1082 702 ingeret
1107 628 1237 702 prndium
1265 630 1362 704 gratias
1396 633 1476 704 bujus
1500 637 1640 708 exhibitio,

83 736 116 788 ir,
130 728 180 778 sut
194 719 310 776 multum
329 718 430 789 diuque
451 715 694 789 cupitastserpius
707 711 791 785 petita
843 723 973 786 quantum
1000 717 1101 775 sancus
1125 717 1265 777 veteribus
1290 720 1453 781 meanderst
1476 723 1641 785 desiderium

91 811 202 868 tandem
216 807 363 880 aliquando
377 807 426 864 Dei
440 821 552 864 munera
565 803 714 870 obtinetur,
724 800 790 875 quid
843 803 1013 874 promissio?
1028 807 1100 865 Ecce
1113 806 1186 863 enin
1199 823 1283 880 qnam
1298 809 1375 867 multi
1388 810 1416 866 in
1430 812 1482 870 bac
1493 814 1563 886 ejus,
1579 832 1640 888 quor

83 899 167 965 urim,
193 900 272 969 juxta
293 896 464 968 prophetam,
487 899 618 966 personat
640 891 789 966 menarum
842 891 967 964 proxime
989 895 1156 953 celebranda
1172 903 1223 966 set,
1238 896 1385 956 listivitats
1397 900 1576 975 prudebustl
1591 906 1640 963 sed

83 995 105 1047 tt
113 1003 165 1044 vox
178 984 268 1042 laudis
275 985 355 1057 (lsst'.
365 999 404 1049 ui,
420 985 460 1055 3),
471 991 498 1040 11
511 981 545 1038 ad
555 980 789 1056 unguiumque
842 980 943 1039 aduam
961 983 997 1039 de
1020 984 1165 1053 1111111111,
1181 1000 1236 1043 non
1250 987 1285 1044 de
1298 988 1417 1046 vanitate
1428 990 1435 1046 1
1446 988 1558 1050 lllorcm
1571 1008 1640 1067 ervo

83 1076 123 1137 ὼ
136 1073 307 1133 benedicitur
320 1073 394 1129 Deus
407 1072 435 1126 in
458 1071 537 1129 donis
556 1069 637 1127 ardel
657 1065 787 1140 Alioquin
839 1068 1003 1127 desiderium
1021 1070 1141 1145 llagram
1161 1081 1190 1130 et
1207 1075 1263 1147 pie
1276 1077 1485 1149 exspectationis
1509 1079 1636 1139 1111111111

83 1179 117 1223 us
129 1162 307 1232 repuuuiiur,
322 1175 384 1218 oum
397 1157 531 1217 discissio
545 1156 660 1228 venerit,
666 1156 713 1229 qui
731 1170 787 1212 uon
838 1155 924 1226 spiret
937 1157 1005 1214 mibi
1016 1173 1069 1216 vox
1087 1160 1159 1217 ista:
1175 1161 1323 1221 0111111111
1335 1179 1382 1221 ms
1395 1167 1490 1223 osculo
1516 1168 1572 1225 oris
1590 1172 1639 1227 sui

83 1251 196 1311 tdieers
208 1251 267 1306 Deo
281 1266 290 1304 ε
302 1248 462 1308 cantabiles
476 1248 549 1305 mibi
557 1244 789 1318 sustinuisse
839 1242 965 1316 (cautla
979 1264 1000 1316 r,
1015 1249 1055 1319 1).
1070 1248 1195 1307 Seuserst
1208 1250 1337 1309 nimirum
1351 1252 1378 1308 iu
1393 1254 1500 1326 spiritu,
1515 1258 1640 1333 quisquis

92 1338 504 1412 miulooopsrepriuutu'out'a
513 1334 786 1407 meo<1>sutoxruc
840 1340 905 1391 tuno
930 1334 1079 1407 spiritualis
1106 1353 1166 1395 esse
1191 1349 1308 1410 poterat,
1334 1349 1436 1413 quauta
1458 1341 1528 1402 loret
1550 1349 1638 1420 pratia

841 1421 941 1481 diflusa
953 1424 983 1481 in
995 1425 1074 1483 labiis
1087 1425 1149 1485 illis.
1163 1427 1312 1499 Propterea
1330 1429 1446 1503 loquens
1460 1431 1489 1488 in
1503 1434 1637 1493 desiderio

88 1514 213 1575 bebitror
230 1530 280 1573 vos
292 1515 321 1572 iu
334 1514 411 1573 vobis
424 1513 492 1586 ipsis
504 1512 551 1569 illa
568 1514 629 1584 jam
650 1526 787 1586 mergus-
841 1512 938 1570 animae
947 1513 1049 1580 aiebat,
1062 1515 1500 1591 Osculeturmsosculoon'ssui3
1510 1522 1637 1583 nimirum

89 1620 151 1678 qus
165 1604 194 1659 iu
206 1603 344 1676 psalterio,
359 1618 414 1660 non
427 1602 538 1661 carues
549 1601 786 1671 mebrorum,sed
840 1600 1016 1674 omnimodis,
1035 1603 1149 1675 cupiens
1173 1613 1252 1662 uotae
1267 1607 1409 1665 suavitatis
1423 1609 1568 1685 participio
1582 1628 1638 1671 non

83 1708 105 1749 a
114 1691 254 1750 Gmduum
267 1689 447 1764 appellantur,
461 1704 495 1745 eo
508 1687 583 1762 quod
608 1686 643 1743 sd
664 1685 785 1761 singulos
800 1650 824 1729 Β
840 1690 970 1748 iraudsri.

83 1785 128 1837 tus
140 1788 257 1850 vestros,
274 1779 349 1850 juxte
362 1775 536 1834 ascensiones
547 1790 616 1849 quus
628 1774 785 1847 qnisqueiu
874 1779 1113 1839 animosioris
1132 1783 1265 1855 perlectis
1278 1783 1417 1858 quisque:
1434 1783 1497 1855 Quo
1510 1788 1575 1846 mihi
1588 1805 1637 1847 οη

83 1883 136 1927 eun
150 1868 291 1940 disposuit,
304 1865 411 1941 ungula
423 1866 478 1922 sint
490 1867 594 1923 eandm
603 1863 787 1937 depromenda
837 1869 897 1928 hmo
909 1869 1099 1930 seminiverbia
1112 1873 1332 1943 prophetemmi
1345 1874 1407 1945 lpse
1420 1876 1511 1946 ponus
1524 1879 1636 1948 specio·

83 1957 145 2015 dem
158 1964 186 2013 et
206 1954 532 2030 pluriampromoventis.
557 1951 681 2023 Quonam
703 1951 785 2009 modo
838 1974 886 2016 tus
906 1957 997 2015 lorme
1022 1975 1078 2031 prus
1101 1958 1327 2027 filiisbominum,
1350 1960 1411 2033 ipse
1430 1979 1476 2022 me
1497 1965 1636 2024 osculetur

83 2056 131 2104 tur
144 2044 224 2102 aliter
237 2044 282 2102 ills
298 2043 443 2101 versiculus
458 2058 512 2099 uon
527 2041 606 2101 video
628 2060 636 2098 :
661 2043 717 2101 Vos
730 2056 785 2099 ss-
838 2047 1058 2105 oscnlooriesui.
1071 2048 1132 2105 Non
1143 2047 1230 2105 audio
1240 2050 1296 2121 jam
1311 2048 1422 2120 llopsen
1438 2050 1635 2124 :impeditioris

83 2137 154 2195 louis
162 2139 192 2193 si
200 2135 304 2192 solutis
312 2131 784 2205 tutubemoulitjuetorumll’sol.
838 2135 971 2208 siqmden
981 2136 1082 2210 bnpnae
1093 2136 1181 2195 lactus
1193 2144 1235 2194 est
1248 2137 1314 2193 mibi
1323 2137 1423 2209 (leod.
1439 2155 1478 2205 rr,
1493 2139 1549 2212 lb).
1559 2141 1635 2199 luein

92 2224 153 2296 lt);
165 2233 214 2280 aut
226 2231 299 2278 carte
307 2220 432 2293 Apostoli
445 2219 493 2277 illa
509 2218 688 2288 pulcherrima
706 2219 785 2275 salu·
837 2223 909 2281 labia
922 2224 1064 2283 immunda
1074 2234 1137 2281 suut
1150 2225 1229 2296 (leui.
1245 2225 1633 2298 suspensissimum.

83 2311 337 2384 rsqueexbortutio:
352 2309 384 2365 lu
392 2309 652 2383 psalmisonum,
668 2304 785 2365 ¹2⁷0
839 2314 896 2382 qui,
911 2314 977 2385 quis
988 2329 1057 2385 puer
1069 2320 1112 2370 eat
1121 2314 1237 2385 (lerum
1252 2330 1274 2384 1.
1284 2312 1332 2387 6);
1346 2323 1375 2372 et
1383 2315 1525 2388 Prophetas
1538 2328 1635 2377 omnes

83 2401 158 2458 tricis
182 2398 382 2471 spiritualibus
396 2399 559 2465 1111111111,
575 2401 604 2453 st
626 2395 783 2470 psallentes
836 2402 1190 2477 sbupumsuntlpse,ipse
1204 2417 1286 2474 quem
1299 2402 1456 2477 loquuntur,
1468 2404 1528 2477 ipae
1542 2406 1635 2479 loquo

83 2488 159 2547 dibus
174 2489 273 2546 vestrm
287 2487 405 2544 Domino
418 2486 530 2558 (uptus.
546 2499 574 2555 v,
591 2486 648 2555 19).
837 2500 882 2548 tur
903 2510 910 2548 ι
924 2490 985 2563 ipae
999 2506 1043 2548 me
1055 2492 1194 2550 osculetur
1207 2493 1303 2549 osuxlo
1318 2491 1374 2550 nris
1390 2493 1444 2550 sui.
1468 2496 1531 2553 Non
1551 2498 1579 2552 in
1593 2497 1635 2554 eis

83 2576 136 2634 een
150 2583 192 2633 est
205 2573 347 2639 mausum,
365 2573 440 2647 quod
453 2570 497 2629 eui
510 2569 641 2648 singulari
653 2570 783 2645 dipmtuo
835 2580 901 2653 jem,
918 2587 966 2636 aut
979 2594 1026 2649 per
1038 2594 1086 2637 eus
1105 2578 1232 2651 loqumur
1251 2579 1329 2648 milri,
1344 2582 1473 2654 quonium
1490 2586 1634 2643 tenebrose

83 2665 157 2723 vitate
171 2665 277 2722 cunctis
291 2662 385 2720 merito
404 2677 466 2734 qum
479 2661 703 2726 memoravimus,
713 2662 740 2717 el
757 2660 782 2718 ai
833 2682 904 2740 sque
918 2665 948 2723 in
962 2666 1079 2723 nubibus
1090 2665 1181 2725 saris:
1197 2667 1245 2724 sed
1260 2667 1319 2739 ipae
1332 2683 1376 2724 me
1388 2669 1524 2727 osculetur
1539 2673 1632 2732 osculo

83 2764 120 2811 int
140 2752 203 2820 alis,
220 2750 377 2809 antecellit:
398 2761 424 2806 et
443 2750 506 2822 jure
520 2749 572 2806 boc
586 2747 781 2820 appellaverim
834 2753 890 2810 oris
911 2753 970 2825 sui,
989 2755 1068 2825 eujus
1089 2754 1209 2827 gratiosa
1236 2756 1389 2827 presentis,
1413 2766 1442 2814 et
1466 2757 1633 2816 admirandae

83 2858 127 2898 um
154 2841 340 2906 mulleorum,
369 2839 436 2910 quis
462 2844 622 2894 08111οΝ111
658 2836 779 2894 mnium
833 2845 932 2901 itusuu
955 2842 1086 2901 doctrinis
1099 2842 1165 2901 liant
1185 2844 1213 2900 iu
1237 2859 1280 2900 me
1294 2842 1356 2901 loos
1375 2860 1453 2917 aqum
1466 2846 1589 2905 solientis
1602 2849 1632 2906 in

90 2941 132 2990 est
154 2931 267 2989 fruetus.
283 2928 437 2987 istiusmodi
460 2926 595 2986 cmdcum
619 2925 677 2985 solu
691 2928 781 2985 unctio
796 2924 819 3004 t
833 2931 915 2991 vitam
928 2942 1066 2990 nuruum.
1080 2931 1167 3003 Quem
1189 2932 1265 2989 noxit
1278 2933 1359 2989 l’ater
1372 2934 1434 2991 oleo
1454 2933 1555 2993 terius
1573 2953 1631 3009 prus

88 3021 148 3079 sola
169 3017 289 3076 addiscit
312 3018 489 3088 experientia.
509 3014 620 3088 llxperti
642 3030 778 3089 recogno·
834 3020 1007 3079 consortibus
1021 3021 1173 3092 suisffsol.
1189 3022 1312 3091 xuvv,8)‚
1324 3021 1509 3095 nunquidnon
1523 3040 1556 3081 ex
1569 3024 1630 3095 ipso

86 3109 221 3183 inexperti
234 3108 405 3165 inardescant
422 3105 569 3176 desiderio,
584 3120 639 3163 uon
658 3113 712 3161 nm
727 3120 779 3163 eo-
834 3109 901 3166 mihi
921 3108 1031 3167 uberior
1046 3107 1194 3167 inlunditnr
1220 3109 1329 3180 gratis?
1350 3108 1375 3166 si
1395 3122 1485 3166 remen
1503 3110 1631 3184 dignetur

83 3200 232 3274 ediquem
246 3197 414 3270 experiendi.
429 3198 491 3253 Non
505 3203 548 3252 est
561 3193 635 3253 enim
647 3193 781 3267 strepitus
833 3213 876 3255 me
889 3196 1110 3261 oseulaxiosculo
1121 3197 1178 3252 oris
1189 3194 1242 3254 sui.
1251 3195 1335 3266 eujus
1345 3196 1438 3270 utique
1447 3212 1540 3256 sermo
1552 3198 1630 3258 vivus

83 3288 124 3345 sd¹
133 3289 237 3359 jubilus
258 3285 364 3354 cordis;
384 3299 440 3341 nou
462 3299 545 3341 souus
566 3282 716 3355 lubiorum,
730 3283 778 3340 sed
832 3293 861 3343 st
873 3283 968 3343 eldesx
987 3284 1113 3342 osculum
1128 3284 1193 3341 mibi
1210 3292 1264 3357 est,
1279 3300 1334 3342 uon
1348 3285 1461 3358 quidem
1476 3287 1628 3357 coniunctio

85 3377 263 3451 mudiomm
280 3374 456 3441 voluntatum,
481 3388 537 3430 nou
561 3388 656 3430 vocum
676 3388 778 3431 conso·
831 3372 975 3440 labiorum,
990 3372 1198 3447 queiuterdum
1206 3389 1303 3446 paoem
1317 3373 1445 3432 mentitur
1453 3374 1628 3451 animorum

96 3467 157 3523 Non
171 3464 277 3522 auditm
291 3463 368 3530 loris,
383 3478 433 3520 usu
456 3462 528 3518 enim
546 3461 574 3519 in
588 3461 699 3536 publico
713 3479 777 3534 per·
830 3463 878 3519 ssd
900 3461 980 3533 plane
1002 3460 1102 3521 inlusio
1124 3462 1295 3534 gaudiorum,
1310 3463 1437 3521 revelatio
1451 3472 1628 3537 secretorum,

83 3575 88 3613 ι
102 3555 161 3612 1111
175 3570 236 3626 quae
253 3560 342 3611 mutat
355 3550 442 3622 audit,
455 3561 483 3608 et
495 3549 539 3608 cni
549 3558 680 3618 mutatur,
693 3550 777 3608 idest
830 3551 899 3608 mua
911 3544 1038 3625 queem
1052 3558 1080 3607 et
1093 3552 1209 3625 quodam
1221 3552 1302 3609 modo
1316 3552 1462 3610 indiscreta
1471 3554 1627 3612 commixtio

83 3651 124 3703 .et
137 3658 263 3714 sponsus.
279 3641 326 3697 list
340 3639 440 3713 quippe
458 3638 578 3711 nuptiale
590 3654 712 3710 mmor,
727 3654 775 3697 sx-
830 3641 942 3714 superni
965 3640 1077 3698 luminis
1104 3649 1132 3698 et
1158 3638 1315 3698 illumioatae
1342 3639 1451 3697 meotis.
1474 3642 1627 3701 Adhaereus

83 3748 103 3791 a
124 3740 216 3790 matos
226 3730 416 3801 jncuudoaque
433 3727 589 3798 complexus
611 3725 774 3797 animorum,
828 3728 932 3802 quippe
945 3728 1014 3797 beu.
1028 3744 1099 3786 unus
1112 3727 1224 3801 spiritus
1238 3738 1279 3784 est
1298 3728 1325 3800 (l
1338 3729 1401 3786 dor.
1414 3743 1445 3799 r,
1459 3730 1514 3796 l'l).
1529 3730 1626 3789 llerilo

83 3806 287 3885 r‘eoueordium,
303 3815 504 3889 ausurumque
516 3821 726 3873 consenttneam
741 3814 776 3872 ad
831 3816 944 3889 proinde
964 3816 1084 3874 viniones
1106 3822 1133 3873 et
1150 3815 1254 3873 somnia
1275 3830 1331 3873 non
1352 3816 1465 3889 recipio,
1484 3814 1586 3891 ligurus
1599 3826 1627 3877 st

83 3925 138 3969 rum
150 3908 319 3967 coeuntem.
830 3904 973 3979 enigmata
986 3905 1052 3962 uolo
1060 3903 1145 3979 3ipsas
1159 3918 1269 3978 quoque
1282 3904 1423 3975 aurelium
1436 3904 1545 3963 lastidio
1559 3922 1625 3978 epe-

87 3997 222 4057 Caterum
243 4011 300 4054 nou
322 4002 365 4052 est
387 3993 454 4049 illud
475 4000 585 4050 eantare
607 4007 657 4050 sau
682 3991 775 4052 sudis
829 3993 895 4051 cies.
923 3990 1031 4053 lm
1059 3991 1169 4066 Quippe
1189 4001 1216 4050 et
1239 3992 1410 4069 ipsoslouge
1435 3998 1550 4066 superet
1559 3997 1626 4055 lesu

93 4085 207 4159 puerilis
222 4092 249 4142 et
267 4084 410 4156 ueopbpta
431 4081 531 4150 adbuc,
546 4090 574 4138 et
592 4096 688 4139 recens
705 4096 774 4139 oon-
828 4081 1374 4155 meusspeciemaetpulcbritudiuesua.
1387 4083 1449 4142 Nou
1462 4100 1529 4156 crgo
1543 4084 1626 4142 elium

83 4173 114 4231 de
124 4173 235 4238 seculo,
249 4173 299 4228 sed
312 4171 514 4243 proiecticiam
528 4178 556 4226 et
569 4169 683 4226 erudito
695 4184 773 4228 meu·
830 4175 888 4230 sive
906 4168 1042 4245 angelum,
1057 4169 1113 4227 sive
1130 4170 1280 4239 bominem,
1296 4172 1344 4230 sed
1358 4171 1447 4243 ipsum
1461 4182 1524 4243 peto
1541 4188 1624 4229 oscu-

83 4277 105 4321 rt
113 4261 172 4319 suis
185 4260 310 4325 nimirum
322 4260 500 4333 prolactibus,
517 4259 573 4316 lieo
588 4270 773 4330 promovente,
788 4216 812 4297 ὓ
830 4262 879 4320 lari
894 4276 937 4319 me
949 4259 1044 4319 osculo
1055 4259 1112 4317 oris
1127 4260 1178 4317 sui.
1193 4261 1248 4318 lieu
1262 4276 1327 4317 sane
1340 4275 1476 4335 presumo
1489 4275 1534 4318 ma
1547 4277 1624 4320 omn-

83 4367 127 4409 um
138 4354 194 4422 iam
208 4349 330 4417 creverit,
345 4359 477 4423 qunoenus
491 4347 527 4403 ad
544 4346 693 4421 perfectam
706 4358 775 4405 aete·
828 4350 913 4408 latum
926 4347 961 4405 iri
979 4350 1013 4406 ab
1036 4365 1084 4406 ore
1106 4348 1193 4421 ipsius
1209 4351 1260 4422 lest
1274 4351 1347 4406 euim
1361 4350 1414 4406 boo
1427 4349 1623 4421 assumpti-bo·

83 4440 138 4496 tad
152 4437 258 4495 nubiles
272 4437 392 4510 quodam
412 4437 494 4497 modo
508 4436 662 4509 pervenerit
674 4451 774 4509 annos,
829 4438 910 4497 minis
923 4438 1010 4495 unless
1030 4436 1167 4495 felicitatis
1189 4445 1216 4493 et
1231 4438 1419 4511 prerogativa
1442 4435 1623 4512 angularium

83 4528 136 4585 lieo
150 4527 320 4599 meritorum,
335 4540 392 4581 noo
405 4533 574 4597 temporum
585 4524 655 4583 lacta
673 4528 774 4599 nuptiis
829 4526 877 4585 sod
890 4525 1018 4584 humilius
1041 4527 1075 4582 ab
1097 4525 1191 4581 osculo
1213 4525 1269 4581 oris
1286 4522 1329 4581 sui
1352 4532 1475 4596 peteme
1492 4526 1621 4593 osculari,

83 4636 99 4676 a
112 4617 207 4691 sponsi
218 4616 325 4685 idonea,
339 4615 429 4687 qualis
443 4615 562 4687 &niune
574 4631 624 4673 suo
640 4615 703 4675 loeo
716 4617 774 4688 ple·
828 4616 901 4692 quod
914 4630 1060 4674 commune
1070 4613 1211 4687 utiqusest
1222 4614 1381 4680 multorum,
1393 4613 1440 4686 qui
1449 4611 1551 4671 ducere
1560 4629 1623 4687 pos-

83 4707 231 4765 scribetur.
248 4704 302 4762 Sed
326 4704 446 4778 preterit
467 4705 545 4773 bora,
566 4720 621 4778 qus
641 4704 775 4769 nosexire
828 4712 901 4771 sunt,
917 4706 953 4761 11
967 4719 1019 4763 uos
1037 4719 1133 4764 omncs
1147 4704 1181 4761 de
1196 4704 1377 4778 plenitudiue
1390 4704 1453 4776 rjus
1466 4705 1623 4779 occepimus

83 4798 106 4853 id
123 4810 207 4866 opera
229 4810 356 4852 maurium
377 4800 406 4849 et
430 4800 574 4867 paupertas
592 4801 621 4850 et
643 4791 775 4852 mutilatio
828 4795 922 4867 (locu.
937 4808 958 4862 t,
979 4793 1040 4864 16).

83 4887 124 4943 is.
138 4884 207 4941 Cras
220 4884 247 4940 io
261 4883 371 4940 numism
384 4881 493 4941 borini
511 4881 586 4956 quod
603 4897 775 4955 superamus
864 4887 892 4941 3.
907 4882 1051 4943 intendite.
1065 4882 1107 4941 Sit
1119 4898 1152 4941 os
1165 4883 1299 4951 osculans,
1325 4880 1445 4939 Verbum
1463 4897 1621 4950 assumens;

83 4990 170 5033 mmur
188 4975 223 5030 de
250 4973 355 5040 osculo,
374 4973 438 5046 quia
463 4971 496 5029 de
521 4970 598 5028 titulo
625 4969 775 5031 hodiernus
829 4974 1133 5047 osculatumaaroquae
1142 4969 1287 5029 assumitur
1300 4987 1307 5027 :
1321 4971 1446 5029 osculum
1460 4973 1623 5046 vero,quod

83 5078 132 5123 noe
144 5063 292 5136 expedivit
825 5063 927 5136 pariter
948 5064 982 5120 ab
998 5064 1138 5122 osculante
1152 5069 1181 5120 et
1194 5060 1314 5120 osculato
1338 5060 1490 5128 conficitur,
1504 5077 1623 5136 persons

288 5149 405 5208 SlillllO
422 5151 456 5207 ΙΙ.
824 5152 883 5224 ipsu
905 5150 1008 5211 scilicet
1032 5168 1065 5209 ex
1086 5159 1203 5225 utroque
1216 5159 1366 5225 compacta,
1385 5149 1519 5208 mediator
1531 5152 1579 5209 Dei
1594 5158 1623 5209 et

83 5239 774 5315 maronicumtiperpotriorctasepropissos
824 5239 966 5297 bominum
989 5239 1071 5297 bomo
1097 5238 1220 5295 cbristus
1244 5239 1333 5296 lesus.
1358 5239 1415 5296 Hae
1433 5254 1498 5313 erpo
1517 5242 1623 5298 ratione

83 5332 175 5397 uinta,
187 5334 214 5386 et
228 5328 428 5387 ardentissime
442 5329 475 5385 ob
490 5330 530 5385 cis
544 5331 719 5401 suspectata.
824 5337 980 5385 aeneorum
1003 5341 1084 5384 nemo
1105 5326 1195 5384 dicere
1212 5318 1401 5399 presumebat,
1415 5326 1560 5386 Osculetnr
1578 5345 1622 5387 me

83 5418 186 5487 odorem
202 5417 330 5475 desiderii
345 5418 453 5474 Petrum
467 5417 661 5491 suspirantium
674 5416 774 5475 Cbnsti
825 5431 874 5474 ore
887 5432 955 5487 suo;
970 5415 1018 5473 sed
1034 5422 1149 5485 tantum,
1166 5414 1265 5473 Oseulo
1275 5417 1331 5474 oris
1345 5416 1388 5472 sni
1399 5417 1470 5490 :ipsi
1483 5432 1549 5475 saue
1562 5433 1622 5474 ser-

83 5523 106 5566 ie
121 5506 292 5579 presentiam
317 5504 533 5580 frequentissime
546 5508 682 5580 cogitans,
697 5520 773 5564 eom·
823 5513 919 5564 rantes
935 5503 1140 5580 prerogativam
1154 5503 1243 5574 istam,
1267 5504 1311 5562 cui
1332 5504 1504 5578 singulariter
1526 5509 1624 5565 semd-
