3734 5948
1843 40 1850 151 l

155 254 210 315 tes
541 254 568 313 S.
588 251 756 313 BERNlell
774 252 911 314 eunetis
928 248 1246 313 ctttmtattttn'sts
1757 246 1809 309 Μ
1850 288 1853 315 t

156 379 251 449 alium,
279 380 337 440 sire
366 389 475 453 propter
501 389 652 453 utrumque,
682 379 864 437 necessarium
891 394 954 437 cor-
971 392 996 473 Α
1011 379 1163 449 corporalia
1182 388 1210 436 et
1232 378 1370 437 sensibilia
1393 392 1456 451 quaa
1477 373 1608 448 pariliud
1621 371 1810 443 manicatam
1851 378 1854 387 '

160 488 213 544 pus
239 485 296 526 non
337 470 395 535 sit,
423 468 581 541 corporisve
618 468 791 535 similitudo,
842 477 956 541 excepto
1009 475 1044 536 sd
1058 471 1210 546 spiritualia
1223 478 1251 525 et
1272 464 1454 540 intelligibilia
1469 461 1637 536 proiciendo
1657 456 1811 533 pertiuqatl

158 560 288 617 duuuxat
314 558 379 629 illo,
408 558 450 613 cni
476 559 568 616 omnis
605 565 659 614 tam
687 558 847 630 corporalis,
876 573 956 630 quam
1009 566 1053 623 Ad
1068 578 1129 635 qum
1143 568 1232 616 tamen
1253 553 1420 629 capessenda
1443 566 1494 624 pro
1514 565 1565 606 sno
1583 546 1727 622 corporali
1742 554 1812 605 teau·

159 646 309 720 spiritualis
335 653 459 702 creatura
489 646 586 703 merito
618 646 782 715 confitetur,
811 656 838 704 et
864 644 955 701 dicit:
1010 645 1297 729 pontiqusabsaquia
1310 636 1626 710 nosciturjuaaraillos‚
1642 635 1695 710 qni
1708 650 1813 693 otnnn

158 736 234 792 Dm
248 750 327 792 metti
345 737 428 800 ata,
454 736 590 809 quoniam
612 735 749 792 bonorum
761 749 958 792 meortmtwn
1011 757 1091 800 usum
1114 751 1203 794 rerum
1229 730 1417 803 temporalium
1444 729 1477 785 ad
1503 725 1620 785 fructum
1647 722 1815 781 tmuium

161 838 222 897 ⁶⁹²⁸
238 822 326 892 (Ρωὶ
343 837 395 891 ¹V2
409 826 449 892 2).
471 824 508 879 Εῑ
531 822 650 894 Pfiffllm
670 822 779 894 quidem
796 822 833 877 5²³
844 836 958 892 ⁰⁰fl>⁰¹⁸
1011 829 1299 890 aeternarumnteutes
1311 822 1364 878 boc
1372 819 1813 889 muodo,tanqusuauoautsutes

160 917 372 982 eqercconstat
389 916 418 965 nt
431 925 483 967 nec
505 909 656 967 subsistere
679 911 782 982 absque
797 908 843 966 illo
859 916 958 965 utcun·
1048 921 1075 976 t,
1105 919 1187 972 porro
1213 919 1303 967 autem
1330 905 1533 980 sumrcoeleetis
1560 903 1679 978 spiritus
1712 903 1814 974 absque

161 1013 215 1071 qne
230 997 325 1071 possit.
340 997 426 1057 Simul
451 999 551 1071 quippe
577 1005 604 1054 et
624 997 761 1056 vivificare
792 997 902 1063 desinit,
933 1005 960 1053 et
1012 1004 1149 1077 adjutorio
1171 999 1304 1075 eorporis,
1329 1004 1358 1053 et
1380 998 1484 1068 absque
1507 993 1608 1051 iutuitu
1629 994 1734 1049 borum
1756 1006 1813 1064 qua

163 1086 252 1145 nitere
267 1085 313 1143 ille
331 1086 453 1161 spiritus,
467 1087 577 1158 quando
602 1086 721 1143 moritur
748 1101 843 1157 pecus.
858 1086 959 1141 Varum
1014 1112 1062 1170 per
1075 1106 1176 1165 corpus
1189 1087 1354 1151 sentiuntur,
1376 1085 1436 1141 scia
1457 1083 1577 1155 proiecto
1595 1096 1656 1139 suar
1678 1079 1815 1139 alduinus

162 1191 213 1233 ¹¹⁰⁸
233 1174 476 1247 Vivimus(1¹Iidem
491 1185 553 1247 P⁰⁸²
573 1174 961 1247 0⁰ll211⁸3⁸⁸d⁸d0³<l¹¹lb¹¹⁸
1014 1203 1045 1243 ac
1058 1182 1201 1241 vivacitate
1223 1186 1327 1234 naturae
1349 1173 1449 1231 sullicit
1470 1170 1683 1245 apprehendere
1700 1184 1815 1237 summa.

163 1263 242 1320 beate
268 1263 381 1333 uisitur,
395 1264 485 1319 nullus
507 1264 586 1320 nobis
599 1278 726 1320 accessus
747 1268 830 1334 patet,
845 1264 898 1319 nisi
914 1277 962 1334 per
1014 1281 1041 1331 ει
1054 1272 1149 1329 intima
1164 1274 1317 1339 prosecrare.
1342 1263 1386 1320 Αιι
1407 1277 1463 1318 nou
1477 1262 1530 1318 boc
1543 1258 1698 1331 spostolus
1710 1256 1816 1315 intelle·

163 1365 271 1424 corpus.
291 1351 420 1409 Senserat
442 1352 495 1408 hoc
517 1351 564 1424 qui
586 1351 712 1408 dicebat:
730 1351 886 1407 invisibilia
899 1353 962 1421 Dei,
1016 1363 1064 1430 xia,
1080 1359 1199 1433 quicum
1214 1356 1338 1412 diceret:
1358 1348 1470 1409 tans
1486 1349 1645 1409 motabilis
1659 1349 1714 1407 nat
1723 1364 1777 1421 per
1788 1362 1817 1405 st

162 1440 960 1514 porcoqaoesoctasont,intellectocmtspioiantnrlllom.
1016 1469 1078 1526 ‘1¹⁸oe
1096 1451 1176 1521 sacta
1196 1448 1266 1502 suat
1290 1442 1441 1500 intellecto
1463 1438 1704 1511 campidoniam
1723 1434 1817 1507 adjecit

164 1528 489 1599 t,20).1psssiquidem
508 1545 569 1601 quae
590 1528 661 1585 lacta
683 1535 756 1594 sunt,
771 1527 850 1585 idest
863 1542 963 1599 oorpo-
1021 1539 1154 1614 propinus,
1169 1553 1188 1592 a
1201 1536 1338 1591 creatura
1357 1528 1483 1587 mnndi?
1505 1525 1639 1584 Nimirum
1661 1524 1817 1599 quoniame

166 1614 232 1671 ralia
244 1623 272 1671 et
299 1615 416 1672 visibilia
438 1617 498 1685 ista,
524 1616 632 1673 uonnbi
656 1632 704 1688 per
725 1615 847 1686 corporis
868 1616 967 1671 lustru·
1021 1636 1146 1685 creatum
1159 1623 1229 1681 «210
1244 1636 1300 1678 non
1315 1620 1364 1676 ita.
1378 1616 1439 1687 Quo
1461 1616 1535 1673 enim
1548 1615 1574 1671 is
1586 1613 1734 1671 insolutus
1746 1627 1817 1670 erse

126 1690 129 1699 ¹
165 1711 287 1759 menium
301 1719 390 1773 ⁸0⁸⁸&
407 1706 433 1760 ³⁰
448 1711 567 1761 nostram
589 1703 712 1760 ΰῦῑῐῑῑῑῑῐῐῑ
735 1704 858 1760 lwttwi-
883 1705 968 1759 ΗΜ
984 1693 1007 1773 Β
1022 1724 1050 1774 et
1061 1724 1138 1771 terrae
1148 1711 1237 1768 incola
1247 1709 1370 1782 opimius,
1380 1702 1640 1763 eucoumderatione
1653 1700 1816 1759 msibilinn

165 1805 233 1862 ergo
247 1792 430 1848 necessarium
453 1807 552 1863 corpus
579 1791 728 1863 spiritualis
756 1801 880 1849 creatura
904 1807 965 1864 quae
1019 1803 1177 1880 proficiam,
1191 1797 1325 1874 gradatim
1340 1795 1461 1868 quodam
1474 1791 1558 1848 modo
1575 1788 1768 1862 paulatimque
1780 1788 1815 1843 ni·

166 1893 217 1936 nos
244 1896 350 1947 sumus,
381 1883 440 1936 stne
466 1896 520 1954 quo
548 1881 676 1937 nimirum
697 1897 869 1954 naquaquam
892 1880 966 1938 inam
1022 1888 1241 1964 ottarpamemrs
1256 1903 1263 1941 ε
1279 1899 1313 1941 eo
1327 1882 1373 1940 ios
1386 1874 1814 1952 octauumnmimoriuqeau
1845 1912 1848 1933 ,

164 1967 304 2024 wielilim
324 1968 491 2040 ”stillulis
506 1985 590 2044 quam
613 1969 700 2026 ⁸⁰¹³ffl
722 1969 826 2039 mli!
848 1969 966 2043 indum
1021 1981 1169 2041 subtilitate
1182 1993 1214 2034 ac
1228 1973 1395 2032 sublimitate
1408 1986 1468 2040 sua,
1485 1972 1511 2027 in
1532 1966 1609 2027 omni
1622 1965 1768 2024 volomtate
1779 1964 1812 2023 ia·

166 2053 201 2110 ad
219 2070 262 2122 ea,
276 2055 313 2112 de
327 2071 442 2129 quoram
462 2057 491 2113 fit
514 2057 671 2131 cognitione
693 2058 782 2116 beata.
797 2059 847 2115 liic
861 2059 884 2115 si
900 2060 966 2116 mibi
1021 2072 1175 2141 ostiamque
1196 2062 1336 2137 pertingit,
1360 2060 1437 2117 nullo
1461 2057 1555 2131 utique
1574 2070 1676 2112 sensns
1698 2050 1811 2127 corporei

166 2143 294 2215 objicitur
307 2145 342 2202 de
356 2145 476 2218 parvulis
485 2147 660 2219 regeneratis,
676 2148 749 2221 quod
763 2150 865 2221 absque
879 2147 967 2204 scieu-
1021 2155 1184 2217 adminicuto
1207 2152 1300 2218 tultus,
1323 2150 1399 2206 nulio
1425 2145 1549 2218 corporei
1572 2142 1696 2201 mambri
1716 2142 1810 2213 adimus
1841 2188 1844 2199 .

168 2233 205 2288 tia
226 2248 315 2290 rerum
342 2234 528 2309 corporalium
553 2246 684 2294 exeuntes
716 2238 749 2294 de
776 2252 902 2310 corpora,
931 2238 965 2292 ad
1021 2244 1122 2312 alticio,
1138 2240 1210 2298 nullo
1234 2251 1372 2310 corporea
1393 2234 1583 2308 cujuscunque
1602 2229 1646 2290 rei
1659 2229 1809 2289 idiomata
1841 2248 1844 2271 ¹

168 2320 272 2378 beatam
287 2323 368 2381 vitam
392 2326 566 2383 nibilominus
590 2327 705 2383 transire
727 2327 886 2395 credentum
901 2327 966 2383 bre-
1021 2333 1129 2391 iumitu.
1144 2331 1199 2387 cur
1214 2327 1287 2384 euim
1300 2327 1370 2382 inter
1383 2336 1499 2395 corpora
1518 2319 1677 2393 spirituale·
1689 2327 1809 2377 mltis?

168 2412 236 2467 niter
249 2413 403 2484 respondeo
417 2414 469 2472 hoo
494 2414 547 2472 illis
565 2415 689 2473 conferre
710 2416 834 2491 qratiam,
848 2430 903 2471 nou
918 2431 968 2470 na·
1022 2437 1130 2487 sensus,
1146 2433 1216 2491 qnos
1238 2416 1265 2471 iu
1288 2414 1359 2471 libro
1371 2412 1433 2470 vitae
1447 2419 1476 2467 et
1488 2411 1593 2483 absque
1606 2406 1809 2469 mnarmioioaa

168 2506 267 2556 turam.
280 2501 315 2557 Et
328 2502 394 2575 quid
408 2503 442 2559 ad
457 2520 501 2560 ma
518 2504 553 2561 de
577 2505 708 2562 miraculo
723 2505 783 2570 liei,
799 2505 848 2576 qui
862 2503 897 2560 do
920 2518 968 2558 ns·
1023 2512 1100 2585 tegit,
1114 2518 1141 2567 et
1155 2509 1256 2579 absque
1271 2502 1425 2560 difficultate
1440 2498 1588 2572 iutelligit?
1602 2514 1655 2555 cnr
1675 2496 1706 2553 in
1725 2494 1809 2553 endon
1839 2462 1845 2599 Ι

111 2634 121 2656 ,
169 2587 300 2645 toralibus
313 2590 438 2648 dissero?
1023 2602 1115 2658 vultus
1127 2597 1171 2655 sui
1185 2595 1290 2652 laboret
1303 2599 1428 2649 excutere
1440 2605 1525 2664 gram
1537 2588 1574 2645 da
1590 2586 1690 2658 paleis,
1708 2585 1742 2643 de
1759 2581 1809 2641 nris
1841 2604 1845 2657 ξ

205 2680 232 2733 i.
246 2679 305 2734 lam
320 2681 394 2752 quod
409 2690 437 2737 ot
449 2683 659 2754 supercoelestes
672 2681 786 2755 spiritus
794 2697 864 2755 opus
873 2696 970 2753 corpo-
1022 2688 1095 2754 vina,
1110 2693 1139 2741 et
1151 2685 1186 2741 de
1200 2696 1310 2739 amurca
1322 2681 1423 2744 oleum,
1437 2677 1485 2749 qui
1498 2692 1534 2733 ea
1548 2674 1681 2733 omnibus
1694 2672 1758 2733 satis
1767 2672 1810 2727 ab·

169 2764 243 2822 ribus
256 2767 382 2839 babeant,
399 2768 447 2825 illa
474 2772 592 2826 maxime
617 2779 706 2828 certos
724 2786 776 2826 uos
800 2771 882 2827 iaciat
894 2786 969 2832 vere,
1026 2778 1150 2848 undeque
1166 2773 1200 2829 ad
1225 2785 1334 2826 manum
1358 2768 1458 2824 habeti
1482 2764 1551 2836 Quis
1568 2763 1811 2823 mendicarum

169 2862 197 2910 et
209 2871 272 2913 vera
285 2858 376 2915 divina
397 2860 549 2928 sententia,
567 2860 664 2919 Nonne
677 2877 784 2928 omncs,
807 2860 857 2930 ait3
873 2860 968 2917 admi·
1022 2880 1100 2922 suum
1117 2880 1166 2936 per
1178 2863 1276 2918 domos
1289 2858 1402 2925 alienas,
1418 2855 1445 2911 in
1460 2870 1511 2911 sua
1529 2854 1678 2913 abundans
1690 2847 1812 2924 pmibast

170 2944 970 3023 abtratomiaptrttasmntmiasiinminutamamproptar
984 2966 1006 3045 Β
1020 2954 1083 3028 quis
1105 2962 1217 3024 puteum
1241 2948 1335 3005 ludere
1357 2953 1444 3014 curet,
1466 2951 1494 3001 et
1516 2943 1545 3000 in
1571 2950 1655 3000 terrm
1676 2937 1814 2997 risceubos

170 3047 215 3090 eos
230 3035 281 3107 qui
294 3034 491 3095 haereditatem
505 3040 737 3114 copiuutsalals's
746 3039 760 3094 .⁹
770 3038 866 3111 (licor.
878 3055 897 3105 ι,
911 3038 966 3110 ll).
1023 3057 1106 3098 vanas
1119 3054 1249 3112 aquarum
1263 3051 1326 3093 cum
1341 3034 1433 3090 labore
1455 3029 1559 3097 rimari,
1573 3029 1619 3088 ani
1632 3029 1707 3087 ultro
1717 3025 1815 3085 affatim

170 3121 303 3191 Quoniam
318 3141 384 3201 erqo
404 3128 485 3183 modo
499 3128 612 3198 implent
626 3128 806 3185 ministerium
817 3143 896 3184 suum
911 3127 971 3184 aba·
1022 3145 1107 3203 aquas
1120 3127 1244 3200 limpidas
1258 3123 1319 3179 lons
1332 3122 1409 3178 virus
1422 3119 1546 3177 emanat?
1558 3118 1617 3177 Nec
1629 3118 1729 3175 brutus
1740 3130 1814 3187 erqo,

171 3225 225 3276 que
239 3225 367 3282 corpore,
383 3217 533 3286 praesertim
551 3217 621 3287 apud
636 3217 760 3275 visentes
780 3216 808 3270 in
828 3214 969 3287 corporei
1022 3235 1072 3277 nec
1084 3216 1224 3291 angelicus
1245 3212 1355 3288 spiritus
1377 3210 1410 3266 ad
1433 3225 1467 3265 ea
1488 3207 1742 3281 capuamque
1755 3204 1815 3261 bsu-

173 3296 294 3370 Denique
316 3316 370 3356 non
393 3311 434 3357 ast
456 3302 617 3370 discurrere,
634 3320 685 3361 nec
704 3306 738 3361 de
756 3304 816 3361 loco
831 3304 865 3359 ad
879 3303 970 3360 locum
1023 3317 1077 3365 tam
1101 3305 1267 3376 spirituatem
1288 3299 1390 3358 iaciunt
1412 3306 1571 3363 creaturan,
1583 3294 1642 3351 aab
1660 3292 1720 3351 ullo
1732 3290 1817 3347 modo

173 3385 300 3452 transire,
315 3386 367 3443 nisi
391 3404 537 3462 corporum
554 3409 561 3446 ι
577 3393 651 3464 quod
673 3392 829 3465 frequenter
856 3390 971 3462 angelos
1023 3393 1373 3466 corporibusadJ'uvantuu
1389 3387 1434 3444 iile
1458 3385 1631 3460 quiusaprs
1650 3380 1818 3439 inumata-

172 3471 263 3528 tacere
282 3480 337 3531 tam
359 3475 520 3547 indubitata,
534 3495 617 3551 quam
631 3490 693 3536 nota
706 3482 802 3552 probat
816 3481 969 3536 auctoritas.
1023 3485 1124 3541 liditme
1139 3498 1194 3539 noa
1205 3480 1323 3552 capiens,
1338 3479 1388 3535 iste
1402 3491 1467 3535 vero
1481 3490 1531 3546 pro
1543 3470 1746 3531 mosllsntioria
1757 3468 1817 3544 qlo-

173 3559 241 3619 Hinc
254 3571 296 3619 eet
314 3565 388 3637 quod
403 3573 431 3625 ct
444 3566 575 3623 visisunt
590 3568 721 3639 patribus,
737 3569 812 3623 etad
826 3582 873 3624 eoa
884 3567 970 3623 intra-
1025 3575 1072 3631 rioe
1085 3570 1265 3648 praerogativa
1280 3582 1334 3624 non
1347 3566 1483 3636 indigens.

172 3660 278 3720 verunt,
288 3662 315 3711 et
330 3656 569 3727 manducaverunt,
584 3664 611 3714 et
627 3658 712 3727 pedes
726 3658 857 3715 laverunt.
872 3657 912 3712 lta
926 3656 971 3711 in·
1060 3664 1087 3721 5,
1102 3664 1186 3718 Porro
1199 3657 1318 3715 hominis
1331 3654 1467 3729 spiritum,
1482 3651 1529 3725 qui
1542 3648 1666 3707 medium
1678 3646 1815 3721 quentis·

173 3740 256 3799 serior
270 3743 449 3818 superiorque
461 3746 574 3819 spiritus
584 3747 869 3819 propriiscorponbus
878 3751 970 3818 egent,
1023 3752 1094 3808 inser
1108 3763 1266 3822 supremum
1280 3753 1307 3802 et
1321 3742 1443 3800 infimum
1455 3747 1530 3799 tenet
1541 3732 1816 3809 loculentam&

172 3831 222 3888 sed
242 3835 348 3889 tantum
363 3834 446 3908 [alios
461 3836 569 3910 mmenl,
584 3837 686 3911 quibus
696 3838 805 3909 juvent,
821 3852 876 3893 uon
890 3836 971 3892 etiam
1024 3841 1057 3896 ad
1071 3848 1218 3910 utrumqne
1232 3832 1417 3892 necessarium
1426 3830 1526 3887 babere
1538 3840 1641 3897 corpus
1653 3822 1818 3881 maniiutntn

172 3920 312 3990 juventur.
1024 3938 1075 4000 est,
1092 3936 1121 3984 ut
1134 3927 1236 3998 absque
1250 3939 1284 3980 eo
1304 3938 1354 3978 nec
1374 3920 1435 3993 ipse
1449 3916 1591 3989 proficere,
1607 3928 1661 3971 neo
1672 3912 1751 3971 *iffi
1761 3924 1819 3984 ΡΝ·

211 4011 239 4063 3.
259 4011 295 4066 tt
317 4026 399 4082 pecus
421 4011 531 4082 quidem
556 4030 589 4069 ex
611 4014 704 4071 debito
727 4008 877 4079 seivitutis,
893 4020 920 4067 et
938 4011 973 4066 ad
1025 4019 1105 4075 dass
1124 4016 1222 4090 possit.
1246 4014 1325 4076 Nam,
1347 4019 1377 4067 nt
1401 4018 1501 4066 taceam
1512 4003 1819 4061 msmbnoelfflm·

175 4112 243 4153 usus
257 4106 360 4155 tantum
373 4100 566 4172 temporalium
577 4103 812 4173 corporaliumque
825 4098 974 4157 necessita·
1026 4107 1112 4180 poris,
1122 4103 1247 4161 officiave
1262 4101 1462 4164 membrorum
1478 4108 1598 4166 quonam
1610 4091 1708 4157 ntodm
1720 4101 1817 4163 quw,

174 4195 233 4244 tum
253 4189 374 4259 juvando
398 4189 503 4260 sartit3
526 4190 644 4264 ideoque
667 4192 711 4250 ille
730 4191 844 4265 spiritus
864 4200 972 4247 etcum
1026 4203 1072 4253 sut
1086 4194 1148 4250 sins
1162 4192 1256 4264 lingua
1269 4188 1382 4244 instruis
1395 4183 1560 4249 audientem,
1575 4189 1624 4239 ant
1636 4180 1701 4239 sina
1720 4177 1820 4235 auribus

175 4285 300 4349 tempore
328 4279 434 4350 transit,
466 4288 493 4335 et
520 4294 582 4335 cum
607 4295 721 4352 corpore
744 4277 848 4336 deficit.
875 4278 974 4335 Servus
989 4275 1013 4353 n
1027 4282 1144 4357 percipis
1158 4275 1354 4336 instruentem?

174 4365 275 4438 quippe
298 4381 352 4423 uon
375 4378 467 4425 manet
488 4368 517 4424 in
535 4368 617 4424 domo
632 4370 660 4425 in
686 4378 826 4436 amanum,
850 4367 912 4423 licet
928 4366 975 4437 qni
1064 4375 1092 4426 6.
1117 4372 1210 4440 ltaque
1232 4383 1292 4425 cum
1313 4366 1417 4436 absque
1436 4359 1561 4434 corporis
1585 4355 1759 4417 adminiculo
1779 4366 1820 4411 ast

175 4454 246 4510 beue
269 4471 302 4512 eo
327 4465 447 4527 utuntur,
469 4472 576 4515 omnem
601 4473 682 4514 usum
710 4457 793 4528 hujus
820 4454 975 4527 temporalis
1028 4458 1148 4517 bestialis
1162 4455 1274 4529 spiritus
1286 4449 1570 4512 servilisoonditiotti·
1579 4444 1819 4509 ⁸0¹va

175 4542 311 4600 servitutis
331 4543 366 4599 ad
380 4553 514 4617 quaestum
529 4545 650 4602 referant
662 4553 834 4602 oemrnorum.
850 4543 975 4618 Angelus
1028 4563 1078 4604 nec
1091 4545 1239 4620 spiritualis
1251 4542 1424 4613 caelestisque
1439 4545 1563 4595 creatura
1576 4534 1694 4608 implere
1708 4531 1821 4591 ministe-

174 4646 240 4689 sero
257 4639 335 4689 curat
358 4634 512 4706 satagitque
536 4634 563 4690 in
587 4635 708 4691 libertate
726 4635 838 4706 spiritus
855 4631 972 4687 admini·
1027 4636 1097 4693 rium
1119 4633 1239 4706 pietatis,
1260 4647 1311 4688 neo
1334 4627 1473 4686 mundalis
1498 4624 1589 4681 mima
1612 4632 1670 4681 tam
1691 4620 1821 4695 proxim·

175 4730 263 4778 strare
275 4720 396 4780 officinm
411 4722 531 4794 pietatis,
546 4721 699 4779 futurorum
718 4722 853 4779 bonomm
867 4735 975 4791 promp-
1026 4740 1108 4797 quam
1123 4723 1205 4779 etiem
1218 4720 1271 4776 sibi
1293 4716 1409 4775 sufficiat
1431 4711 1623 4773 consuleread
1645 4706 1822 4777 salntsmli-

179 4820 234 4867 tum
257 4811 417 4867 mortalibus
436 4812 606 4884 alacremque
633 4811 785 4868 ministrum
812 4826 874 4866 sese
902 4809 976 4867 asbi-
1027 4820 1091 4885 quet
1105 4826 1213 4868 omnem
1229 4819 1350 4865 creatum
1365 4804 1499 4878 spiritum,
1515 4804 1573 4861 sire
1585 4806 1617 4857 ut
1628 4797 1824 4871 juraturos

176 4900 253 4970 bens,
269 4909 361 4973 utpote
375 4901 431 4958 suis
447 4902 475 4957 in
494 4911 623 4957 atomum
645 4899 743 4957 futuris
765 4898 870 4956 civibus
891 4898 974 4971 [alios
1026 4905 1137 4974 juretur
1160 4898 1240 4955 simul
1262 4908 1291 4954 et
1312 4898 1399 4968 juset,
1422 4904 1555 4964 corporeo
1570 4902 1690 4961 prorsus
1708 4885 1823 4961 indiqu!

176 4987 354 5064 concivibus]‚
370 4998 397 5045 et
421 4989 608 5046 coheredibus
638 5004 763 5060 supernae
788 4987 974 5058 jucunditatis.
1028 4990 1134 5049 minuo.
1149 4987 1219 5056 Quid
1244 4986 1316 5044 enim
1339 4986 1364 5041 si
1386 4998 1439 5055 qua
1460 4976 1617 5043 animantia.
1636 4970 1824 5050 quaunsntl

176 5077 226 5135 llle
239 5092 307 5151 erqo
321 5089 350 5135 ut
362 5080 424 5149 jure
439 5081 551 5146 serviat,
566 5078 617 5134 istc
635 5086 666 5135 ut
681 5077 725 5149 pie
748 5075 899 5141 subveniat,
916 5091 975 5129 am·
1028 5095 1107 5138 usum
1131 5077 1185 5146 sui,
1209 5074 1376 5149 reperiantur
1398 5065 1580 5134 incommoda.
1604 5064 1752 5138 nullisque
1773 5068 1825 5135 apli

179 5167 213 5221 bn
233 5166 325 5238 procul
345 5166 429 5225 dubio
452 5168 512 5225 suis
535 5168 694 5242 corporibus
716 5174 798 5240 egent
819 5173 850 5222 ut
869 5165 976 5235 juvent.
1030 5169 1125 5226 usibus
1137 5168 1316 5223 humanarum
1339 5154 1546 5219 necessitatum?
1568 5154 1688 5211 Primi
1712 5150 1824 5227 W

179 5254 246 5311 Nam
271 5254 299 5310 in
316 5269 372 5326 quo
386 5254 438 5329 ipsi
452 5257 493 5314 eis
505 5257 644 5329 inventur,
665 5270 721 5312 non
733 5255 824 5321 rideo,
840 5254 873 5310 ad
889 5251 978 5325 proie-
1029 5259 1104 5326 abu,
1122 5257 1176 5314 etsi
1195 5272 1250 5313 nou
1272 5268 1339 5321 usu;
1365 5248 1473 5307 utiliora
1499 5242 1631 5302 cordibus
1657 5240 1825 5305 intusum

180 5350 256 5400 otum
274 5343 406 5401 duntaxat
418 5343 769 5405 aternitatislrratioualis
783 5360 881 5417 nempe
894 5340 978 5413 spiri·
1031 5362 1115 5422 quam
1129 5344 1260 5403 utentium
1275 5355 1336 5399 esse
1351 5334 1511 5409 corporibus
1524 5328 1826 5404 posent-Elabunii&
1858 5348 1860 5355 ·

181 5441 235 5495 tus.
250 5434 301 5491 etsi
314 5433 465 5505 corporalia
481 5449 531 5506 per
544 5434 749 5507 corpusetipae
762 5434 868 5492 hauriat
883 5450 891 5488 ι
907 5448 978 5489 nun·
1030 5435 1080 5493 etsi
1108 5434 1189 5491 etiam
1217 5430 1367 5505 peruiciosa
1395 5420 1538 5496 temporali
1561 5418 1712 5479 bominum
1734 5418 1827 5477 Μ

181 5522 248 5597 quid
262 5529 350 5582 tamm
365 5538 487 5598 eousqns
512 5523 624 5594 juvatur
650 5537 849 5597 commemo,
873 5529 903 5579 nt
930 5535 980 5594 per
1033 5540 1094 5583 esso
1117 5522 1216 5594 'saluti3
1241 5536 1293 5578 nou
1325 5526 1414 5575 amau
1441 5514 1520 5571 deest
1549 5524 1648 5569 aarum
1674 5504 1826 5583 corpori!
