3734 5948
104 266 157 322 ΘΒ

566 262 595 322 Β.
615 264 789 324 nauatam
803 262 946 323 anmals
964 257 1292 321 ctaamtattttrtsts

1700 246 1755 307 bil

103 398 215 448 excusat
236 406 306 460 cam,
336 390 467 446 etiamst
488 389 581 446 laudat
603 397 748 447 tacentem.
777 390 901 464 Denique
918 402 949 481 fl·
959 387 1119 460 impugnant
1127 394 1155 442 et
1164 388 1365 458 persequuntur
1373 394 1434 437 nos.
1443 379 1479 435 Et
1487 378 1522 434 ad
1533 378 1592 434 baec
1601 372 1756 443 toleranda,

101 478 167 535 illud
179 487 297 552 'quamae
318 477 515 550 prerogativae,
535 486 643 551 quantae
657 477 824 535 excellantiae
843 477 902 549 luit,

103 568 177 642 quod
191 575 403 641 resurgentem
415 569 527 626 mortuis
534 569 621 641 prima
630 568 829 639 videre,prima
847 574 905 623 tan·

103 666 171 728 gere
185 657 284 714 meruit
298 657 375 730 (53)i

140 749 167 802 o.
194 745 248 802 Sed
272 747 327 818 jam
342 754 513 803 transeamus
527 746 561 802 ad
581 745 644 802 alia.
668 747 772 803 Bonum
796 746 905 819 quidem

104 843 147 892 est
158 851 209 894 nos
223 835 267 893 bic
281 852 352 902 esse,
368 835 415 891 ubi
429 834 507 890 datur
522 834 621 892 fiducia
636 835 841 908 peccatoribus3
857 834 906 891 sed

35 914 45 927 ’
104 931 214 999 oportet
227 926 308 981 etiam
323 933 421 982 catara
441 939 496 982 non
516 933 616 982 tacere.
639 927 734 998 ltaque
755 933 782 983 et
795 926 823 981 in
837 940 906 982 con-

105 1015 218 1072 tinentia
232 1014 301 1085 ipsa,
318 1029 380 1085 quae
394 1021 437 1070 est
459 1014 537 1085 panis
555 1014 675 1087 quintus,
697 1015 745 1070 tria
770 1013 907 1071 nibilomi-

105 1115 157 1155 nus
164 1097 283 1165 invenio,
295 1096 368 1154 unde
378 1097 475 1154 merito
489 1098 605 1155 clamare
614 1099 715 1170 possim
732 1114 738 1152 :
758 1101 828 1169 Quin
837 1099 907 1170 fecit

105 1188 178 1244 mibi
187 1201 292 1259 mnpnu
302 1187 455 1259 quipoteas
466 1187 589 1258 estuare.
602 1205 622 1255 t,
634 1191 688 1260 49).
706 1189 785 1244 Forte
795 1203 906 1259 parvum

104 1274 207 1348 aliquid
221 1275 353 1348 reputatis
367 1274 560 1333 continentiam
580 1284 714 1343 vestram·
730 1278 780 1333 sed
790 1294 842 1348 ego
852 1292 906 1332 non

105 1362 154 1421 ita.
170 1364 231 1421 Scio
247 1364 319 1420 cuim
335 1379 403 1437 quos
418 1365 518 1420 habeat
526 1372 741 1438 oppugnatores,
757 1374 785 1420 et
799 1371 907 1436 quantur

106 1453 179 1510 illam
196 1467 310 1510 necesse
331 1453 366 1508 sit
389 1468 451 1508 esse
474 1453 590 1520 virtutis,
616 1460 645 1508 ut
667 1454 753 1525 possit
779 1453 907 1509 resistere

107 1540 216 1598 talibus.
233 1541 337 1597 Primus
354 1541 487 1612 siqnidem
509 1540 683 1598 continentiae
701 1549 800 1600 nostrae
822 1540 908 1598 bostis

107 1645 171 1689 caro
198 1638 250 1696 est,
274 1629 406 1687 adversus
433 1629 555 1702 spiritum
588 1630 795 1702 concupiscens.
820 1629 907 1699 Quam

959 493 994 533 ue
1021 477 1108 532 dicam
1118 473 1281 548 superanda,
1297 471 1357 544 quis
1366 465 1603 525 idoneustCredo
1611 465 1666 535 jam
1676 463 1755 520 robis

959 566 1128 637 aliquatenus
1159 561 1304 620 innotescit
1336 557 1510 617 continentiae
1542 552 1704 632 difficultas,
1726 559 1756 609 ut

959 657 1034 727 juxta
1048 655 1208 726 Apostolum
1223 649 1313 708 sciatis
1331 663 1392 722 quae
1415 647 1503 703 alteo
1517 645 1616 699 donata
1629 649 1694 699 sunt
1708 657 1755 700 vo·

960 743 1002 800 bis
1017 745 1043 813 (l
1051 744 1112 801 Cor.
1123 759 1153 809 11,
1166 743 1220 812 la).
1237 739 1355 796 Omnino
1373 735 1445 794 anim
1468 733 1495 789 in
1509 732 1625 790 Domino
1642 729 1757 787 facimus

961 835 1031 888 lianc
1045 830 1180 900 virtutem,
1197 829 1295 901 etipse
1311 828 1345 883 ad
1355 824 1467 882 nihilum
1477 822 1586 879 deducit
1596 820 1756 876 tribulantes

960 937 1021 979 nos.
1037 922 1097 993 lpse
1112 929 1154 977 est
1169 919 1214 993 qui
1238 933 1292 975 nou
1317 917 1397 973 modo
1419 929 1528 971 carnem
1548 918 1670 967 nostram
1693 924 1756 964 cunr

961 1010 1187 1083 concupiscentiis
1200 1010 1268 1079 suis,
1290 1008 1338 1064 scd
1364 1013 1391 1062 ct
1411 1019 1532 1078 praesens
1554 999 1684 1058 sacculum
1707 1012 1756 1052 ne·

962 1116 1043 1173 quarn
1062 1117 1123 1156 cum
1141 1098 1340 1157 curiositatibus
1359 1101 1387 1154 et
1405 1090 1566 1151 vanitatibus
1588 1088 1654 1155 suis,
1674 1087 1757 1143 ctiam

962 1197 990 1245 et
1006 1189 1094 1261 ipsum
1113 1203 1174 1245 curn
1197 1185 1390 1245 tentationibus
1413 1182 1469 1238 suis
1492 1179 1608 1238 conterit
1629 1178 1757 1234 Saunarn

961 1280 1012 1334 sub
1025 1279 1140 1350 pedibus
1159 1276 1268 1332 nostris.
1291 1273 1419 1345 Nunquid
1442 1287 1497 1327 non
1520 1268 1616 1326 merito
1635 1264 1757 1321 dixeram

961 1361 1388 1428 inveniendumincontinentia,
1413 1359 1485 1416 unde
1508 1358 1668 1415 clamarem:
1687 1353 1758 1423 Quin

961 1459 1030 1528 fecit
1047 1456 1119 1513 mitt
1132 1470 1235 1527 moqna
1248 1453 1299 1525 qui
1310 1446 1487 1525 potensest?
1578 1489 1580 1492 .

997 1548 1024 1599 6.
1038 1544 1098 1598 lam
1113 1557 1177 1600 vero
1198 1540 1266 1597 sexti
1289 1537 1369 1612 panis
1390 1537 1541 1611 fragmenta
1563 1530 1686 1603 accipite.
1711 1531 1760 1585 Est

962 1641 1050 1690 autem
1066 1632 1144 1704 panis
1167 1631 1218 1687 istc
1242 1628 1329 1701 gratia
1354 1622 1538 1697 promerendi,
1559 1621 1634 1678 bona
1656 1618 1760 1674 scilicet

108 1720 272 1778 domesticus
293 1718 392 1776 hostisl
419 1735 500 1792 quam
529 1719 682 1790 periculosa
714 1720 801 1776 lucta!
825 1734 907 1792 quam
924 1710 946 1788 Β
961 1730 1071 1780 aetcrnac
1084 1721 1156 1777 vitae.
1173 1717 1260 1788 Quam
1274 1715 1388 1789 gratiam
1410 1713 1437 1767 in
1456 1711 1541 1768 tribus
1559 1708 1676 1765 maxime
1691 1723 1758 1763 con·

106 1809 265 1868 intestinum
278 1808 392 1864 bellum!
411 1809 524 1865 Hostem
539 1810 611 1865 hunc
624 1808 841 1865 curticlissimum
857 1823 908 1864 nec
962 1819 1033 1868 stare
1057 1809 1188 1866 arbitror:
1213 1807 1240 1861 in
1261 1805 1325 1862 odio
1349 1798 1548 1875 praeteritorum
1572 1796 1716 1864 malorum,
1732 1804 1760 1851 ct

107 1897 205 1971 iugera
220 1912 374 1968 possumus,
386 1910 402 1952 o
412 1895 502 1951 anima
516 1911 587 1960 mea,
604 1912 655 1953 nec
669 1898 778 1969 lugam
791 1896 907 1952 circum·
961 1907 1116 1971 contemptu
1133 1894 1307 1968 praesentium
1321 1894 1465 1960 bonorum,
1481 1898 1510 1944 et
1526 1884 1662 1944 desiderio
1681 1883 1758 1939 lutu-

108 1987 180 2044 lerre
193 1985 268 2042 illurn
283 1992 458 2052 necesseest,
475 1985 603 2057 quoniam
623 1984 747 2059 alligatus
759 1984 906 2042 estnobis:
963 2003 1063 2044 rorum.
1085 1986 1222 2058 Septimus
1239 1997 1348 2056 quoque
1368 1979 1445 2052 panis
1463 1986 1505 2034 est
1523 1992 1587 2049 spes
1604 1973 1758 2042 obtinendi,

109 2092 181 2144 naut,
197 2075 271 2148 qnod
293 2072 472 2146 periculosius
490 2083 531 2131 cst
546 2082 575 2131 et
595 2073 786 2141 miserabilius,
801 2076 908 2130 hostem
962 2080 1040 2148 cujus
1057 2075 1231 2133 nihilominus
1255 2082 1335 2129 teneo
1356 2070 1509 2143 fragmenta
1531 2065 1598 2133 tria3
1612 2071 1640 2121 et
1664 2076 1760 2119 eorum

109 2171 231 2221 nostrum
245 2163 296 2235 ipsi
309 2163 432 2237 cogimur
446 2169 610 2231 sustentare,
627 2162 762 2235 perimere
777 2179 839 2218 cum
853 2178 908 2219 uon
963 2182 1043 2239 sapor
1061 2164 1147 2222 dulcis
1169 2162 1316 2219 admodum
1330 2157 1431 2236 gutturi
1454 2170 1525 2212 men.
1540 2152 1612 2222 Tria,
1636 2150 1758 2222 inquam,

109 2251 183 2308 licet.
199 2250 267 2309 Vide
281 2267 348 2324 ergo
362 2267 444 2323 quam
458 2250 573 2309 sollicite
593 2258 620 2308 te
643 2252 780 2308 custodire
795 2266 909 2307 necesse
962 2262 1025 2311 sunt
1039 2270 1099 2327 quac
1115 2253 1155 2310 sic
1172 2253 1302 2309 roborant
1322 2256 1350 2307 et
1369 2246 1530 2306 conlirmant
1547 2258 1594 2300 cor
1614 2255 1716 2307 merim,
1731 2245 1761 2293 ut

109 2340 144 2395 sit
158 2341 193 2396 ab
207 2354 249 2406 ea,
265 2355 326 2411 quae
344 2340 444 2396 dormit
462 2339 491 2394 in
502 2341 562 2396 sinu
577 2347 632 2398 tuo.
652 2340 844 2397 Verumtamen
854 2355 909 2398 non
964 2344 1036 2400 nulla
1063 2359 1106 2399 mc
1134 2341 1246 2414 penurie
1276 2339 1445 2406 meritorum,
1473 2333 1548 2390 nulla
1578 2327 1760 2388 consideratio

111 2435 153 2485 cst
167 2427 211 2484 bic
225 2427 298 2483 solus
316 2427 487 2483 adversarius
506 2429 585 2496 mibi;
606 2429 688 2485 aliurn
708 2429 796 2486 adbuc
809 2430 908 2497 habeo,
963 2433 1081 2506 propriae
1090 2431 1209 2497 vilitatis,
1233 2429 1306 2485 nulla
1322 2425 1463 2484 aestimatio
1476 2420 1595 2481 coelestis
1613 2416 1759 2476 beatitudi-

110 2516 157 2589 qui
171 2515 356 2573 circumcinxit
370 2523 398 2572 et
411 2514 519 2571 obsedit
533 2531 576 2572 mc
592 2517 711 2589 undique
729 2534 735 2572 :
753 2525 779 2574 et
794 2517 817 2572 si
832 2518 911 2591 igno·
963 2525 1016 2591 nis,
1032 2521 1216 2580 abaltitudiua
1237 2519 1296 2591 spei
1315 2517 1434 2588 dejicere
1448 2512 1533 2585 possit
1551 2511 1578 2565 in
1597 2524 1631 2565 ea
1646 2506 1761 2563 firmiter

110 2602 187 2671 r'atis,
205 2602 347 2660 hostisille
362 2609 541 2673 cstpraesens
555 2605 685 2661 sarculum
701 2608 911 2678 nequamcon·
964 2612 1123 2668 radicatum.
1159 2606 1325 2664 Desideratis
1363 2621 1405 2670 ea,
1434 2618 1468 2657 an
1499 2595 1664 2657 reservanda
1698 2603 1761 2651 sunt

111 2691 192 2750 clusit
204 2690 328 2747 inimicus
346 2691 404 2748 vias
431 2706 517 2758 meas,
544 2699 571 2749 et
592 2709 643 2765 per
663 2695 783 2767 quinque
807 2704 909 2768 portas,
964 2708 1075 2773 proptor
1089 2715 1150 2754 eum
1165 2697 1211 2768 qui
1225 2695 1305 2750 dixit:
1328 2695 1379 2751 llct
1397 2686 1672 2750 tuomutttcmmtc
1687 2685 1761 2758 quod

110 2780 231 2855 quinque
245 2779 371 2837 videlicet
385 2780 625 2852 commiscemus,
636 2782 734 2852 jaculis
748 2784 804 2838 suis
818 2783 912 2841 vulne·
963 2790 1072 2863 sufficit
1087 2789 1138 2845 tibi
1152 2787 1242 2858 (Pron.
1255 2800 1325 2853 axv,
1337 2784 1391 2854 16).
1407 2781 1454 2838 Sic
1474 2777 1626 2850 completur
1638 2773 1762 2847 qnotidie

110 2878 153 2927 rat
167 2868 316 2943 molatura,
333 2869 434 2941 appetit
449 2868 513 2941 mel,
530 2877 559 2925 et
580 2887 654 2927 mors
677 2871 760 2927 intrat
775 2872 912 2943 perteue·
964 2878 1035 2954 qnod
1055 2878 1090 2933 de
1113 2892 1142 2932 so
1167 2874 1227 2946 ipsa
1255 2871 1393 2944 Sapientia
1421 2865 1606 2942 prophetarit:
1636 2872 1665 2919 et
1687 2877 1762 2918 nunc

112 2966 182 3016 atras
200 2974 286 3016 meas.
303 2957 433 3015 Sullrcerc
453 2957 536 3014 nimis
550 2967 676 3031 poterant
695 2961 739 3017 isti
759 2962 826 3018 duo:
849 2962 909 3031 sed,
965 2968 1082 3038 idipsum
1096 2965 1185 3033 video,
1201 2961 1328 3036 quoniam
1342 2961 1393 3033 qni
1410 2958 1498 3017 edunt
1519 2971 1574 3024 uae,
1590 2952 1649 3022 ait,
1669 2949 1762 3007 adbuc

111 3050 166 3105 heu
179 3047 238 3104 mel
255 3063 319 3105 ecce
332 3047 412 3104 video
431 3054 542 3104 ventum
561 3049 679 3105 validum
705 3050 861 3108 venientem
876 3054 911 3109 ab
926 3012 948 3091 c
965 3054 1198 3126 esuriantlbccli.
1209 3067 1287 3119 xxiv,
1300 3045 1597 3118 29).Proindencnvos
1604 3039 1762 3113 protraham

112 3138 249 3211 aquilone,
265 3153 281 3192 a
296 3151 349 3209 qno
359 3136 487 3208 panditur
502 3152 583 3195 omne
597 3139 708 3194 malurn.
721 3139 755 3194 Et
766 3156 838 3197 nunc
847 3141 911 3213 quid
966 3147 1045 3213 ultra,
1061 3145 1110 3201 sed
1129 3159 1179 3199 uec
1197 3149 1316 3199 vestram
1331 3138 1460 3194 fraudabo
1484 3132 1618 3198 esuriem
1633 3128 1764 3204 quoniam

112 3233 240 3296 superest
250 3224 342 3280 allodi
351 3227 479 3292 Domine,
496 3227 574 3284 salvo
588 3231 785 3302 anamalibus
798 3230 910 3299 (nutat.
966 3235 1075 3309 quidem
1090 3234 1130 3289 sic
1143 3241 1252 3305 paratos
1265 3244 1314 3287 vos
1326 3228 1415 3292 video,
1431 3224 1495 3281 acsi
1515 3222 1630 3278 necdum
1640 3232 1764 3290 sumpse·

113 3313 242 3384 rums).
258 3313 330 3368 Ecce
350 3312 423 3368 enim
442 3313 557 3370 malleus
575 3315 710 3372 universae
727 3325 823 3383 tarrae3
848 3335 912 3376 ecce
968 3325 1026 3381 ritis
1039 3323 1196 3397 quidquam.
1212 3318 1273 3375 Tria
1290 3317 1442 3382 considero,
1463 3313 1491 3369 in
1511 3310 1610 3385 quibus
1629 3313 1684 3365 tota
1700 3321 1767 3379 spes

113 3416 239 3472 serpens,
254 3398 376 3456 callidior
385 3399 490 3455 cunctis
500 3400 773 3471 animantibus3ecce
787 3404 913 3463 inimicus
947 3428 1028 3468 vmca
1059 3408 1194 3466 consistit:
1228 3406 1386 3462 charitatem
1414 3399 1580 3472 adoptionis,
1620 3395 1764 3454 veritatem

114 3487 170 3554 ille,
186 3502 267 3560 (luem
280 3502 332 3544 nac
345 3487 576 3559 tiderepossum:
599 3499 701 3563 quanto
720 3492 810 3549 minus
828 3509 911 3552 cave·
967 3497 1164 3573 promissionis,
1210 3501 1370 3567 potestatem
1409 3486 1577 3547 redditionis.
1612 3485 1765 3540 Murmuret

115 3577 269 3648 relNeque
285 3575 359 3631 euim
379 3584 421 3632 est
444 3576 597 3635 colluctatio
621 3595 733 3637 servare
757 3582 913 3641 volentibus
966 3595 1033 3664 jam,
1056 3593 1186 3660 quantum
1199 3583 1324 3648 voluerit,
1344 3579 1476 3653 insipiens
1493 3574 1621 3650 cogitatio
1635 3588 1708 3642 maa,
1725 3571 1766 3627 di·

115 3664 325 3724 continentiam:
346 3665 542 3723 cnutinentiam
561 3674 651 3726 antem
669 3669 731 3726 dico
749 3686 804 3726 non
821 3685 838 3724 a
856 3673 914 3729 sola
968 3695 1047 3736 cens:
1064 3675 1129 3745 Quia
1142 3673 1214 3730 anim
1232 3688 1263 3729 es
1287 3679 1326 3737 tn,
1342 3676 1387 3726 aut
1410 3675 1510 3741 quanta
1533 3672 1576 3722 est
1598 3662 1644 3719 illa
1665 3660 1766 3735 gloria,

114 3754 232 3823 luxuria,
257 3753 335 3810 seda
359 3755 466 3811 caeteris
489 3770 606 3828 quoque,
620 3757 699 3813 ‘sicut
722 3774 835 3815 neccsse
861 3768 913 3828 est,
968 3768 1099 3840 quibusve
1129 3762 1233 3819 moritis
1261 3762 1330 3816 hanc
1363 3757 1487 3815 obtinere
1516 3752 1628 3826 speras?
1650 3752 1685 3807 Et
1712 3765 1766 3823 ego

115 3842 188 3900 vitiis
210 3849 237 3897 et
253 3842 383 3913 peccatis:
401 3860 455 3899 non
479 3851 521 3901 cst
542 3843 594 3900 illis
610 3846 762 3902 colluctatio
785 3847 915 3905 adversus
969 3855 1129 3912 fiducialiter
1144 3850 1330 3923 respondebo:
1347 3846 1408 3904 Scio
1432 3844 1474 3902 cui
1498 3841 1612 3908 credidi.
1627 3848 1655 3897 el
1674 3847 1768 3895 terim

117 3936 268 3987 amanet
281 3930 441 4002 sanguinem
457 3933 916 4010 tantum‚sedadversusprincipes
969 3962 1027 4002 snm
1055 3943 1119 4018 quia
1145 3942 1173 3997 in
1188 3938 1317 3997 oramate
1344 3935 1427 3992 nimia
1455 3932 1593 4006 adoptavit
1622 3945 1676 3996 me,
1703 3927 1769 4000 quia

59 4087 68 4099 ,
118 4027 147 4076 el
168 4026 327 4093 potestates.
347 4019 478 4077 advertus
491 4021 585 4076 mundi
601 4030 720 4082 tectores
741 4027 916 4084 tenebratum
969 4050 1050 4092 verax
1064 4032 1092 4090 in
1115 4030 1305 4104 promissione,
1330 4026 1393 4099 quia
1413 4032 1512 4097 potens
1535 4021 1563 4077 in
1584 4016 1767 4076 exhibitione:

119 4111 225 4175 harum,
251 4111 345 4163 contra
374 4106 522 4179 spiritualia
549 4109 679 4181 nequitiae
703 4112 730 4166 in
758 4112 916 4170 coelestibus
969 4124 1031 4181 licet
1054 4122 1126 4179 enim
1150 4120 1176 4178 ei
1198 4119 1287 4176 lacero
1312 4114 1383 4190 quod
1406 4113 1531 4171 voluerit.
1556 4109 1671 4176 llicest
1696 4105 1769 4162 toni.

118 4197 229 4271 (Ephdb
245 4210 283 4262 vt,
302 4195 356 4268 12)·
372 4196 406 4252 Ei
425 4197 484 4268 (luis
499 4203 542 4252 ²⁸²
555 4197 601 4270 qui
618 4199 707 4267 iacula
724 4197 809 4259 9⁴3
821 4218 915 4261 e0tum
969 4213 1045 4269 culus
1068 4210 1165 4284 triplex
1189 4208 1235 4281 qui
1257 4204 1367 4262 difficile
1390 4201 1532 4273 rumpitur,
1557 4213 1638 4271 quem
1657 4195 1769 4250 nobisa

118 4285 201 4359 ignea
219 4283 304 4356 possit
326 4284 519 4359 exstinquere?
542 4287 720 4345 Poroucruot
738 4290 812 4345 enim
828 4297 914 4366 sopit·
971 4297 1057 4371 patria
1081 4303 1172 4353 nostra
1197 4294 1223 4349 in
1250 4294 1322 4349 hunc
1345 4304 1483 4348 carcerom
1506 4299 1593 4357 usquc
1617 4281 1768 4339 demissum

120 4378 164 4431 tot
178 4390 244 4431 suot
257 4375 289 4428 in
301 4374 450 4446 pharetro,
460 4379 495 4431 ut
507 4379 643 4448 sopitteut
654 4380 685 4434 io
701 4380 812 4439 obscuro
825 4389 915 4441 rector
971 4386 1092 4455 tirmiter,
1118 4385 1244 4450 obsecro,
1268 4389 1422 4437 teneamus:
1440 4385 1469 4433 ut
1487 4376 1544 4448 ipsc
1560 4388 1610 4429 nos
1628 4371 1769 4437 sublevet,

119 4460 916 4532 cordell’aal.x,3l;sedetnnrraucrnntatabsconderent
970 4472 1029 4545 ipse
1044 4487 1095 4528 nos
1117 4471 1203 4527 trabat
1222 4476 1249 4525 et
1270 4467 1410 4538 pertrahat
1432 4460 1568 4534 usquead
1587 4462 1767 4530 conspectum

118 4551 440 4626 loquebaetdixerurtt:
455 4554 915 4630 Quavidcbttsor?(esulanus.
970 4561 1064 4635 gloriae
1089 4559 1181 4633 magni
1204 4557 1263 4627 nei,
1288 4556 1333 4629 qui
1359 4562 1400 4612 cst
1424 4550 1583 4610 benedictus
1611 4545 1768 4604 insaecula.

118 4641 196 4698 Nunc
209 4640 320 4713 quidem
338 4648 431 4712 aperte
455 4648 483 4698 ct
507 4642 649 4712 violenter,
675 4662 748 4704 nunc
769 4650 874 4706 occulte
889 4659 917 4707 et
971 4654 1074 4708 lmen.

116 4728 314 4797 fraudulenter,
333 4745 443 4801 semper
464 4736 555 4787 antem
575 4731 707 4792 malitiose
722 4744 750 4792 ct
768 4737 915 4796 crudeliter

660 4983 737 5048 PRO
757 4985 941 5054 uolttrttca
962 4985 1222 5054 tuuvuubttts.

438 5111 556 5172 suano
571 5115 592 5171 Ι,
969 5124 1187 5192 staturosum
1194 5110 1767 5193 pletrncrotomniaterromajestatscjua.

118 5198 843 5279 cruciabatque«tutbomtuumreumtamp
859 5216 914 5268 etc.
970 5209 1098 5267 Sublimis
1122 5209 1246 5284 quaedam
1270 5205 1336 5263 visio
1360 5202 1519 5277 prophetico
1538 5199 1617 5258 nobis
1638 5214 1769 5255 ⁵⁰i¹11⁰¹¹⁰

149 5289 917 5369 l.Vidillonticumacdeutemsupersoliumcccelsum
971 5299 1142 5357 describitur.
1162 5300 1229 5364 Vidi,
1246 5297 1342 5369 iuquit,
1359 5297 1506 5354 Dominum
1530 5292 1682 5350 sedentem.
1708 5291 1767 5345 bla-

115 5468 209 5601 Duqqis)
223 5469 272 5527 llic
287 5469 444 5543 llagdalena
459 5469 631 5529 contunditur
651 5487 712 5529 curn
727 5475 811 5531 liaris
830 5489 923 5533 sorore
938 5476 1041 5544 Lazari,
1062 5484 1089 5534 ct
1110 5473 1273 5541 Pcrcatricc,
1294 5482 1322 5532 ut
1334 5488 1460 5533 sermone
1476 5476 1490 5529 t
1512 5472 1539 5528 in
1555 5467 1762 5544 assumptione.

174 5556 218 5600 rua
231 5542 386 5601 barnardus
400 5554 528 5599 wrmons
543 5545 577 5599 tt
590 5542 618 5599 ia
637 5544 759 5601 cautim
