3734 5948
174 238 228 300 399

623 224 653 284 s.
673 215 854 283 tsnuxunr
873 216 1022 281 amatis
1041 202 1378 280 maurensis

1769 221 1823 278 tto

173 377 203 424 ut
217 334 442 422 videam'vnttnm
457 355 527 424 ejus,
547 349 715 407 illuminavit.
734 351 787 406 hut
807 356 881 407 certe
895 363 971 404 snam
987 363 1011 442 Α
1028 361 1077 418 per
1091 363 1122 403 os
1134 344 1270 403 Gabrielis
1283 346 1312 402 iu
1330 361 1425 403 aurem
1439 345 1589 402 intraverat
1609 343 1737 419 Virginis,
1758 363 1825 404 rnr-

174 455 239 512 mihi
255 451 360 524 aperuit
380 459 484 508 aurern,
500 455 556 496 non
571 439 667 495 taciem
682 438 821 495 revelavit.
841 439 905 493 Post
919 453 969 508 pa-

174 547 269 601 rietem
285 547 348 608 stat,
363 534 446 601 audit,
462 539 491 587 et
505 529 624 586 auditur:
648 528 696 584 sed
715 527 830 583 necdum
844 535 967 597 apparet.

173 631 257 689 Audit
275 635 394 692 orantes,
417 621 505 678 erudit
527 619 678 676 audientes.
695 619 738 670 An
753 615 968 686 experimentum

172 720 232 788 ejus
246 712 377 787 quaeritis,
393 708 439 781 qui
454 708 481 762 in
496 721 539 760 mc
555 702 674 774 loquitur
694 699 838 756 Christus?
856 702 894 770 (it
905 702 965 756 Cor.

170 821 231 872 xut,
254 805 293 871 3.)
315 801 384 872 Epo,
411 795 508 867 iuquit,
536 796 585 865 qut
606 792 703 863 loquor
721 791 867 859 justitium
888 789 966 857 (lsai.

170 910 249 963 uxttr,
265 893 303 961 ι).
320 886 418 958 Quidni
433 886 557 955 loquutur
570 895 629 950 ore,
645 878 718 951 quod
733 879 791 949 ipse
806 874 967 949 plasmavit?

171 980 272 1051 Quidni
296 991 344 1033 sno
368 980 469 1037 utatur,
492 977 522 1023 ιιι
549 969 625 1031 libet,
649 965 746 1021 artilex
766 964 966 1020 instrumento?

167 1072 228 1126 Non
247 1074 350 1123 tantum
378 1076 459 1116 aures
473 1074 577 1122 eorum,
595 1055 643 1112 sed
658 1063 686 1110 et
711 1054 783 1109 labia
798 1069 860 1108 mea
878 1051 964 1124 aperi,

168 1158 298 1214 Domine:
323 1167 376 1227 ego
399 1149 473 1206 enim
495 1147 566 1201 labia
590 1159 649 1200 mea
663 1142 891 1212 nonprohibabo,
908 1141 963 1196 Do-

167 1246 241 1302 mine
266 1252 294 1298 ιιι
317 1242 402 1298 scisti.
427 1241 501 1294 Bene
521 1234 594 1292 enim
608 1235 700 1290 omnia
720 1231 804 1298 sacis;
823 1240 850 1288 et
867 1230 965 1285 surdos

151 1335 234 1391 siacis
249 1331 354 1397 andire,
370 1337 398 1385 et
412 1334 502 1382 mutos
515 1324 598 1395 ioqui.

201 1429 228 1482 3.
251 1424 350 1479 hodite
365 1433 440 1490 ergo,
455 1416 564 1484 iratres,
580 1412 645 1484 qnid
660 1411 694 1469 de
707 1412 812 1467 loanne
827 1408 961 1481 loquatur,

164 1517 243 1584 cuius
265 1507 393 1568 solemnis
417 1505 498 1561 bodie
518 1503 644 1558 nativitas
662 1500 826 1556 celebratur.
842 1500 901 1563 illc,
919 1498 961 1551 in-

1025 450 1084 490 sum
1099 452 1150 507 per
1167 452 1199 493 os
1222 434 1336 508 virginis
1357 442 1384 490 et
1407 434 1502 491 matris
1525 449 1618 491 aurem
1643 433 1765 492 introivit
1790 436 1827 492 ad

1023 525 1181 597 parvulum:
1204 525 1238 580 ab
1260 539 1293 580 ea
1316 525 1381 580 hora
1403 541 1449 582 vas
1473 523 1614 581 electionis
1639 540 1696 581 suae
1711 524 1827 596 spiritus

1023 624 1133 670 sanctus
1154 613 1292 685 impleret,
1320 620 1347 668 et
1360 612 1499 669 lucernam
1518 612 1625 670 Christo
1641 613 1759 670 Domino
1774 630 1825 685 pa-

1022 712 1104 757 raret.
1130 703 1193 757 Fuit
1212 717 1277 773 ergo
1291 703 1347 771 jam
1368 708 1432 757 tunc
1454 703 1553 756 ardeus
1573 700 1696 768 lucerna,
1713 702 1764 757 sed
1783 703 1823 759 in-

1023 794 1100 846 terim
1122 792 1209 847 adhnc
1230 791 1281 845 sub
1304 791 1395 846 modio
1418 791 1506 846 donec
1530 806 1615 861 snper
1628 789 1824 847 caudelabrum

1020 890 1180 948 poneretur,
1197 885 1224 935 et
1242 878 1346 935 luceret
1371 880 1496 935 omnibns
1526 879 1572 952 qni
1596 886 1675 936 erant
1697 879 1725 934 iu
1740 879 1825 937 domo

1020 969 1138 1024 Domini.
1163 968 1212 1023 Illo
1233 969 1305 1023 enim
1321 967 1348 1021 in
1364 974 1487 1038 tempore
1512 968 1605 1036 solnm
1632 968 1721 1024 adbuc
1734 968 1825 1039 potuit

1019 1057 1172 1113 illuminare
1187 1056 1305 1112 modium
1320 1072 1415 1127 suum3
1431 1056 1481 1112 soli
1496 1055 1605 1112 interim
1620 1056 1713 1113 lucere
1727 1058 1822 1124 matri,

1018 1162 1146 1217 magnum
1162 1145 1187 1201 ei
1201 1144 1309 1216 pietatis
1320 1154 1519 1201 sacramentum
1536 1144 1660 1202 revelans
1672 1145 1732 1217 ipso
1746 1153 1823 1202 motu

1018 1253 1097 1292 novae
1106 1235 1300 1293 exsultationis.
1320 1237 1393 1295 Unde
1403 1237 1475 1293 milri
1487 1236 1547 1302 boc,
1564 1237 1661 1309 inquit,
1673 1243 1707 1294 nl
1721 1241 1823 1296 ueniat

1017 1328 1230 1382 materbomiat
1239 1325 1411 1383 meindmc?
1420 1324 1487 1393 Quis
1495 1327 1566 1382 enim
1577 1326 1624 1380 tibi
1635 1326 1762 1384 indicavit
1770 1343 1824 1382 ma·

1019 1420 1086 1469 trem
1097 1413 1215 1479 Domini,
1230 1414 1329 1469 mulier
1340 1414 1454 1469 sancta?
1469 1415 1546 1471 Unde
1557 1430 1601 1470 me
1611 1414 1700 1470 nosti?
1717 1417 1751 1474 ttt
1760 1421 1822 1487 sae·

1018 1507 1046 1557 tn
1054 1510 1102 1569 est,
1110 1503 1456 1574 inquitnorsatututtoutr
1463 1507 1521 1559 tute
1527 1503 1679 1560 inauribus
1685 1504 1822 1570 melnen>

165 1603 233 1675 quit‚
255 1605 316 1656 erat
331 1600 447 1655 lucerna
462 1594 573 1658 ardens,
591 1595 620 1646 ot
635 1590 731 1646 lucens
748 1590 841 1661 ilcan.
858 1604 886 1655 v,
903 1589 959 1654 35).
1015 1590 1508 1662 sultooitgr'npandiointonsinutcro
1515 1607 1575 1654 mco
1588 1591 1666 1663 (boc.
1675 1607 1697 1659 1,
1708 1593 1820 1665 ihil).

162 1693 291 1766 Magnum
310 1684 505 1748 testimonium,
532 1680 630 1735 iratres
657 1678 725 1733 mei:
754 1693 869 1752 magnus
888 1662 1000 1739 enimfl
1051 1683 1077 1735 5.
1097 1679 1261 1735 illuminavit
1276 1696 1342 1753 ergo
1365 1680 1422 1749 jam
1444 1688 1509 1736 tnnc
1531 1680 1660 1748 modium,
1683 1682 1736 1736 snb
1763 1697 1822 1755 quo

163 1789 206 1836 est
219 1779 262 1834 oui
281 1776 449 1848 perhibetur,
466 1771 514 1827 sed
534 1769 621 1836 mnjor
637 1768 738 1839 etipse
753 1767 799 1837 qui
824 1766 958 1837 perhibet.
1014 1767 1132 1823 latebat:
1150 1768 1199 1823 sed
1215 1784 1295 1840 quem
1321 1784 1376 1824 non
1400 1767 1502 1824 latebat
1518 1769 1618 1823 ardens
1632 1768 1745 1826 lucerne
1763 1769 1817 1826 snb

162 1871 225 1934 itte,
242 1865 339 1937 inquit,
365 1868 429 1920 erat
450 1862 566 1917 lucemn
592 1857 705 1922 ardens,
730 1860 757 1913 ct
780 1856 885 1912 lucens.
912 1854 961 1909 Est
1014 1857 1116 1920 modio,
1133 1865 1218 1912 totum
1237 1855 1317 1929 paulo
1333 1868 1393 1928 post
1410 1856 1540 1912 mundum
1556 1858 1633 1914 novis
1646 1856 1817 1914 illustratura

163 1959 236 2014 enim
253 1962 355 2011 tantum
371 1952 461 2006 lucere
483 1963 596 2015 vanum,
615 1953 720 2002 tantum
734 1946 831 1999 ardere
846 1959 957 2014 parum:
1014 1943 1175 2017 fulgoribus.
1188 1946 1315 2012 llleerot,
1326 1945 1424 2016 inquit,
1434 1946 1817 2005 lucerncnrdcnsetlucens.

162 2046 261 2101 erdere
277 2052 305 2098 ct
328 2042 418 2097 lucere
433 2037 604 2109 perfectum.¹
620 2033 692 2090 hudi
711 2032 776 2103 quid
799 2033 870 2088 dicat
884 2032 960 2087 Scri·
1013 2034 1075 2089 Non
1089 2034 1140 2088 ait:
1152 2034 1266 2102 Lucens,
1284 2033 1437 2102 etardens;
1454 2034 1516 2107 quia
1525 2034 1637 2090 loannis
1651 2050 1684 2090 ex
1709 2036 1819 2093 fervore

160 2142 253 2206 ptura:
280 2132 397 2202 Sapiens
418 2125 681 2199 permanetntsol.
697 2123 911 2178 stultnsuntem
926 2126 960 2177 nt
1014 2122 1153 2191 splendor,
1179 2138 1235 2178 non
1260 2123 1350 2179 terror
1377 2122 1477 2194 prodiit
1502 2139 1536 2180 ex
1564 2122 1719 2195 splendore.
1746 2125 1819 2185 Sunt

161 2223 231 2278 tuno
244 2224 376 2276 mutatur
386 2217 588 2285 (nectimur,
602 2211 656 2282 ih).
668 2209 738 2280 Quia
749 2210 821 2265 enim
835 2209 960 2281 splendet
1013 2209 1086 2266 enim
1106 2210 1151 2282 qui
1173 2226 1228 2266 non
1248 2227 1281 2267 eo
1308 2210 1409 2275 lucent,
1430 2212 1494 2284 quin
1518 2211 1633 2280 fervent,
1656 2213 1704 2269 sed
1726 2214 1819 2289 magis

159 2310 222 2365 luna
233 2309 292 2363 sine
308 2309 428 2369 t'nrvore;
448 2302 529 2359 modo
540 2301 629 2373 plena,
650 2301 740 2366 modo,
753 2300 861 2371 exigua,
877 2299 958 2354 modo
1012 2298 1119 2355 fervent
1133 2308 1162 2354 ιιι
1176 2300 1298 2355 luceant:
1315 2308 1343 2354 at
1357 2299 1401 2353 isti
1415 2299 1507 2371 plane
1521 2316 1577 2357 non
1602 2299 1710 2358 servent
1724 2303 1817 2358 chari·

160 2396 233 2452 nulla
257 2394 375 2451 videtur.
398 2397 545 2449 ltutuatum
565 2388 697 2459 siquidem
711 2389 804 2443 lumen
819 2402 958 2459 uunquam
1013 2388 1075 2442 tatis
1089 2387 1196 2459 spiritu,
1207 2388 1256 2444 sed
1271 2387 1360 2444 studio
1375 2388 1513 2445 vanitatis.
1532 2389 1620 2446 Vultis
1630 2406 1710 2447 nosse
1724 2405 1821 2461 quem·

160 2487 187 2540 in
203 2484 300 2541 eodem
317 2487 460 2553 permanet
481 2487 563 2542 statu,
580 2477 630 2531 sed
644 2477 749 2542 crescit,
764 2475 863 2540 deficit,
879 2485 957 2531 exte·
1012 2475 1158 2531 admodum
1174 2477 1240 2532 arsit
1260 2477 1391 2543 loannes,
1408 2485 1436 2532 et
1450 2477 1537 2533 luxit?
1557 2478 1615 2548 Ego
1630 2486 1775 2549 utrumque
1787 2478 1819 2534 in

157 2578 269 2636 nuatur,
294 2566 467 2627 annihilatur,
488 2570 516 2618 et
536 2561 646 2632 penitus
667 2576 721 2615 non
737 2570 886 2630 comparet.
914 2559 959 2615 Sic
1012 2579 1045 2619 co
1068 2565 1205 2635 triplicem
1234 2581 1314 2636 posse
1344 2565 1462 2622 arbitror
1483 2565 1609 2633 inveniri,
1634 2575 1661 2623 et
1690 2564 1818 2622 ardorem

158 2659 205 2730 qui
227 2655 407 2713 conscientias
432 2667 496 2708 suas
519 2651 547 2704 in
571 2649 667 2704 alienis
696 2648 774 2703 labiis
796 2657 956 2719 posuerunt,
1011 2651 1124 2723 seilicet,
1141 2660 1168 2707 et
1183 2653 1369 2724 splendorem.
1387 2654 1494 2709 Ardens
1513 2654 1654 2712 enimerat
1668 2654 1696 2710 in
1710 2670 1741 2710 se
1756 2654 1818 2725 ipso

157 2749 239 2804 ruodo
254 2744 356 2818 magui,
376 2742 457 2797 modo
478 2737 642 2812 parvisunt,
659 2736 740 2793 :nodo
760 2736 835 2802 nulli,
856 2752 956 2792 secun·
1010 2740 1166 2795 vehementi
1175 2742 1334 2797 austeritate
1344 2742 1652 2816 conversationiszerga
1661 2744 1813 2810 Christum,

158 2834 222 2888 dum
245 2830 318 2903 quod
339 2825 504 2883 adulantium
528 2822 628 2895 linguis
650 2820 694 2878 vel
717 2820 873 2892 uituperare
898 2822 957 2893 pla·
1010 2829 1106 2884 intimo
1121 2830 1237 2901 quodam
1254 2838 1282 2886 et
1309 2829 1392 2902 pleno
1419 2830 1527 2887 fervore
1556 2831 1721 2899 devotionis;
1747 2847 1816 2906 erge

157 2917 254 2981 cuerit,
273 2915 317 2970 vei
344 2911 465 2967 laudare.
485 2911 520 2964 ht
538 2923 604 2964 vero
628 2904 693 2961 solis
716 2905 846 2977 splendor
859 2905 956 2980 igneus
1012 2926 1159 2988 peccantes
1174 2919 1320 2989 proximos,
1341 2919 1494 2975 constantia
1509 2919 1818 2993 fibefaeincmpauomg,

157 3008 210 3071 est,
240 3008 268 3055 et
295 3013 357 3054 cum
387 2995 475 3052 lervel
497 2993 593 3058 acrius,
626 2991 708 3046 etiam
731 2990 817 3046 oculis
840 2989 956 3046 lucidior
971 2965 993 3043 Β
1011 3004 1090 3060 Luxu
1124 3004 1309 3072 nimiminus,
1341 3016 1368 3064 ut
1396 3007 1490 3080 paucis
1517 3008 1640 3076 dixerim,
1660 3008 1813 3083 amplo,

157 3085 311 3142 exhibetur.
329 3081 374 3136 Sic
393 3078 525 3150 sapientis
539 3078 621 3132 ardor
635 3076 762 3131 internus
776 3074 842 3131 foris
865 3076 953 3130 lucet:
1010 3093 1107 3169 digno,
1122 3096 1217 3162 verbo,
1228 3101 1256 3151 eg
1266 3113 1296 3152 se
1309 3096 1397 3168 ipsum
1411 3097 1560 3153 osteudens
1574 3097 1608 3153 ad
1621 3097 1817 3167 imitationem,

158 3174 223 3231 etsi
248 3187 302 3228 non
326 3170 352 3226 ei
366 3169 446 3224 datur
466 3175 621 3236 utrumque,
641 3171 719 3220 curat
733 3179 842 3234 semper
857 3163 956 3219 ardere
1010 3191 1037 3238 er
1065 3183 1198 3239 ruminare
1226 3185 1314 3256 majus
1342 3186 1416 3257 quod
1439 3184 1552 3253 parebat,
1580 3187 1615 3242 ad
1639 3194 1817 3258 mmmmm

158 3261 256 3336 magis,
271 3266 301 3314 ¹¹²
314 3258 393 3312 9³²0?
411 3271 477 3310 ⁸⁰⁰⁸
498 3255 544 3326 (lli
557 3253 632 3310 Videi
646 3253 673 3307 5¹¹
697 3252 868 3319 ξιΜῦθῑῑώῑῡι
890 3252 956 3306 sed·
1011 3273 1209 3345 remissionem,
1224 3285 1251 3329 et
1274 3275 1347 3346 ipsas
1363 3289 1471 3347 quoqne
1487 3275 1615 3332 tenebras
1626 3284 1736 3333 nostras
1754 3277 1818 3334 illn-

158 3351 204 3404 dat
232 3347 267 3403 ei.
296 3346 343 3400 Vae
364 3343 454 3408 110b18.
485 3342 592 3407 fraires,
622 3342 647 3396 δί
670 3341 817 3397 luxerimus
840 3349 955 3438 ‘afflumj
1011 3363 1129 3427 minans,
1149 3361 1219 3417 sicut
1234 3364 1363 3433 scriptum
1386 3373 1441 3420 est:
1462 3365 1599 3432 Ωιιοιιιαιη
1619 3366 1818 3424 teittumtuur

157 3437 227 3491 Nam
241 3435 363 3489 lucemus
385 3430 504 3503 qflidemr
519 3437 547 3484 ⁰²
563 3429 768 3499 ¹¹¹⁸8¹1ffi0³ffl¹¹¹
786 3431 821 3484 ab
843 3428 958 3484 h⁰¹¹¹i¹¹¹‘
1012 3452 1160 3507 lucerrmm
1169 3453 1485 3517 menm‚llomine;lleus
1495 3469 1584 3521 meus,
1595 3453 1818 3512 illuminatione·

159 3526 222 3596 bus3
244 3524 293 3579 sed
312 3520 377 3576 mihi
396 3533 445 3590 pro
467 3518 576 3573 minimo
592 3526 644 3583 est,
659 3525 688 3571 ut
702 3519 735 3572 ab
755 3518 872 3573 hnmano
885 3517 958 3590 judi·

159 3631 206 3671 cer
226 3612 279 3668 die.
302 3609 354 3679 Qui
369 3607 441 3664 enim
456 3607 559 3677 judicat
578 3623 632 3672 me,
651 3605 782 3662 Dominus
795 3604 884 3664 984
905 3616 955 3677 est,

159 3703 204 3776 qui
224 3702 359 3758 servorem
372 3698 407 3751 ab
435 3696 559 3753 omnibus
582 3695 674 3767 exigit,
697 3695 872 3768 splendorem
891 3714 957 3754 vero

158 3806 213 3846 non
234 3790 280 3844 ita.
293 3791 397 3858 Ionem,
414 3785 511 3857 inquit,
536 3786 599 3842 verti
616 3785 733 3842 mittere
747 3789 779 3842 ιιι
794 3792 916 3858 lerrnm5
931 3790 958 3846 et

162 3879 224 3952 qnid
247 3876 307 3932 volo
322 3876 379 3930 nisi
402 3879 435 3928 at
457 3873 809 3945 commonitionem,
827 3876 885 3947 to.)
903 3877 959 3934 Hoc

157 3980 257 4035 nempe
272 3976 415 4017 commune
431 3961 597 4026 mandatum,
623 3962 673 4017 hoe
689 3971 731 4017 est
747 3964 819 4036 quod
839 3965 959 4040 exigitur

159 4057 193 4110 ab
201 4049 353 4110 universis:
375 4063 426 4103 nce
440 4048 503 4116 ulla,
519 4048 543 4103 si
558 4051 656 4105 dccssc
680 4053 835 4127 contigerit,
861 4054 958 4111 aduit-

160 4145 224 4200 titur
238 4139 386 4197 excusatio

1012 3538 1075 3595 brus
1095 3554 1170 3595 mens
1187 3539 1274 3611 (Paul.
1288 3555 1359 3610 xvir,
1371 3541 1433 3613 29);
1449 3541 1542 3613 ntique
1557 3540 1590 3596 ad
1604 3543 1816 3601 correctionem.

1047 3630 1074 3680 6.
1096 3627 1246 3683 Considera
1260 3629 1342 3700 igitur
1356 3629 1493 3685 hominem
1507 3630 1631 3701 angelico
1644 3631 1814 3701 promissum

1011 3716 1131 3782 oraculo,
1147 3730 1308 3788 conceptum
1323 3718 1463 3785 miraculo,
1473 3718 1670 3776 sanctificatum
1685 3719 1713 3775 iu
1724 3728 1814 3792 utero,

1012 3811 1039 3859 et
1055 3818 1154 3858 novum
1168 3803 1196 3859 in
1220 3820 1292 3861 novo
1306 3806 1416 3862 homine
1428 3807 1600 3878 paenitentiae
1616 3809 1716 3863 mirare
1726 3807 1812 3881 [alins

1011 3890 1127 3964 imitare]
1139 3890 1286 3950 fervorem.
1302 3894 1412 3951 Victum
1423 3900 1451 3954 at
1468 3898 1611 3961 Vestitum,
1622 3896 1816 3968 aithpostolns

1012 3982 1153 4049 hebentes,
1166 3983 1209 4040 liis
1232 3987 1360 4040 conteuti
1375 3986 1465 4043 simus
1484 3986 1511 4058 (l
1536 3985 1604 4043 Tim.
1623 4001 1661 4054 vt,
1692 3990 1728 4055 8).
1744 3990 1817 4058 Apo·

1011 4069 1105 4125 stolica
1116 4069 1248 4139 perfectio
1258 4071 1309 4126 ista
1324 4080 1380 4140 est,
1395 4073 1443 4129 sed
1453 4073 1577 4148 loannes
1588 4073 1669 4129 etiam
1685 4075 1742 4129 haec
1752 4090 1816 4130 cora

1013 4155 1131 4225 tempsit.
1166 4156 1291 4228 Denique
1329 4158 1391 4213 andi
1428 4159 1573 4215 Dominum
1598 4158 1626 4214 in
1640 4159 1813 4231 Evangelio:

196 4235 223 4287 i.
239 4233 373 4287 Caeterum
397 4225 568 4300 singulariter
591 4227 721 4298 apostolis
748 4236 776 4286 et
802 4232 957 4302 apostolicis
1017 4246 1107 4310 tumr,
1117 4244 1215 4315 inquii,
1228 4248 1335 4304 joanne
1347 4249 1476 4320 Baptista
1492 4264 1549 4305 ,ψῃ
1559 4248 1751 4316 manduca-m,
1762 4266 1815 4308 m

159 4321 224 4378 viris
238 4320 348 4374 dicitur:
374 4318 476 4373 iacent
498 4317 550 4373 lac
568 4322 663 4373 *uestra
687 4334 781 4374 coram
799 4276 997 4379 tomtnttrnn

161 4409 272 4477 (Nullis.
285 4423 314 4471 v,
332 4409 374 4474 lo)
387 4421 393 4459 :
407 4403 532 4459 nimirum
548 4412 677 4478 tanquam
688 4408 821 4474 accensis,
838 4415 865 4464 et
879 4414 957 4466 vehe-

162 4505 268 4553 menter
284 4496 420 4559 acceusis‚
444 4501 471 4549 et
496 4494 595 4565 quibus
619 4509 673 4550 non
699 4496 825 4553 timeatur
847 4514 864 4554 a
895 4500 958 4557 ilatn

162 4586 284 4658 quolibet
299 4593 344 4639 aut
368 4581 528 4654 impulsione
548 4590 701 4640 ventorum.
730 4586 837 4644 Dictum
863 4601 904 4645 est
931 4599 959 4646 et

160 4673 281 4741 loanni3
306 4672 354 4728 sed
369 4671 408 4726 iili
420 4670 448 4724 in
463 4687 529 4726 aure
543 4673 674 4744 audiunt;
690 4673 809 4731 loannes
821 4679 849 4733 in
864 4680 959 4749 spiritu

163 4773 291 4835 tanquam
314 4760 428 4832 angelos
447 4759 578 4815 eruditur.
593 4761 726 4818 Nimirum
751 4774 824 4822 tauto
845 4769 957 4839 propin·

166 4854 238 4925 ruior
253 4854 320 4918 Deo,
335 4860 436 4921 quanto
455 4864 508 4904 vox
521 4848 612 4904 Verbo
626 4850 722 4919 vicina,
738 4855 781 4908 cui
803 4855 875 4910 uuila
892 4873 959 4915 voce

164 4939 213 4993 alia
227 4939 315 4994 media
329 4939 401 5009 quod
416 4936 481 4992 ioris
491 4946 570 4992 sonet
583 4949 706 5008 oporteat
716 4941 844 4999 intimari.
861 4947 959 5018 Neque

162 5027 234 5082 enim
266 5025 397 5081 loannem
429 5025 595 5096 pradicatio,
627 5029 677 5082 sed
700 5030 843 5103 inspiratio
867 5034 960 5091 docuit

161 5131 243 5188 quern
263 5112 377 5182 replevit
392 5114 506 5184 Spiritus
526 5114 554 5169 iri
578 5121 655 5171 utero
675 5119 769 5175 matris
794 5138 861 5178 suae.
887 5125 958 5182 Vere

158 5203 258 5260 ardeus
272 5209 299 5257 et
313 5200 490 5256 vehementer
503 5218 645 5268 accensus,
664 5222 745 5277 quem
763 5209 802 5265 sic
820 5227 959 5282 praeoccu·

159 5292 233 5364 pavit
260 5291 369 5346 iiamma
405 5289 534 5356 coelestis,
570 5300 600 5347 ut
635 5295 692 5365 jam
720 5296 818 5356 Christi
845 5303 959 5360 sentiret

1013 4333 1107 4389 bibens
1117 4333 1226 4404 (batth.
1242 4350 1284 4405 ιιι,
1296 4338 1339 4405 ts)
1348 4353 1354 4406 3
1364 4336 1444 4408 pinne
1453 4352 1505 4392 nec
1517 4337 1646 4394 vestiens.
1657 4337 1733 4394 Sicut
1742 4339 1816 4396 eninr

1012 4429 1128 4476 nonest
1147 4420 1251 4478 locusta
1265 4423 1351 4488 cibus,
1371 4424 1425 4481 nisi
1440 4425 1593 4497 aliquorum
1616 4423 1687 4482 torte
1708 4426 1816 4484 irratio-

1011 4510 1141 4565 nabilium
1162 4511 1331 4578 animalium;
1349 4513 1388 4569 sic
1401 4530 1452 4570 nec
1467 4514 1538 4584 pilus
1552 4514 1648 4570 cameli
1663 4515 1815 4572 humanum

1013 4606 1055 4654 est
1069 4600 1267 4656 indumentum.
1283 4601 1353 4671 Quid
1370 4611 1398 4659 tu
1420 4602 1491 4673 pilos
1505 4612 1576 4671 tuos,
1595 4605 1709 4675 camele,
1725 4606 1814 4676 depo·

1013 4688 1111 4743 suisti?
1127 4688 1233 4744 Utinam
1247 4691 1359 4764 gibbum
1374 4693 1460 4763 magis
1468 4692 1654 4763 deposuisses.
1671 4693 1742 4762 Quid
1752 4709 1813 4764 vos,

1012 4777 1209 4833 irrationabiles
1223 4778 1288 4835 ierae
1303 4789 1330 4836 et
1344 4781 1451 4853 reptilia
1463 4781 1573 4848 deserti,
1583 4781 1658 4837 cibos
1672 4783 1814 4854 exquiritis

1013 4863 1168 4921 delicatos?
1192 4866 1320 4936 loannes,
1345 4877 1455 4925 sanctus
1482 4870 1574 4934 bomo,
1589 4868 1688 4925 missus
1711 4885 1727 4925 a
1754 4874 1813 4928 Deo

1013 4953 1068 5009 imo
1085 4954 1198 5028 angelus
1210 4956 1270 5023 Dei,
1291 4957 1360 5012 siem
1372 4957 1410 5012 ait
1424 4957 1503 5013 Pater
1521 4962 1601 5016 :Ecce
1622 4959 1705 5015 mitto
1718 4974 1812 5031 anpe-

1015 5043 1075 5100 lum
1087 5061 1180 5101 meam
1194 5051 1262 5104 nole
1272 5054 1299 5102 te
1309 5047 1386 5116 (luc,
1402 5062 1449 5111 xri,
1461 5046 1522 5115 27l3
1539 5047 1582 5102 hic
1599 5061 1666 5117 ergo
1679 5048 1813 5119 loannes,

1013 5147 1068 5202 quo
1088 5132 1177 5189 nullus
1196 5133 1285 5206 major
1304 5134 1331 5190 in
1355 5134 1426 5189 natis
1446 5134 1603 5201 mulierum,
1619 5135 1814 5192 innocentissi-

1012 5237 1087 5277 mum
1128 5221 1196 5277 illud
1218 5238 1316 5295 corpus
1339 5223 1379 5279 sic
1404 5223 1529 5296 castigat,
1553 5223 1594 5279 sic
1619 5230 1759 5290 extenuat,
1773 5226 1814 5283 sic

1012 5310 1121 5385 affligit:
1146 5326 1196 5368 vos
1216 5311 1291 5366 indui
1315 5309 1449 5368 festinatis
1470 5313 1552 5383 bysso
1578 5321 1606 5370 et
1623 5329 1755 5385 purpura,
1785 5323 1814 5370 et

157 5385 317 5447 authentum,
330 5377 377 5451 qni
391 5377 506 5433 necdum
517 5381 620 5438 sentire
634 5394 741 5454 poterat
754 5387 798 5446 rei
813 5405 843 5446 se
857 5391 957 5463 ipsum.
1012 5398 1155 5469 splendide
1195 5399 1320 5471 epulari?
1361 5399 1441 5457 Houl
1462 5400 1506 5456 hic
1520 5408 1562 5457 est
1576 5401 1719 5471 praesentis
1738 5409 1814 5460 totus

159 5469 295 5528 Nimirum
306 5482 392 5526 novus
406 5465 450 5522 ilie
461 5465 542 5538 ignis,
558 5469 605 5541 qni
620 5487 716 5530 recens
727 5474 835 5550 elapsus
847 5495 864 5536 e
875 5483 955 5557 creto,
1014 5486 1101 5544 bonor
1113 5488 1190 5547 diei?
1204 5488 1262 5547 haec
1276 5489 1403 5561 baptiste
1417 5489 1570 5551 reverentia
1584 5489 1656 5551 tutat
1668 5490 1728 5552 baeo
1741 5494 1814 5551 ritti-
