3734 5948
101 193 182 254 1077·
727 189 894 253 statutus
912 190 948 252 IN
965 188 1118 250 utullus.
1140 217 1144 225 ·
1688 194 1756 256 tuta

100 319 228 378 fidelibus
255 316 370 374 fideliter
394 316 531 372 intimans.
556 316 667 372 hudicit
694 327 783 374 autem
812 317 893 374 verba
909 332 933 411 Α
947 315 1044 389 gloria,
1059 315 1186 388 quoniam
1199 332 1254 373 nou
1277 316 1328 373 sibi
1341 325 1457 388 usurpat
1470 335 1541 375 eam.
1562 300 1635 378 'Non
1655 323 1755 398 oppri-

100 409 261 479 ineliabilia‚
280 422 342 478 quae
363 420 416 462 non
431 403 507 461 licuit
519 405 558 459 illi
577 407 652 477 loqui
667 408 707 478 (ll
720 408 781 463 Gor.
798 421 849 472 mr,
865 409 893 472 2,
950 405 1041 470 mitur,
1061 403 1193 476 quianon
1218 406 1360 461 scrutatrix
1387 407 1535 477 majestatis
1558 416 1611 476 est,
1628 410 1676 467 aed
1705 426 1754 469 vo·

103 499 141 568 ι).
157 498 217 552 Non
232 494 326 567 utique
346 493 458 561 homini,
476 508 537 547 nom
561 492 613 547 sibi
637 493 680 548 illa
694 494 858 565 loquebatur
870 503 898 549 at
950 492 1071 549 luntatis.
1086 493 1154 548 Nam
1170 493 1242 564 quod
1266 493 1401 564 majestati
1417 495 1520 561 attinet,
1542 495 1678 554 interdum
1693 500 1755 572 qui·

103 588 171 642 Deo.
188 587 256 641 Puta
270 597 336 655 ergo
359 583 443 637 ιιοιιιιι
460 583 536 653 quasi
552 581 694 639 sollicitam
708 582 783 638 Pauli
803 582 896 638 chari·
951 581 1011 637 dem
1035 590 1061 636 ot
1075 580 1103 636 ιιι
1121 582 1206 652 ipsam
1230 582 1369 638 intrudere
1383 583 1472 650 audet,
1493 584 1541 639 sed
1562 586 1640 656 quasi
1661 587 1753 649 admi-

105 684 185 730 tatem
201 673 251 728 hoc
264 671 346 726 modo
358 669 504 734 consolari,
521 678 548 725 et
563 669 654 726 dicere
670 687 677 726 :
694 668 764 740 Quid
779 669 897 726 anxiaris
951 687 1025 740 rans,
1049 685 1103 726 non
1116 669 1194 741 quasi
1208 678 1339 727 scrutans.
1356 671 1409 728 Sed
1427 670 1541 729 1480
1555 682 1580 728 et
1608 673 1753 747 siquando

105 763 175 832 quod
191 767 352 831 conceptum
368 767 444 813 tuum
458 758 565 814 auditus
580 775 632 814 nou
652 759 724 829 capit
739 760 897 816 humanus?
951 776 999 832 per
1013 775 1153 816 excessum
1181 758 1238 831 rapi
1262 759 1377 815 inillam
1399 760 1548 833 contingat,
1572 762 1673 834 digitus
1702 763 1752 819 Dei

105 852 188 908 Sonct
202 866 255 907 ooo
271 853 323 904 tuo
338 850 370 904 in
388 848 505 904 curdus
525 849 596 904 neeis
607 867 617 914 ,·
632 849 685 902 hoc
703 860 763 903 est:
782 847 810 903 Si
823 846 897 920 quod
949 857 989 904 cst
1011 847 1071 917 iste,
1096 848 1237 920 dignanter
1261 849 1352 905 leuans
1379 849 1526 914 hominem,
1552 866 1605 906 noo
1635 850 1753 907 bominis

104 938 197 1006 sentis,
214 953 267 995 non
292 936 354 992 lieet
373 936 495 992 revelare
514 935 683 1003 mortalibus,
699 939 838 993 consolare
853 944 895 991 ta·
951 936 1089 992 temeritas
1103 936 1252 992 insolenter
1266 937 1316 992 Dei
1332 937 1384 991 alta
1421 938 1581 1007 pervadens.
1599 940 1666 996 Cum
1680 941 1752 995 euim

104 1043 177 1093 men,
192 1026 266 1101 qnod
286 1041 337 1082 vox
363 1031 409 1079 tua
430 1023 536 1080 diuinas
561 1033 642 1097 queat
665 1025 782 1081 mulcere
805 1039 895 1080 aures.
950 1025 1099 1096 Apostolus
1121 1033 1227 1096 raptum
1245 1041 1275 1080 sc
1295 1033 1428 1082 memoret
1452 1026 1537 1099 [alios
1550 1028 1751 1102 commemoret]

106 1116 321 1171 Videssanctam
340 1111 467 1182 animam,
488 1112 832 1184 nuncqnidemcharitate
849 1128 897 1168 so·
952 1115 991 1183 (ll
1018 1115 1079 1171 Gor.
1105 1113 1169 1182 ιιιι),
1188 1120 1215 1169 ιιι
1244 1131 1340 1169 ausum
1370 1125 1497 1182 excuset,
1526 1115 1653 1188 quisnam
1680 1120 1751 1173 alter

105 1204 188 1260 briam
211 1202 300 1267 nobis,
318 1216 388 1257 nnnc
402 1216 468 1257 vero
493 1200 609 1272 puritate
628 1202 802 1258 excedentem
819 1202 899 1258 lleoi
952 1209 1096 1274 praesumat
1130 1201 1284 1257 mortalium
1313 1202 1376 1259 huic
1413 1219 1441 1260 se
1468 1203 1568 1261 divinae
1600 1206 1748 1275 majestatis

105 1295 143 1362 (ll
158 1293 219 1347 Cor.
235 1308 260 1356 v,
278 1289 550 1360 samosetanus
564 1296 657 1344 saneto
672 1289 767 1355 Dauid,
781 1305 815 1345 ne
830 1288 899 1347 iorta
952 1290 1088 1346 horrendo
1121 1288 1250 1346 scrutinio
1292 1291 1408 1361 propriis
1444 1292 1572 1349 intricare
1599 1294 1750 1360 conatibus,

105 1380 150 1434 ille
174 1379 207 1435 sit
231 1379 289 1449 ipse
307 1381 399 1442 homo,
414 1377 448 1432 de
461 1391 516 1449 quo
530 1393 591 1432 cum
607 1377 677 1449 lico,
693 1377 770 1449 quasi
795 1378 828 1434 de
846 1378 899 1433 alio
952 1388 979 1435 et
1019 1379 1192 1451 importunus
1219 1380 1415 1451 contemplator
1453 1383 1572 1451 pavenda
1602 1381 1752 1455 irrumpere

105 1468 225 1539 loquitur
242 1484 248 1521 :
268 1469 406 1537 Quoniam
420 1468 551 1540 eoqitotio
574 1468 697 1527 bominis
718 1467 900 1538 confitebitur
953 1466 981 1522 in
1010 1467 1131 1524 amuel
1154 1468 1326 1525 scrutatores
1353 1467 1467 1540 proinde
1497 1469 1654 1538 majestatis,
1687 1479 1750 1527 tan·

105 1558 167 1622 tibi,
178 1563 206 1613 ct
219 1558 346 1630 reliquie
360 1558 543 1630 cogitationis
553 1557 627 1613 diem
638 1560 744 1629 festum
753 1562 837 1629 coeni
848 1557 899 1614 tibi
953 1572 1033 1627 quam
1047 1555 1196 1628 irruptores
1208 1557 1262 1612 dici
1279 1572 1350 1623 reor,
1366 1572 1420 1613 non
1434 1557 1481 1629 qui
1493 1559 1596 1616 seilicet
1611 1557 1752 1632 rapiuntur

106 1645 192 1715 (Psoi.
207 1660 296 1714 cxxv,
309 1643 364 1715 ιι).
379 1644 453 1716 Ergo
467 1644 540 1714 quod
555 1645 589 1700 de
603 1645 767 1716 cogitatione
782 1647 899 1717 propbe—
915 1604 937 1682 Β
953 1645 980 1700 in
995 1660 1065 1713 earn,
1088 1645 1137 1699 sed
1161 1645 1208 1717 qui
1222 1644 1334 1701 irruunt.
1349 1647 1403 1716 lpsi
1418 1647 1507 1719 itaque
1531 1647 1722 1721 opprimuntur
1735 1665 1752 1704 a

106 1734 159 1791 tica
173 1733 255 1789 verbo
275 1745 301 1789 et
317 1734 440 1803 exemplo
454 1733 595 1806 Propheta
613 1735 709 1790 venire
727 1735 762 1790 ad
783 1735 899 1792 medinm
953 1733 1050 1807 gloria.

107 1829 232 1894 poterat,
260 1821 288 1875 id
315 1821 449 1893 Propheta
477 1822 503 1876 in
531 1821 668 1894 publicam
701 1838 762 1879 mox
796 1822 902 1879 laxabat
991 1824 1019 1877 ιι.
1046 1822 1118 1896 Ergo
1137 1820 1311 1877 formidolosa
1326 1822 1456 1879 scrutatio
1475 1823 1626 1892 majestatis
1641 1830 1687 1880 :at
1701 1840 1751 1882 co·

107 1909 318 1976 confessionem,
337 1917 364 1965 et
386 1925 418 1965 ex
436 1925 469 1965 eo
484 1909 663 1966 confitebatur
675 1909 702 1965 io
720 1910 826 1983 populis
839 1912 900 1966 Do·
954 1909 1075 1976 lunmtis,
1096 1919 1151 1966 mm
1165 1917 1222 1966 tuta
1236 1923 1318 1982 quarn
1342 1910 1396 1981 pia.
1413 1910 1514 1980 Quidni
1540 1918 1596 1967 tota
1610 1910 1751 1986 diligentia

107 1999 189 2062 roino,
207 1999 337 2071 reliquum
359 1998 412 2054 sibi
434 2007 462 2056 et
480 2000 539 2054 Deo
560 2015 801 2072 sermonumque
825 2000 901 2056 lesti·
954 1998 1100 2054 scrutando
1115 1998 1213 2055 instem
1238 1999 1513 2070 sacramentogloriae
1527 1997 1683 2067 uoluntatis,
1707 2000 1751 2056 eui

107 2104 170 2142 vom
185 2088 285 2143 ducens
304 2087 331 2141 in
346 2085 437 2142 laetitia
455 2094 482 2142 et
505 2084 694 2143 exsultatione.
710 2087 767 2145 lloc
780 2103 844 2160 ergo
859 2095 901 2143 est
956 2086 1020 2142 mihi
1030 2087 1182 2158 parendum
1198 2104 1248 2158 per
1262 2087 1353 2143 omnia
1367 2087 1443 2144 scio?
1459 2087 1560 2142 Suavis
1573 2087 1670 2163 gloria,
1685 2105 1748 2160 quae

108 2175 182 2246 quod
209 2176 287 2230 nobis
315 2174 438 2230 intimare
464 2182 616 2231 memorato
644 2175 783 2232 versiculo
806 2175 900 2232 voluit.
954 2190 1009 2231 non
1020 2176 1137 2242 aliunde,
1148 2175 1270 2247 quamde
1284 2175 1753 2247 ipsiussuavitatiscontemplatione

107 2261 243 2332 Quidquid
266 2261 392 2318 videlieet
419 2277 468 2316 sua
496 2262 541 2317 illa
568 2261 752 2318 scrutabunda
779 2270 806 2316 et
825 2261 917 2320 avida,
955 2263 1086 2336 procedit,
1097 2279 1178 2337 quam
1192 2264 1227 2321 de
1241 2264 1395 2320 divitiarum
1409 2263 1539 2320 bonitatis
1553 2280 1585 2320 ac
1600 2265 1691 2321 multae
1706 2266 1754 2320 mi·

108 2349 270 2425 cogitatione
284 2365 318 2406 ex
341 2364 440 2404 arcano
461 2349 601 2421 sapientiae
616 2364 714 2405 eruere
731 2348 901 2421 praevalebat,
956 2351 1100 2408 amotionis
1127 2352 1236 2408 intuitu.
1266 2352 1389 2423 Denique
1412 2352 1530 2409 vidimus
1552 2353 1667 2424 gloriam
1682 2354 1753 2411 hanc

110 2449 211 2510 partem
225 2453 305 2511 ιῃιιιιιι
321 2446 425 2508 poterat
441 2437 469 2491 in
483 2437 596 2493 salutem
611 2438 773 2510 populorum
788 2435 902 2494 sollicita
955 2441 1071 2512 gloriam
1085 2441 1161 2515 quasi
1174 2441 1312 2513 Unigeniti
1327 2457 1343 2495 a
1363 2442 1440 2498 Patre
1454 2443 1545 2510 (loon.
1555 2457 1575 2508 r,
1587 2442 1643 2514 ιι).
1655 2443 1752 2499 Totum

108 2527 298 2602 praedicatione
321 2527 544 2598 impertiebatur;
566 2527 700 2597 reliquum
719 2526 903 2597 quodeapere
956 2546 1053 2600 nempe
1067 2529 1214 2600 benignum
1242 2538 1269 2584 ιι
1293 2545 1357 2585 vero
1387 2538 1527 2597 paternum
1541 2530 1613 2602 qnod
1629 2530 1752 2602 apparuit

109 2619 201 2689 plebes
224 2631 280 2671 non
305 2622 439 2687 poterant,
457 2615 551 2673 festiva
562 2614 720 2686 jubilatione
734 2615 761 2670 in
775 2613 827 2671 Dei
846 2616 903 2669 lau·
956 2617 1052 2691 gloriae
1070 2619 1096 2673 iu
1121 2619 1171 2671 hac
1185 2625 1272 2689 parta.
1299 2619 1357 2673 Non
1373 2633 1417 2673 me
1436 2619 1571 2690 opprimet
1587 2618 1677 2690 gloria
1701 2618 1753 2676 ista

106 2708 188 2763 dibus
206 2706 404 2778 ⁸expendebat.
433 2704 516 2761 Vides
548 2715 648 2762 sanctae
683 2703 903 2783 contemplationi
956 2707 1020 2762 totis
1034 2706 1096 2763 licet
1105 2705 1210 2762 viribus
1225 2706 1413 2762 intendentem
1423 2705 1450 2763 in
1465 2723 1494 2762 se
1511 2722 1582 2780 :ego
1599 2707 1688 2780 potius
1704 2706 1751 2762 inu

107 2793 232 2865 deperire
246 2792 324 2861 nihil,
339 2793 401 2848 dnm
418 2793 494 2863 quod
507 2793 627 2864 expendi
641 2793 669 2849 in
684 2791 806 2865 plebium
820 2791 903 2848 aedilu-
956 2792 1057 2866 primar
1083 2793 1131 2849 illi.
1146 2794 1253 2850 Etenim
1281 2794 1402 2850 revelata
1421 2794 1488 2851 laeie
1516 2796 1695 2867 speculantes,
1725 2795 1752 2852 in

106 2891 240 2948 cationero
255 2905 311 2945 non
326 2896 426 2959 potest,
438 2889 464 2943 id
482 2887 524 2944 rel
539 2889 655 2945 maxime
667 2889 726 2945 Deo
736 2890 771 2945 sit
781 2890 904 2958 jucunda
920 2870 1078 2950 ceamdem
1098 2880 1245 2955 imaginem
1271 2882 1496 2939 transformemur
1523 2882 1557 2938 de
1578 2883 1701 2940 claritate
1725 2883 1753 2938 in

106 2981 259 3051 decoraque
273 2978 401 3034 laudatio.
955 2970 1113 3037 claritatem,
1137 2978 1294 3041 tanquama
1316 2970 1425 3027 Domini
1440 2969 1542 3042 Spiritu
1558 2970 1598 3042 (ll
1626 2973 1688 3028 Gor.
1708 2985 1751 3037 ιιι,

144 3071 169 3126 ι,
185 3068 253 3137 Quae
266 3082 328 3124 cum
348 3067 384 3122 ita
407 3067 472 3134 sint,
487 3066 540 3124 duo
563 3066 648 3139 liquet
669 3067 903 3137 contemplationis
956 3062 1014 3130 ιι).
1038 3058 1271 3115 Translormamur
1294 3074 1356 3113 com
1379 3057 1590 3115 conformamur.
1605 3057 1683 3112 absit
1700 3073 1752 3113 au·

108 3172 210 3228 genera
230 3171 291 3212 esse
306 3171 313 3209 :
331 3170 422 3220 unum,
438 3155 473 3210 de
489 3164 559 3211 statu
583 3169 610 3208 et
632 3153 759 3209 ielioitate
772 3161 800 3210 et
815 3153 904 3225 gloria
956 3155 1011 3204 tem
1026 3155 1056 3203 ιιι
1074 3146 1101 3200 in
1117 3145 1265 3215 majestatis
1279 3146 1366 3218 gloria
1379 3154 1405 3201 rt
1420 3160 1473 3201 non
1488 3147 1575 3219 magia
1602 3145 1630 3200 in
1652 3145 1751 3202 volun-

109 3244 223 3302 civitatis
242 3260 378 3314 supemae,
394 3260 450 3316 quo
469 3243 584 3311 selectu,
599 3241 640 3297 rel
668 3243 724 3298 otio
744 3241 840 3317 ingens
858 3242 904 3297 illa
956 3236 1017 3291 tatis
1040 3233 1181 3315 modestia,
1196 3233 1245 3288 Dei
1275 3235 1308 3289 ab
1321 3231 1428 3289 h0t¹¹i1¹⁰
1456 3232 1631 3289 00¹¹f0s¹ssil⁸³
1646 3248 1751 3305 illimu-

109 3334 257 3392 ooelesuuni
282 3333 381 3390 civium
395 3338 525 3400 oecapnu
548 3330 760 3398 stimulatorum
777 3330 902 3396 atterum,
957 3322 1058 3378 matur!
1076 3321 1169 3379 Gloria
1183 3336 1244 3378 mea
1260 3321 1320 3378 baec
1342 3323 1393 3386 est,
1410 3320 1563 3392 siliquam
1583 3321 1617 3376 oe
1640 3336 1683 3378 mc
1697 3337 1750 3378 au·

110 3425 145 3481 de
172 3425 244 3495 regis
271 3422 357 3494 ipsius
379 3423 532 3488 majestate,
558 3418 727 3487 aeternitate,
754 3419 902 3477 diuinitate.

108 3513 159 3568 llla
179 3512 206 3565 in
222 3510 345 3576 maceria,
361 3509 412 3565 ista
427 3509 455 3563 in
471 3519 555 3579 petra.
572 3507 625 3565 Sed
644 3508 702 3566 baec
714 3517 815 3581 quanto
828 3507 903 3564 dilli-

109 3602 187 3658 cilius
199 3607 317 3667 cavatur,
334 3606 409 3653 tanto
430 3597 541 3653 stravius
563 3597 636 3669 quod
650 3597 714 3652 inde
738 3597 810 3653 eruis
822 3599 901 3670 sapit.

107 3693 164 3747 Nec
184 3689 302 3746 verearis
316 3687 382 3742 illud
397 3686 469 3757 quod
485 3686 551 3756 Scri,
564 3695 621 3740 tura
640 3685 758 3742 minatur
771 3694 904 3743 scrutato·

108 3781 183 3836 ribus
202 3775 352 3847 maiestatis
376 3775 468 3845 (Pron.
482 3790 551 3843 xxv,
565 3774 622 3846 El).
637 3775 752 3830 Tantum
768 3774 836 3830 aller
850 3791 903 3847 pu-

108 3885 168 3924 rum
183 3875 211 3923 et
224 3864 375 3937 simplicem
389 3865 510 3933 oculum;
528 3877 582 3918 non
597 3863 761 3936 opprimeris
776 3879 791 3917 a
806 3863 904 3935 gloria,

107 3960 155 4013 sed
178 3955 338 4020 admitteris,
364 3952 417 4010 uisi
441 3968 495 4009 non
519 3953 579 4017 Dei,
596 3952 645 4008 sed
665 3959 739 4007 tuam
765 3951 905 4024 quaesieris

956 3413 1031 3468 diere
1048 3429 1055 3470 :
1070 3410 1309 3469 lnvenibomiuem
1333 3409 1482 3466 secundnm
1498 3424 1545 3467 eor
1574 3426 1675 3467 mcum.
1699 3412 1753 3467 Gor

956 3502 1050 3575 sponsi
1061 3515 1108 3558 cor
1123 3500 1206 3572 patris
1229 3499 1279 3556 sui.
1293 3501 1384 3571 ipsum
1398 3499 1499 3572 quale?
1515 3503 1619 3569 Estote,
1635 3499 1683 3566 ait,
1698 3500 1753 3555 mi·

956 3589 1577 3654 scricordessicutctl’oterocstermiscrr'cbrs
1588 3588 1752 3658 est(l.uc.vr,

958 3679 1018 3749 36).
1037 3679 1099 3733 llaec
1113 3676 1199 3731 lomna
1218 3691 1299 3747 quam
1312 3675 1403 3731 videre
1422 3674 1567 3740 desiderat,
1580 3689 1641 3729 cnm
1656 3673 1752 3729 Eccle-

958 3770 1008 3823 siae
1017 3766 1100 3823 dicit:
1115 3765 1231 3822 Ostende
1241 3763 1421 3834 mibisocicm
1431 3765 1512 3818 tuom
1528 3780 1537 3816 :
1552 3760 1753 3832 iormapietatia

959 3868 986 3911 ιι
1006 3852 1237 3909 mansuetudinis.
1253 3852 1327 3907 Hanc
1347 3867 1408 3907 cnm
1429 3849 1505 3904 omni
1519 3848 1616 3905 fiducia
1631 3848 1701 3907 levat
1716 3850 1751 3906 ad

959 3948 1078 4009 Petram3
1088 3942 1130 3998 eni
1145 3941 1243 3997 similis
1258 3948 1299 3995 est
1315 3959 1321 3995 :
1335 3939 1461 3997 Accedite
1475 3938 1561 4010 inquit
1575 3938 1695 4009 odcnm,
1722 3944 1751 3998 ct

108 4044 231 4118 gloriam.
248 4044 373 4116 Alioquin
395 4059 446 4099 sua
458 4041 572 4114 quisque
595 4038 767 4114 opprimitur,
781 4054 836 4096 nen
853 4039 904 4095 Dei
957 4032 1168 4091 illuminemini
1188 4035 1216 4087 ct
1243 4029 1330 4101 socios
1343 4032 1444 4087 vesun
1462 4044 1520 4085 non
1534 4027 1752 4100 conplecteretur

108 4132 205 4206 gloria,
215 4132 279 4186 dom
295 4131 422 4202 procliuia
436 4131 463 4185 in
479 4132 567 4194 istam,
579 4128 614 4183 ad
630 4129 703 4183 illam
714 4128 802 4184 levare
816 4127 903 4185 cervi·
918 4158 942 4236 υ
955 4123 1042 4195 (Psoi.
1059 4135 1158 4190 xsxru,
1174 4119 1212 4191 6).
1232 4120 1291 4192 Quo
1314 4127 1393 4190 pacto
1407 4117 1514 4173 humilis
1528 4119 1562 4173 ab
1573 4116 1669 4172 humili
1682 4131 1751 4172 con-

108 4237 169 4278 cem
188 4234 242 4273 non
267 4218 373 4289 sinitur,
388 4218 516 4274 nimirum
537 4232 647 4290 gravem
670 4216 827 4286 cupiditate.
844 4217 903 4272 liae
937 4210 1095 4278 landetur,
1105 4226 1119 4262 a
1130 4208 1175 4280 pio
1188 4214 1289 4275 sauma,
1307 4215 1333 4262 et
1347 4223 1362 4262 a
1376 4216 1517 4263 mansueto
1532 4205 1673 4260 modesta?
1686 4205 1749 4260 Non

108 4323 234 4376 excussa,
246 4321 340 4363 secure
353 4315 504 4362 scrutemur
513 4306 609 4377 (clins,
621 4305 767 4378 fodiamus)
776 4305 804 4361 in
811 4306 900 4378 Petra,
956 4300 1036 4373 plane
1054 4298 1207 4354 abhorrebit
1220 4313 1235 4352 a
1250 4295 1365 4369 puritate
1387 4303 1471 4369 petre
1485 4310 1552 4365 pura
1566 4292 1648 4349 iacias
1670 4308 1752 4364 apon-

108 4400 134 4454 in
151 4412 204 4468 qua
218 4395 336 4451 thesauri
349 4394 498 4450 absconditi
512 4395 652 4465 sapientiae
667 4403 695 4451 et
709 4395 903 4452 scientiaesuut
955 4404 1003 4458 sae,
1027 4402 1082 4444 non
1112 4385 1200 4460 magis
1223 4402 1303 4458 quam
1330 4400 1345 4439 a
1368 4385 1467 4441 virtute
1493 4382 1587 4452 virtus,
1607 4397 1624 4438 a
1647 4381 1752 4440 lumine

108 4489 268 4560 (Colosso,
281 4485 318 4556 3).
330 4483 358 4539 Si
371 4483 458 4538 adhuc
471 4482 588 4549 dubitas,
602 4483 666 4540 audi
680 4483 764 4556 ipsam
777 4485 899 4540 Petram:

112 4578 337 4648 Quioperontnr,
347 4569 445 4643 inquit,
461 4572 555 4635 inme,
567 4587 623 4628 non
631 4573 900 4644 pecco-bontlEccli.
932 4629 935 4636 ,

108 4679 189 4732 xxiv,
205 4661 261 4733 30).
280 4661 346 4729 Quis
361 4659 521 4716 dobitmibi
537 4675 648 4731 pennos
661 4660 738 4716 sicot
752 4662 899 4732 columbe,

108 4760 137 4813 ct
148 4751 253 4817 volabo,
264 4754 293 4808 ct
303 4747 500 4822 requiescam?
514 4746 600 4815 (Psoi.
612 4762 666 4818 eru,
677 4748 717 4816 7.)
731 4747 771 4802 lbi
782 4749 902 4822 requiem

108 4841 210 4900 invenit
225 4843 384 4893 mansuetus
398 4843 425 4893 et
439 4834 564 4908 simplex,
579 4833 627 4890 ubi
640 4834 752 4892 dolosus
768 4837 900 4908 opprimi·

109 4941 162 4999 tur,
173 4928 215 4984 vel
226 4928 321 4995 elatus,
337 4935 363 4982 et
375 4923 489 5000 cupidus
502 4923 591 4980 inanis
604 4923 709 4996 gloriae.
723 4924 845 4981 Ecclesia
856 4942 902 4985 co·

109 5018 198 5074 lumba
218 5024 269 5084 est,
285 5022 312 5071 et
336 5013 398 5071 ideo
413 5011 569 5086 requiescit.
583 5011 725 5083 Columba,
740 5013 803 5086 qnia
822 5013 900 5073 inno·

108 5121 182 5170 cens,
195 5104 257 5177 quia
271 5119 393 5176 gemens.
409 5101 554 5170 Columba,
569 5101 688 5175 inquam,
703 5102 767 5174 quia
780 5103 807 5158 in
822 5119 903 5162 man-

109 5195 255 5254 suetudine
270 5193 382 5266 suscipit
400 5192 508 5249 insitum
522 5194 645 5249 verbum.
660 5191 696 5246 Et
718 5193 861 5265 requiescit
875 5194 903 5250 iu

110 5285 210 5352 Verbo,
223 5282 275 5340 boc
288 5291 328 5338 est
343 5282 370 5337 in
384 5290 478 5352 petra:
494 5296 554 5337 nam
572 5288 645 5352 petra
657 5284 699 5336 est
712 5281 839 5338 Verbum.
855 5283 904 5340 Ec

110 5373 192 5431 clesia
200 5373 298 5449 ergoin
311 5369 587 5442 foraminibuspetrae,
599 5384 734 5442 perquam
746 5369 905 5443 introspicit,

111 5471 138 5521 et
148 5464 223 5521 videt
236 5462 350 5537 gloriam
365 5458 458 5532 sponsi
473 5458 515 5515 sui
524 5473 532 5527 ;
550 5473 599 5516 nec
612 5456 773 5531 opprimitur
788 5465 908 5517 tamena

957 4479 1059 4534 lumen.

991 4579 1017 4630 6.
1034 4574 1087 4630 Sed
1103 4572 1167 4645 quia
1181 4585 1235 4626 non
1250 4587 1283 4626 ex
1302 4569 1377 4627 omni
1392 4568 1502 4626 interim
1523 4577 1600 4641 parte
1613 4569 1699 4625 adhuc
1715 4570 1750 4626 ad

955 4675 1062 4736 petrarm
1090 4660 1231 4717 locandam
1246 4658 1370 4716 Ecclesia
1393 4658 1524 4716 accedere
1546 4666 1634 4730 potest
1648 4658 1752 4732 (oeque

956 4752 1027 4809 enim
1046 4749 1168 4807 omnium
1182 4755 1232 4820 est,
1242 4748 1289 4820 qui
1303 4747 1330 4802 in
1346 4746 1466 4805 Ecclesia
1492 4755 1567 4819 sunt,
1583 4754 1752 4804 sacramenta

956 4839 1054 4895 dirime
1067 4837 1212 4895 voluntatis
1226 4836 1369 4909 inspicere,
1381 4843 1427 4892 aut
1436 4835 1638 4909 apprehendere
1653 4851 1702 4908 per
1711 4851 1753 4892 sa·

959 4930 1090 5001 metipsos
1101 4928 1234 5000 proiuoda
1248 4926 1309 4998 Dei)
1321 4947 1330 4995 ,·
1344 4926 1405 4983 idae
1421 4940 1475 4980 non
1489 4926 1575 4983 solum
1587 4926 1619 4981 in
1628 4927 1751 4996 [orami-

960 5018 1044 5075 nibus
1062 5021 1152 5090 pctrce
1172 5016 1220 5071 sed
1242 5023 1268 5071 et
1292 5015 1324 5071 in
1339 5014 1466 5072 cauernis
1479 5015 1611 5069 rnoccrioe
1626 5013 1752 5070 habitare

958 5107 1117 5164 ostenditur.
1134 5107 1204 5179 Ergo
1230 5103 1399 5176 inperfectis
1417 5103 1528 5176 quidem
1547 5102 1594 5175 qui
1614 5102 1752 5159 rimarios

958 5206 1103 5268 penetrare
1121 5209 1217 5250 aream
1231 5193 1372 5266 sapientise
1400 5202 1426 5248 et
1446 5190 1566 5266 puritate
1579 5193 1752 5249 conscientie

960 5285 1070 5354 audent,
1087 5290 1114 5340 ct
1128 5283 1312 5354 intelligentia
1326 5282 1451 5339 acumine
1464 5290 1588 5354 possunt,
1604 5282 1705 5338 habitat
1724 5282 1751 5337 iu

963 5373 1140 5429 foraminibus
1168 5379 1261 5445 petrae.
1287 5373 1325 5427 lie
1343 5371 1445 5443 reliquo
1467 5370 1495 5425 in
1510 5371 1632 5428 cavernis
1659 5386 1751 5428 mace·

961 5464 1008 5518 rias
1025 5481 1034 5543 ²,
1049 5472 1077 5519 ut
1091 5463 1135 5535 qui
1151 5463 1178 5517 in
1198 5473 1275 5535 petra
1291 5477 1339 5534 per
1353 5457 1511 5533 semetipsos
1532 5459 1625 5519 lodcre
1636 5469 1684 5518 ant
1697 5477 1752 5551 oon

1619 5537 1751 5562 -..a-at*
