3734 5948
57 248 110 309 8li
700 245 870 308 stitltotitts
883 245 918 308 ltt
936 246 1085 311 uolitat.
1648 252 1703 315 8¹8

58 374 209 432 secundum
216 388 263 430 cor
273 373 338 431 Dei:
349 375 527 433 Desiderium
536 391 695 450 pauperum
704 373 851 434 exaudivit
867 385 892 466 st
907 375 955 448 qui
973 375 1055 445 intus,
1074 384 1101 434 et
1119 375 1154 433 ab
1168 376 1211 433 bis
1229 376 1276 451 qui
1292 377 1358 435 loris
1377 386 1449 438 sunt.
1465 379 1567 453 ilabes,
1580 380 1703 455 inquam,

59 464 210 529 Dominus,
233 465 473 538 praeparationem
497 465 590 523 cordis
617 479 717 524 corum
741 463 854 522 audiuit
907 463 1052 531 iacintus,
1071 464 1176 525 etloris
1199 473 1356 539 unguenta;
1373 465 1500 541 quoniam
1521 467 1630 540 quidem
1647 483 1703 526 non

58 555 140 610 tauris
162 558 213 610 tua
227 555 314 611 tl’sui.
331 569 371 625 tx,
397 556 452 623 ιι).
475 553 611 610 Attendite
632 561 660 610 et
674 568 722 609 aas
735 552 812 610 vobis
827 552 855 609 in
908 564 1000 611 essent
1013 568 1084 626 quos
1097 555 1165 611 lacte
1180 553 1316 624 reficeres,
1331 556 1416 613 sinos
1435 556 1509 628 prins
1521 557 1604 616 (ιιοιι
1617 565 1703 616 attra-

57 642 136 699 amni
157 642 229 708 loco,
254 641 369 699 scientes
392 641 517 714 qnoniam
537 641 630 700 omnia
656 650 748 699 restra
770 643 853 710 norit,
909 647 997 700 heres.
1017 644 1087 700 Sana
1101 643 1192 700 dehis
1209 644 1365 718 unguentis,
1378 644 1478 716 siquid
1491 645 1602 721 dignum
1614 651 1704 706 cousi-

58 739 184 789 scrutans
199 732 280 788 corda
295 739 323 789 et
344 747 423 789 rencs
444 731 528 799 Deus,
543 733 590 803 qui
605 731 682 787 linxit
700 731 855 804 singillatim
909 734 1047 791 duratione
1069 734 1232 801 contineant,
1257 732 1392 791 videbitur
1414 735 1561 806 posthaec,
1580 751 1641 793 cum
1669 753 1703 794 eo

59 823 141 876 corda
154 830 253 884 vestra,
263 831 290 877 et
300 819 423 895 inteiligit
435 820 525 876 omnia
539 836 622 892 opera
636 828 738 879 vestra.
750 821 855 893 Sponsa
910 831 1017 879 rentum
1032 822 1122 895 luerit,
1136 823 1181 880 ubi
1193 823 1257 881 dicit
1270 823 1297 879 in
1309 823 1535 895 consequentibus
1551 842 1558 878 ε
1575 827 1608 882 ln
1621 826 1705 886 odore

59 925 126 983 ergo
148 925 278 980 sponsum
299 910 397 965 adessa
420 909 596 980 persentiens,
622 908 739 966 substitit
762 911 857 984 (pudet
909 918 1122 988 unquentorum
1134 918 1251 971 tuorum
1265 929 1415 972 tumemus
1427 917 1521 984 (Cant.
1537 930 1557 984 1,
1573 916 1610 988 3).
1626 916 1705 976 Nunc

59 999 132 1055 enim
143 998 362 1069 praesumptionis
371 998 399 1054 in
410 1015 462 1069 qua
472 1014 501 1055 se
510 1000 704 1069 deprehensam
720 999 853 1072 inteiligit,
907 1007 984 1078 juxta
1012 1006 1175 1079 promissum
1208 1013 1329 1062 nostrum
1354 1006 1412 1061 haec
1438 1005 1496 1076 ipsa
1525 1007 1617 1076 verba,
1642 1022 1704 1076 quae

60 1104 122 1144 nam
140 1087 317 1144 verecundius
337 1088 364 1142 id
389 1087 475 1144 moliri
498 1103 548 1159 per
565 1087 746 1145 intemuniios
760 1089 854 1145 existi-
909 1111 1016 1167 sponsas
1047 1096 1110 1153 data
1134 1102 1205 1160 sunt,
1234 1111 1269 1151 nn
1297 1101 1325 1151 et
1352 1109 1453 1166 sponso
1485 1105 1636 1169 congruant
1663 1095 1705 1153 νι-

60 1178 168 1250 marat);
193 1192 309 1250 moxque
332 1192 462 1234 conuersa
484 1177 517 1232 ad
547 1177 644 1248 ipsum,
668 1176 854 1246 temeritatem,
910 1187 1032 1241 neamus.

59 1274 143 1336 prout
154 1267 235 1335 ualet,
255 1283 384 1323 excusare
401 1274 535 1324 meatur:
555 1267 625 1335 Quia
643 1267 763 1326 meliora
778 1272 854 1332 sunt,
947 1276 974 1330 7.
989 1274 1095 1345 Sponsa
1108 1272 1237 1345 loquente
1255 1273 1290 1330 de
1313 1288 1424 1346 sponso,
1443 1280 1563 1345 repente,
1580 1281 1609 1330 ut
1623 1273 1704 1331 dixe-

59 1354 195 1426 issqllit'ssh
211 1356 296 1413 libera
311 1362 361 1413 tua
374 1358 450 1423 uina,
467 1358 631 1429 triturantia
645 1357 798 1428 uapmntn
813 1374 857 1430 op
911 1379 978 1430 ram,
992 1366 1069 1421 adest
1085 1362 1139 1429 ille,
1155 1363 1248 1420 annuit
1262 1374 1336 1430 voto,
1352 1365 1540 1434 datascuinm,
1560 1363 1707 1436 impletque

63 1446 152 1502 timis.
169 1446 208 1500 dc
223 1445 246 1500 si
264 1443 333 1501 dicat
349 1464 355 1503 :
371 1445 399 1502 Si
415 1448 498 1502 altum
520 1460 617 1516 sapere
638 1445 741 1510 videar,
763 1454 791 1502 tu
812 1446 855 1504 le·
910 1453 937 1508 in
958 1469 988 1509 ea
1003 1468 1147 1513 sermonen
1161 1452 1207 1524 qui
1223 1453 1389 1525 scriptusest
1405 1470 1411 1509 :
1429 1453 1706 1510 Desideriumcordis

61 1535 134 1603 cisti,
145 1549 161 1589 0
172 1549 281 1605 simite»
295 1536 341 1606 qui
351 1535 377 1591 in
388 1535 528 1592 dulcedine
542 1536 657 1590 uberum
669 1541 777 1591 i1¹0¹l¹¹¹¹
784 1541 858 1591 linit
911 1545 970 1615 ejrss
979 1542 1148 1611 tribuisiici,
1158 1549 1183 1600 et
1193 1544 1340 1599 uoluntate
1349 1541 1556 1615 iabiarnmejus
1563 1544 1707 1614 nontran-

62 1640 106 1679 me
133 1623 289 1697 dignatione
314 1623 427 1693 lactasti,
450 1632 585 1697 quatenus
607 1623 681 1679 omni
708 1631 792 1693 metu,
818 1623 857 1681 tui
911 1630 985 1688 desti
993 1631 1192 1702 conteratur.
1209 1628 1246 1700 3).
1263 1627 1342 1697 Οιιοιι
1362 1635 1388 1684 et
1402 1629 1500 1702 probat
1517 1645 1549 1683 er
1564 1631 1624 1699 aius
1639 1632 1707 1686 ube·

60 1711 203 1776 charitate,
224 1726 279 1768 non
294 1726 353 1766 mea
368 1710 516 1768 temeritate
530 1711 653 1783 depulso,
667 1710 781 1767 audeam
797 1711 858 1783 plus
873 1736 896 1816 n
911 1734 971 1774 rum
998 1718 1156 1790 repletione.
1183 1718 1275 1774 Tantae
1303 1733 1400 1789 nempe
1430 1716 1557 1774 efficaciae
1584 1719 1708 1776 osculum
1791 1710 1796 1714 ’

61 1800 134 1856 sorte
150 1816 230 1872 quam
255 1800 387 1870 expediat.
410 1799 503 1856 Audeo
528 1815 591 1855 sane
612 1799 719 1871 pietatis
742 1816 856 1868 memor,
912 1817 1033 1864 mactum
1048 1815 1100 1878 est,
1124 1814 1154 1864 nt
1172 1823 1204 1862 ex
1223 1808 1283 1878 ipso
1296 1821 1370 1874 mox,
1391 1822 1452 1863 cum
1474 1806 1607 1877 acceperit
1629 1807 1708 1877 iilud,

60 1888 204 1944 immemor
218 1888 375 1959 maiestatis.
385 1887 450 1945 Haec
459 1903 508 1960 pro
517 1889 658 1947 verborum
669 1890 859 1963 consequentia
912 1911 1013 1968 sponsa
1026 1896 1169 1966 concipiat,
1183 1894 1402 1951 tumescentibus
1416 1895 1547 1951 nimirum
1565 1894 1706 1962 uberibus,

63 1977 135 2032 dicia
150 1976 214 2033 Sini-
911 1985 1016 2042 etlacte
1030 1984 1105 2056 quasi
1124 1981 1375 2058 pinguescentibus,
1386 1983 1414 2038 in
1433 1983 1624 2039 testimoninm.
1635 1981 1708 2050 Qui-

100 2070 127 2121 5.
142 2066 219 2122 Nttnc
241 2065 327 2139 qualis
348 2067 383 2123 sit
404 2065 453 2123 ista
476 2066 591 2126 uberum
610 2067 704 2141 sponsi
717 2084 858 2125 commen·
913 2074 1091 2131 husstudinm
1106 2080 1235 2130 estorare
1255 2072 1418 2144 [requenter.
1433 2070 1538 2140 experti
1552 2078 1616 2128 sunt
1633 2071 1707 2142 quod

64 2154 148 2222 datio,
164 2153 309 2210 rideamus.
325 2155 388 2212 Duo
401 2155 493 2227 sponsi
505 2157 597 2220 ubera,
612 2157 667 2213 duo
682 2158 709 2212 in
723 2157 782 2229 ipso
796 2167 860 2214 sunt
913 2162 985 2220 dico.
1003 2162 1082 2234 Saepe
1102 2162 1185 2219 corde
1199 2160 1291 2232 tepido
1304 2167 1331 2217 et
1349 2161 1426 2216 ando
1441 2159 1595 2216 amedimns
1608 2160 1643 2216 ad
1662 2159 1706 2214 nl-

65 2243 194 2316 ingenitae
208 2244 696 2318 mansuetudinisargnmenta,quod
713 2247 859 2318 etpatien·
913 2260 978 2314 tare,
1012 2249 1126 2307 orationi
1155 2247 1347 2307 incumbimus.
1377 2246 1587 2304 Persistentibua
1616 2254 1709 2303 nomm

64 2340 106 2387 ter
133 2340 271 2404 exspectat
294 2332 515 2406 delinquentem,
540 2343 567 2390 et
591 2333 739 2391 clementer
765 2335 860 2407 recipit
912 2344 1024 2408 repente
1047 2336 1197 2393 infunditur
1217 2335 1314 2409 gratia,
1328 2334 1462 2409 pingascit
1488 2342 1592 2407 matus,
1621 2335 1709 2408 replet

64 2421 251 2491 paenitentem.
279 2421 405 2490 Gemina,
434 2421 555 2495 inquam,
584 2422 699 2480 dulcedo
720 2425 860 2482 suauitatis
911 2424 1014 2482 viscera
1027 2423 1166 2481 inundatio
1184 2421 1310 2496 pietatis;
1326 2423 1382 2479 etsi
1399 2422 1435 2479 sit
1455 2421 1502 2495 qui
1521 2429 1634 2494 premat,
1664 2422 1709 2480 lac

63 2510 197 2564 exuberat
216 2509 244 2563 in
268 2516 375 2580 pectore
394 2510 503 2565 Domini
524 2510 601 2579 iesu,
619 2510 805 2585 longanimitas
819 2513 859 2570 vi·
912 2521 1051 2586 conceptu
1064 2512 1215 2569 dulcedinis
1228 2510 1344 2567 ubertim
1354 2510 1468 2568 fundere
1479 2523 1534 2565 non
1549 2509 1707 2567 tardabunt.

64 2596 164 2652 delicet
187 2597 214 2653 in
237 2599 430 2671 exspectando,
450 2607 476 2655 et
497 2599 526 2657 in
546 2600 673 2658 donando
686 2599 809 2657 facilitas.
828 2601 859 2657 lit
912 2600 988 2658 Dicat
1002 2615 1094 2674 ergo:
1120 2600 1220 2666 Habes,
1240 2614 1352 2672 sponsa,
1381 2600 1455 2671 quod
1475 2597 1590 2670 petiisti,
1609 2603 1638 2654 et
1655 2598 1708 2655 hoc

62 2684 126 2742 audi
140 2684 203 2756 quie
217 2702 270 2742 non
292 2686 327 2743 sit
347 2687 399 2744 boc
419 2685 556 2745 inventum
580 2703 678 2746 meum.
698 2687 780 2762 Legis
793 2705 859 2761 pra·
912 2688 1088 2761 tibisignum,
1104 2688 1167 2761 quia
1181 2687 1291 2746 meliora
1304 2687 1374 2744 lacta
1387 2693 1451 2742 snut
1465 2685 1549 2744 ubera
1568 2692 1616 2743 tua
1632 2685 1707 2741 aina.

64 2772 134 2830 lecto
150 2773 183 2828 de
197 2773 399 2846 longanimitate
416 2793 422 2830 :
438 2777 482 2832 rln
504 2777 617 2834 diuitias
638 2777 772 2835 baesitatis
786 2781 857 2851 ojus,
911 2775 978 2833 ilinc
994 2785 1020 2832 te
1034 2774 1139 2834 seilicet
1152 2774 1261 2831 noveris
1278 2775 1401 2831 osculum
1423 2772 1571 2846 accepisse,
1595 2772 1669 2845 quod
1681 2782 1710 2830 ta

64 2866 93 2920 et
107 2864 265 2935 patientioe,
282 2868 310 2920 et
326 2865 553 2937 longanimitatis
571 2865 753 2923 contemnis?
765 2867 857 2926 item:
911 2865 1070 2936 concepisse
1095 2863 1191 2920 sentis.
1215 2863 1292 2921 Unde
1324 2863 1447 2921 etnbera
1465 2862 1513 2919 tibi
1528 2861 1709 2930 intumarunt,

64 2951 108 3008 rin
122 2952 236 3022 ignoras
250 2954 317 3025 quio
331 2951 487 3024 bmipnitas
501 2954 550 3011 Dei
563 2953 600 3011 ad
614 2954 816 3025 paenitentiam
831 2958 859 3013 te
914 2954 981 3011 lacta
995 2953 1022 3009 in
1037 2954 1160 3010 ubertate
1175 2953 1253 3008 iactis
1266 2951 1378 3008 meliora
1391 2951 1455 3007 aino
1478 2949 1597 3008 scientia
1617 2966 1707 3007 sanem

64 3039 202 3096 adducit?
222 3040 311 3112 (liam.
334 3056 366 3110 rt,
389 3041 429 3109 t.)
453 3041 494 3096 dd
520 3043 571 3098 hoc
584 3039 718 3112 siquidem
733 3041 779 3098 din
794 3059 858 3099 sus·
874 3040 896 3119 Β
914 3043 987 3112 laria,
1001 3040 1072 3115 (ιιι.)
1082 3044 1165 3107 alias,
1176 3039 1272 3112 qnod]
1288 3041 1396 3112 quidem
1407 3038 1531 3105 inebriat,
1546 3040 1596 3094 sed
1610 3038 1705 3096 corio-

64 3128 159 3201 pendit
172 3128 330 3184 mumadam
342 3127 452 3186 ultionis
470 3145 487 3185 a
501 3137 699 3197 contemnente,
722 3139 751 3187 ut
768 3147 859 3202 quan·
913 3134 1001 3199 aitate,
1016 3146 1070 3188 non
1080 3130 1224 3198 charitate;
1240 3130 1366 3201 implens,
1378 3144 1430 3187 non
1444 3127 1585 3197 uutrleua;
1600 3127 1707 3199 indens,

63 3215 153 3287 doque
175 3217 299 3276 exhibeat
322 3217 438 3290 gratiam
465 3218 633 3275 remissionis
655 3218 685 3275 in
703 3219 857 3289 paenitente.
912 3236 967 3277 non
986 3218 1135 3285 edideram
1150 3219 1330 3291 ingurgitans,
1346 3231 1403 3274 non
1422 3217 1591 3275 confortans.

64 3305 124 3361 Non
138 3305 210 3361 enim
221 3307 277 3363 vult
290 3317 404 3363 mortem
419 3307 582 3377 peccatoris,
604 3309 652 3364 sod
668 3316 699 3364 ut
713 3315 859 3365 converta-
948 3313 974 3365 8.
990 3309 1042 3367 Sed
1056 3308 1187 3366 demuset
1201 3305 1340 3365 sodalibus
1352 3306 1402 3363 ista
1412 3306 1583 3377 depromere.
1595 3306 1709 3377 minate,

65 3401 119 3463 tur,
135 3395 258 3450 etvivat.
283 3395 417 3451 Ponamus
440 3396 561 3467 exempla
577 3395 857 3462 otdaaltcroubere,
912 3397 1046 3470 inquiunt,
1076 3411 1230 3454 murmuras
1256 3396 1385 3453 adversos
1403 3410 1555 3468 sponsam3
1589 3394 1654 3466 quia
1681 3393 1710 3451 id

64 3481 253 3554 quoddictum
266 3483 857 3557 eatremittendilacilitna.begisetdaipsa:
912 3486 1193 3559 piusvaletquodille
1205 3484 1359 3557 jamdedtt,
1388 3501 1471 3557 quam
1489 3483 1606 3555 quadiu
1626 3483 1707 3554 petis.

68 3574 237 3646 Quacumque
260 3572 328 3630 bora
350 3574 522 3645 ingemuerit
542 3577 683 3645 peccator,
711 3576 858 3647 puratum
912 3575 1076 3645 Quadanim
1094 3575 1224 3648 pustulas,
1240 3573 1387 3646 tequidem
1401 3572 1532 3637 delectam
1544 3572 1593 3628 sed
1612 3571 1708 3642 ubera,

64 3679 149 3719 suum
162 3665 327 3720 remittetur
340 3664 367 3718 ci
382 3662 493 3732 (Erech.
508 3676 613 3726 xxxtrt,
634 3666 676 3725 ll,
694 3663 749 3734 iil:
764 3662 834 3734 legis
849 3679 856 3717 :
912 3664 1011 3737 quibos
1026 3664 1154 3734 paruulos
1167 3662 1227 3732 alis,
1247 3677 1316 3734 quos
1333 3668 1361 3717 et
1375 3659 1459 3731 paria,
1469 3659 1590 3727 meliora,
1602 3658 1708 3715 hccest

65 3752 249 3825 Dereiinquat
261 3753 365 3824 impius·
380 3754 556 3816 emmenum,
571 3754 600 3806 et
618 3751 663 3806 uir
685 3751 800 3824 iniquus
814 3767 859 3808 co·
912 3750 1106 3816 necessariora,
1131 3758 1196 3807 sunt
1217 3748 1280 3805 rino
1299 3745 1545 3816 contemplationis.
1565 3745 1645 3802 Aliud
1664 3745 1706 3801 si-

65 3841 215 3912 pitationes
229 3857 305 3904 suaa,
321 3845 350 3898 et
364 3843 527 3897 reuertatur
539 3840 577 3896 ud
589 3840 751 3905 Dominum,
768 3842 796 3896 ct
805 3839 859 3895 mi·
913 3840 1022 3912 quidem
1032 3847 1072 3894 est
1081 3839 1153 3909 quod
1168 3838 1248 3893 unius
1261 3835 1378 3892 latificat
1392 3851 1439 3892 car
1453 3834 1581 3901 hominis,
1592 3843 1619 3891 et
1634 3833 1709 3892 aliud

65 3930 205 3988 serabitur
230 3932 307 4003 eiua·
332 3933 361 3988 ot
385 3930 421 3986 ad
442 3931 532 3986 Deam
554 3931 695 3994 nostrum,
724 3929 860 4000 quoniam
912 3927 985 4001 quod
1009 3926 1124 3983 aedificat
1140 3925 1250 3982 multos.
1273 3926 1343 3981 liam
1361 3922 1412 3980 etsi
1426 3922 1527 3980 Rachel
1555 3921 1709 3991 formosior,

64 4021 174 4076 multus
189 4025 230 4077 eat
243 4018 281 4076 od
294 4019 497 4092 iprtoscendum
514 4018 593 4089 (lsai.
615 4031 662 4079 aa,
685 4016 726 4088 ι).
745 4016 860 4073 Pulchre
914 4017 961 4073 scd
976 4015 1022 4072 bia
1036 4015 1234 4072 fecundiorest.
1245 4012 1306 4072 Noli
1316 4027 1381 4086 orgo
1395 4011 1475 4068 nimis
1482 4011 1608 4069 insistere
1630 4025 1712 4067 oscu-

65 4107 148 4163 David
163 4107 255 4176 paucis
269 4107 471 4178 comprehendit
484 4114 637 4180 utrumqne.
653 4106 745 4161 dicens
761 4122 768 4163 :
786 4108 860 4164 ion·
914 4103 948 4160 lis
964 4102 1214 4175 contemplationis3
1230 4101 1294 4175 qnia
1308 4100 1421 4158 meliora
1440 4108 1502 4157 sunt
1514 4102 1597 4156 ubera
1611 4099 1709 4172 praedi·

65 4195 197 4266 punimis‚
213 4200 241 4251 et
255 4193 367 4253 18⁹0
379 4199 506 4254 muitum
528 4196 689 4253 mnerimrs
709 4196 859 4265 (Pactam
915 4193 1039 4251 cationis.

66 4286 123 4354 ιο),
149 4283 236 4351 liujus
258 4286 457 4357 ergogeminae
477 4284 606 4340 bonitatis
629 4284 860 4358 experimentato
951 4286 977 4339 9.
1000 4281 1125 4340 Occurrit
1140 4289 1167 4340 et
1189 4280 1260 4338 alius
1274 4296 1382 4346 musae,
1411 4293 1491 4351 quam
1519 4275 1630 4349 quidem
1656 4289 1712 4334 uon

66 4389 126 4430 eam
141 4388 171 4427 se
185 4369 306 4429 fiduciam
321 4374 470 4430 ennemase
481 4373 579 4431 latetur
589 4390 698 4445 sponsa,
710 4373 860 4430 utauderct
875 4345 899 4425 ὓ
914 4386 1117 4442 proposueram,
1142 4370 1190 4428 sed
1205 4368 1317 4425 minime
1345 4365 1499 4439 praeteribo.
1520 4363 1621 4436 thuid
1633 4361 1712 4420 enim

66 4471 158 4533 petere
173 4461 307 4517 osculnm.
323 4461 393 4530 Quid
407 4463 516 4533 mirum,
528 4464 629 4530 dicans,
641 4464 664 4519 si
676 4463 716 4520 sic
727 4476 860 4537 praesumo
914 4462 996 4517 rerba
1014 4461 1072 4517 haec
1085 4475 1140 4515 non
1155 4458 1243 4532 magis
1265 4457 1410 4515 convenire
1434 4454 1556 4512 dicemus
1579 4451 1619 4509 eia
1632 4452 1710 4524 ipsis,

65 4551 100 4607 de
120 4559 156 4618 tc,
173 4566 313 4620 asponae,
340 4566 401 4622 quae
422 4552 455 4606 de
479 4551 532 4607 tuis
546 4552 674 4608 uberibus
687 4559 787 4607 tanum
801 4567 861 4608 sum
915 4548 1013 4618 quihus
1038 4556 1136 4619 praeest
1162 4547 1189 4601 in
1213 4545 1407 4610 sollicitudine,
1426 4551 1551 4616 tanquam
1572 4539 1709 4612 vparvulis,

65 4650 177 4713 experta
190 4640 381 4696 abundantiam
395 4640 557 4696 suauitatis?
571 4642 645 4714 Ergo
659 4641 694 4697 ad
708 4640 861 4697 audendum
916 4645 1001 4693 mater
1024 4645 1073 4691 aut
1095 4632 1207 4691 nutriri
1235 4633 1293 4689 Nec
1317 4631 1389 4688 enim
1416 4629 1602 4703 equanimiter
1624 4627 1714 4687 lerunt

66 4747 111 4786 me
130 4736 261 4801 provocat
272 4729 386 4786 dulcedo
404 4730 516 4786 uberum
533 4738 652 4797 tuorum,
669 4745 723 4787 non
738 4745 862 4787 meorum
913 4724 1064 4798 iuvencniae
1091 4731 1118 4779 et
1145 4730 1245 4780 maara
1266 4721 1354 4777 adhuc
1380 4720 1485 4786 aalma,
1515 4717 1592 4776 illum
1617 4732 1713 4776 vacare

66 4818 229 4874 confidentia
244 4818 410 4876 attritorum.
916 4813 1010 4886 quieti,
1029 4813 1109 4885 cujus
1128 4811 1233 4882 plenius
1250 4810 1352 4869 crudiri
1370 4809 1503 4875 coeman,
1533 4815 1561 4864 et
1583 4806 1714 4877 exemplis

103 4909 129 4961 6.
146 4906 224 4976 Quod
240 4915 328 4963 autem
340 4906 415 4963 dicit:
426 4906 541 4965 lleiiora
550 4910 620 4965 sunt
630 4907 717 4964 ubera
725 4907 860 4973 tuncino,
916 4901 1055 4959 informari
1082 4900 1243 4958 desiderant.
1269 4904 1313 4958 lin
1338 4913 1393 4956 nan
1422 4897 1541 4969 danique
1564 4895 1660 4954 aium
1675 4893 1714 4950 ,ιιι

66 4996 119 5051 hoc
143 5002 206 5051 cst:
233 4996 373 5069 Pinguedo
400 4995 506 5073 gratiae,
532 5012 592 5067 quae
614 4998 647 5052 de
666 4997 718 5052 tuis
732 4995 862 5052 uberibus
916 4991 1091 5064 subsequenti
1110 4989 1293 5061 compescitur
1317 4986 1486 5061 inquietudo,
1510 4984 1557 5042 ubi
1570 4983 1622 5041 sub
1636 4982 1713 5058 gravi

68 5084 138 5151 linit,
163 5084 298 5142 ellicacior
320 5085 385 5141 milti
406 5092 446 5143 est
468 5085 503 5142 ad
518 5083 685 5158 spiritualem
700 5084 861 5156 proiectum,
916 5080 1109 5137 commatatione
1125 5073 1593 5151 prohibentursuscitaredilectam,
1610 5085 1713 5144 quous·

66 5189 148 5245 quam
174 5175 286 5230 mordax
312 5174 470 5245 imprecatio
493 5175 679 5247 praelatarum.
699 5175 756 5231 Nec
776 5173 863 5230 solum
916 5184 969 5243 quc
985 5169 1044 5241 ipsa
1059 5166 1145 5224 vetiti
1159 5168 1256 5239 (Cant.
1277 5168 1313 5236 ll,
1334 5165 1375 5236 i.)
1395 5166 1441 5220 llae
1460 5164 1546 5236 itique
1568 5161 1715 5220 sentientes

67 5264 188 5321 meliora
198 5263 330 5333 oino,sed
346 5268 375 5320 et
387 5263 550 5337 fragrantia
563 5265 718 5336 ungnentir
731 5264 862 5337 optima,-
918 5257 1020 5315 osculis
1033 5256 1136 5313 inhiare
1152 5268 1289 5332 sponsam,
1305 5261 1440 5312 secretum
1454 5268 1576 5327 (luterem
1589 5250 1652 5318 tibi·
1667 5248 1714 5306 lu·

68 5352 132 5425 quia
154 5367 208 5407 non
233 5353 312 5410 modo
335 5351 449 5408 internas
471 5351 702 5410 dulcedinis‘lacta
716 5357 865 5422 presentes
917 5346 1002 5422 gitare
1015 5345 1165 5419 pubiicum,
1184 5344 1318 5401 declinare
1337 5345 1438 5410 turbas,
1458 5350 1486 5399 at
1502 5357 1577 5400 curae
1591 5341 1713 5413 ipsarum

67 5439 127 5509 alis,
142 5441 190 5496 sed
204 5441 283 5498 bonae
298 5456 407 5516 quoque
419 5439 554 5513 opinionis
568 5447 646 5517 grato
659 5439 745 5498 odore
758 5453 864 5512 respor-
917 5434 1054 5508 proprium
1076 5432 1203 5507 praelerre
1224 5431 1343 5507 quictem
1358 5449 1366 5488 ι
1385 5430 1456 5499 Noli,
1479 5429 1618 5504 inquiunt,
1638 5427 1714 5497 noli;

66 5528 110 5603 gis
124 5531 259 5601 absentas,
274 5533 377 5592 bonurn
400 5531 503 5591 tanaus
518 5529 708 5626 tetimonium
729 5534 758 5587 et
770 5528 806 5587 ab
819 5527 863 5588 bis
916 5523 982 5599 quia
992 5525 1081 5596 major
1099 5521 1270 5584 inubaribns
1286 5520 1409 5598 quanin
1428 5518 1597 5594 amplexibus
1609 5516 1716 5589 imatus
