3734 5948
124 209 180 266 tau
598 213 635 273 ιιι
653 210 765 276 vasso
784 216 834 274 ss
847 215 957 274 ‘ravel
976 207 1275 273 ermulissauo
1290 213 1313 275 1.
1728 220 1782 277 sos

123 340 306 394 mnrersatus
319 339 370 405 esi,
386 349 443 391 uon
455 335 600 396 declinavit
616 339 650 395 ad
665 342 814 410 dexteram,
830 357 920 416 neque
939 359 964 438 st
980 338 1098 396 maxima
1115 345 1158 396 est
1171 337 1304 396 dolorum.
1323 338 1424 398 lfcmor
1438 341 1484 410 sui
1497 342 1559 407 Dei,
1569 341 1668 398 clamat
1680 342 1778 412 justus,

122 422 158 478 ad
172 422 332 481 sinistram:
348 425 397 480 sed
412 423 483 483 viam
505 427 608 498 regiam
625 431 720 500 tenuit,
741 431 830 489 doueo
842 431 922 490 veni·
979 435 1006 488 ct
1020 429 1178 488 deiecimus
1190 445 1273 486 sum:
1290 428 1339 484 sed
1354 435 1382 484 et
1395 428 1485 483 setim
1498 429 1650 504 subjungit,
1672 432 1782 503 Defecit

123 520 166 568 ret
182 510 218 567 ad
232 511 307 568 illum
322 512 368 585 qui
383 512 456 580 dicit,
473 517 527 586 Epo
552 533 615 573 rum
633 520 689 586 oin,
705 522 808 578 ceritm
822 523 851 577 ct
865 520 924 577 vila
977 521 1096 592 spiritus
1110 533 1200 582 meus.
1218 517 1351 575 turbatur
1364 534 1441 586 aum,
1456 523 1553 576 cinon
1579 536 1645 576 sam
1668 522 1780 580 locatus

123 602 221 672 (loon.
236 616 297 669 nrv,
313 603 352 671 (i).
368 603 514 659 Intuemini
528 604 704 663 bumilitatem
719 624 833 678 operum
852 609 923 678 ejus,
979 610 1064 677 (Pani.
1081 622 1179 669 anxvr.
1199 609 1225 677 t,
1241 608 1277 673 b).

122 689 314 747 anctoritatem
326 690 471 749 verborum
497 694 567 764 ejus,
592 703 619 750 et
632 702 698 751 tunc
712 696 839 753 videbitis
854 711 924 769 quo·
1015 701 1041 753 l.
1058 696 1137 766 Quod
1161 697 1183 751 si
1206 696 1264 752 baeo
1288 695 1316 751 in
1340 694 1444 768 Vigiliis
1463 695 1678 768 uuiuscujusque
1692 699 1778 756 sancti

122 779 207 836 modo
222 786 277 834 tam
293 780 377 835 verbo
395 797 476 852 quam
498 783 622 853 exemplo
637 784 734 840 luxerit
749 785 820 841 inter
834 785 924 840 bomi-
978 785 1098 858 cogitare
1121 785 1264 853 debemus,
1299 783 1364 856 quid
1400 783 1531 840 faciemus
1555 785 1584 840 iu
1606 786 1778 845 solemnitate

122 885 189 936 nes;
214 869 306 940 qualia
329 870 410 925 nobis
434 870 550 944 vestigia
569 872 756 946 dereliquerit,
790 873 875 931 988
895 884 926 931 ut
979 882 1134 930 sanctorum
1159 881 1186 929 et
1209 888 1377 928 summorum
1398 874 1614 944 Apostolorum?
1629 876 1735 931 Petrum
1751 886 1779 936 et

122 958 295 1015 ambulemus
314 975 364 1029 per
378 975 420 1026 ea,
439 967 468 1016 et
494 976 549 1017 nou
571 978 695 1018 erremus
721 962 750 1018 iu
770 963 819 1021 eis.
844 962 924 1032 Vere,
978 962 1088 1019 Paulum
1111 961 1216 1034 loquor.
1241 961 1385 1018 Sufficeret
1413 963 1492 1017 unius
1522 962 1655 1019 festivitas
1678 965 1713 1019 ad
1735 964 1778 1020 iu·

119 1048 200 1116 juxta
208 1048 380 1119 prophetam,
389 1050 496 1106 Samira
501 1052 578 1122 justi
586 1058 665 1109 recta
674 1056 726 1117 cst,
739 1057 832 1110 rectus
843 1053 926 1110 collis
978 1051 1145 1107 fundendam
1165 1050 1375 1106 exsultationem
1385 1050 1633 1107 universaeterrae:
1649 1053 1699 1107 sed
1716 1068 1777 1109 am·

116 1138 194 1208 justi
207 1138 246 1193 ud
258 1137 464 1195 ambulandum
475 1139 551 1207 (lsai.
567 1155 647 1209 xxva,
663 1143 702 1212 7).
807 1195 809 1201 ,
978 1142 1074 1197 borum
1087 1141 1180 1211 juncta
1198 1148 1241 1196 est
1259 1139 1293 1193 ad
1314 1139 1450 1195 cumulum
1472 1138 1642 1212 gaudiorum,
1667 1148 1697 1197 ut
1711 1157 1778 1214 quo·

157 1228 185 1280 3.
204 1224 260 1282 Sed
274 1232 302 1282 et
316 1225 481 1298 diligentiori
494 1226 593 1284 intuitu
607 1230 925 1287 confusionemnostram
978 1230 1059 1285 modo
1079 1229 1106 1284 iu
1125 1229 1179 1285 vita
1198 1245 1247 1285 sua
1271 1226 1426 1285 dilexerunt
1445 1244 1486 1297 se,
1509 1228 1546 1284 ita
1564 1229 1592 1284 in
1614 1238 1702 1286 morte
1721 1246 1776 1286 uon

121 1314 320 1384 inspiciamus:
336 1315 399 1387 quia
413 1317 495 1373 borno
513 1317 559 1373 ille
585 1318 680 1375 similis
693 1319 771 1376 nobis
785 1318 836 1375 fuit
859 1335 925 1390 pas·
978 1319 1032 1373 sint
1052 1317 1182 1389 separati.
1209 1315 1279 1385 Quid
1302 1316 1354 1372 illis
1377 1317 1515 1388 potentius
1533 1318 1598 1373 dum
1615 1317 1724 1375 fuerunt
1746 1319 1776 1375 in
1855 1372 1862 1386 .

121 1403 220 1470 sibilis,
236 1421 270 1461 cn
281 1405 380 1461 eodem
398 1405 455 1461 luto
471 1406 602 1463 formatus
617 1423 651 1464 ex
665 1425 720 1481 qno
731 1417 758 1465 et
770 1424 836 1465 uos:
853 1407 924 1478 Quid
979 1407 1067 1474 terris,
1083 1420 1199 1478 quorum
1213 1405 1292 1462 alteri
1317 1407 1461 1462 traduntur
1484 1407 1573 1464 claves
1592 1408 1670 1479 regui
1689 1408 1774 1464 coelo-

123 1497 191 1566 ergo
207 1500 259 1562 est,
276 1493 349 1565 quod
364 1509 419 1551 nou
443 1495 531 1550 solum
554 1493 673 1565 difficile,
691 1498 740 1554 sed
755 1497 924 1569 etimpossi-
978 1511 1047 1563 rum,
1065 1495 1142 1552 alteri
1162 1495 1347 1570 magisterium
1375 1495 1532 1551 Gentium:
1561 1495 1630 1552 alter
1643 1497 1776 1552 Ananiam

124 1583 179 1639 bile
198 1582 347 1649 oredimus,
361 1590 392 1639 ut
409 1583 540 1640 faciamus
559 1600 644 1656 opera
661 1604 723 1658 quae
744 1587 819 1654 fecit,
831 1595 861 1643 ut
875 1603 922 1643 se·
978 1592 1005 1640 et
1019 1584 1179 1656 Sapphiram
1192 1584 1291 1641 occidit
1313 1584 1342 1640 iu
1355 1584 1447 1642 verbis
1469 1585 1524 1641 oris
1543 1585 1595 1652 sui,
1610 1585 1680 1642 aller
1692 1586 1778 1642 donat

121 1688 239 1743 quamur
260 1671 376 1744 vestigia
398 1674 485 1743 ejas?
516 1673 730 1742 confundamur,
760 1675 868 1744 fratres,
895 1683 924 1733 et
939 1663 961 1740 Β
976 1674 1107 1747 quidquid
1124 1673 1207 1730 donat
1219 1673 1247 1728 in
1264 1687 1380 1744 persona
1403 1673 1520 1745 Christi;
1536 1682 1636 1732 etcum
1649 1674 1776 1731 infirma·

122 1758 367 1843 contremiscamus
402 1761 436 1815 ad
473 1777 568 1818 vocem
604 1763 692 1833 istam,
722 1765 745 1821 si
766 1764 836 1821 forte
863 1765 922 1822 baec
977 1773 1029 1833 tur,
1051 1762 1224 1819 tuucfortior
1245 1770 1331 1819 estet
1354 1765 1476 1834 potens?
1501 1763 1587 1833 Quam
1605 1764 1776 1837 potentiores

122 1849 248 1907 confusio
276 1849 394 1907 adducat
416 1850 494 1907 nobis
516 1851 640 1926 gloriam,
664 1853 687 1908 si
711 1853 780 1910 forte
807 1865 923 1926 generet
976 1859 1040 1908 suut
1057 1852 1179 1919 iucoelis,
1195 1852 1241 1924 qui
1269 1860 1324 1907 tam
1347 1859 1474 1923 potentes
1500 1850 1611 1908 fuerunt
1631 1854 1660 1908 in
1674 1852 1773 1910 terrisl

120 1937 240 2011 gratiam
263 1937 343 1995 uobis
363 1938 443 1995 timor
456 1941 519 1996 iste.
544 1941 675 1998 Homines
689 1941 733 1998 isti
748 1943 859 1998 luerunt
873 1943 920 2015 qui
975 1941 1009 1996 Et
1030 1941 1076 2013 qrri
1105 1942 1185 1998 nobis
1206 1941 1376 2013 reliquerunt
1404 1943 1508 2012 majora
1528 1943 1663 2013 exempla,
1692 1957 1774 2015 quam

120 2033 321 2098 praecesserunt
340 2042 399 2094 nos,
415 2029 462 2101 qui
477 2037 532 2085 tam
546 2030 709 2088 mirabiliter
726 2039 921 2103 processerunt
973 2029 1010 2086 illi
1024 2031 1071 2101 qui
1088 2030 1116 2086 iu
1131 2029 1202 2087 fame
1221 2036 1250 2086 et
1263 2030 1315 2098 siti,
1336 2030 1365 2085 iu
1381 2028 1483 2101 frigore
1511 2038 1539 2086 et
1555 2029 1688 2096 nuditate,
1704 2038 1733 2087 et
1746 2029 1775 2084 in

118 2131 169 2189 per
183 2117 243 2191 vias
255 2117 328 2184 vitre,
343 2125 373 2173 ut
396 2117 442 2174 vix
460 2134 508 2175 eos
525 2120 649 2176 homines
663 2120 745 2177 fuisse
762 2121 920 2178 credamus.
973 2119 1099 2175 omuibus
1113 2119 1165 2174 illis
1179 2133 1240 2190 quae
1255 2119 1351 2174 Paulus
1366 2127 1508 2175 enumerat
1522 2118 1561 2187 (ll
1577 2120 1638 2177 Cor.
1668 2135 1710 2186 xa,
1725 2123 1776 2176 23-

118 2203 164 2261 Sic
187 2220 256 2277 ergo
276 2205 305 2261 in
324 2215 480 2264 martorum
503 2209 695 2265 festivitatibus
713 2217 742 2265 et
755 2210 876 2284 gaudere
891 2216 919 2266 et
974 2211 1025 2279 333
1043 2208 1126 2266 llcbr.
1143 2223 1181 2269 xa.
1197 2208 1309 2279 36-38),
1323 2206 1425 2279 jugiter
1439 2213 1502 2263 sunt
1514 2206 1607 2263 afflicti
1621 2214 1648 2264 et
1663 2208 1774 2266 demum

118 2291 248 2350 confundi
262 2294 412 2353 debemus:
434 2297 565 2369 gaudere,
583 2299 646 2370 quia
660 2305 790 2371 patronos
804 2298 916 2371 praemi-
974 2295 1046 2352 felici
1060 2296 1189 2368 martyrio
1206 2311 1292 2381 regua
1306 2296 1428 2352 coelestia
1442 2296 1686 2352 conscenderunt?
1701 2299 1773 2355 Vere

117 2381 219 2451 simus;
234 2382 375 2451 confundi,
403 2386 467 2456 quia
490 2403 538 2443 eos
561 2387 660 2443 imitari
682 2384 916 2458 uou'possnmus.
973 2384 1052 2440 uobis
1065 2384 1150 2441 rubor
1172 2382 1340 2440 confusionis
1363 2391 1436 2451 suut,
1461 2399 1530 2456 quos
1552 2384 1596 2440 vir
1624 2385 1773 2443 audeamus

116 2471 158 2526 lta
172 2487 285 2544 semper
302 2473 429 2543 gaudium
450 2483 571 2532 nostrum
587 2477 614 2532 in
628 2478 679 2533 hac
702 2476 771 2532 valle
785 2476 919 2548 lacryma·
973 2472 1174 2544 respicerem
1193 2471 1282 2528 dicam
1309 2472 1418 2530 imitari.
1443 2472 1560 2529 Oremus
1586 2486 1653 2543 ergo
1674 2489 1724 2531 eos
1742 2482 1774 2531 ut

115 2575 187 2627 mm,
216 2559 399 2632 lacrymarum
428 2578 498 2635 pane
525 2565 631 2621 condiri
653 2565 746 2628 debet,
765 2572 794 2620 ut
809 2579 918 2636 semper
971 2561 1024 2633 ipsi
1044 2561 1192 2634 propitium
1218 2561 1297 2618 nobis
1320 2561 1436 2618 reddant
1456 2560 1572 2618 amicum
1595 2577 1684 2632 suum,
1698 2564 1772 2634 judi·

116 2664 171 2705 non
189 2649 279 2706 solum
293 2657 430 2720 extrema;
446 2652 493 2709 sed
509 2661 537 2710 et
551 2654 638 2724 prima
651 2654 742 2725 gaudii
756 2653 844 2709 luctus
868 2667 916 2709 oc·
972 2666 1031 2707 cem
1060 2658 1193 2717 nostrum,
1219 2651 1265 2723 qai
1280 2658 1322 2708 est
1340 2651 1415 2708 Deus
1432 2648 1595 2709 benedictus
1611 2651 1641 2708 iu
1661 2653 1770 2710 saccula.

114 2746 214 2810 capet:
232 2738 297 2812 quia
307 2741 358 2797 etsi
372 2758 472 2815 magua
486 2751 528 2800 est
542 2743 703 2815 gaudiorum
726 2742 850 2814 materia,
866 2740 916 2798 sed
972 2743 1070 2797 Amen.

486 2892 525 2958 IN
546 2893 672 2959 FESTO
693 2894 748 2960 SS.
773 2893 895 2960 Pelei
909 2845 1095 2956 blesum
1115 2887 1409 2956 APOSTOLORUM.

440 2998 558 3055 SERlIO
574 3000 595 3055 l.
930 3019 953 3100 c
971 2997 1075 3072 grande
1090 2998 1185 3054 Petrus
1199 2996 1353 3068 apostolus;
1378 3004 1406 3053 et
1428 2996 1551 3054 fortassis
1571 3013 1625 3071 quo
1639 3000 1771 3071 grandius

112 3108 152 3164 De
166 3105 412 3177 triplicicustodiu
425 3107 913 3177 quumaposlolifanbcnfaapcrnos,
970 3085 1072 3142 ”Ullum
1100 3093 1157 3141 ⁰⁵⁸²
1187 3093 1214 3141 ²¹
1237 3093 1292 3141 ‘²¹¹¹
1324 3085 1503 3156 V⁰¹⁰⁶i³⁸im⁰v
1533 3102 1614 3160 quam
1643 3087 1769 3145 simillime

167 3177 238 3234 etde
253 3176 346 3233 mbos
360 3177 492 3249 prodicus
513 3180 733 3236 concertationis
745 3183 859 3236 nostre.
968 3174 1075 3231 veniam
1085 3181 1248 3231 consecutus
1273 3181 1325 3242 est,
1346 3182 1374 3231 et
1387 3175 1436 3245 sic,
1466 3182 1496 3230 ut
1513 3175 1579 3231 nibil
1595 3175 1630 3232 de
1645 3174 1767 3248 siugula-

150 3269 175 3320 l.
193 3262 320 3320 Gloriosa
343 3264 423 3320 nobis
446 3262 605 3320 solemnitas
626 3265 723 3334 illuxit,
745 3279 827 3339 quam
842 3280 913 3336 prae·
967 3263 1047 3319 ritate
1066 3263 1109 3319 sui
1122 3261 1253 3333 primatus
1274 3263 1420 3321 amitteret.
1447 3264 1502 3322 Sed
1527 3265 1666 3322 ctPaulus
1680 3266 1768 3339 quiin

112 3353 178 3410 clari
192 3358 337 3423 martyres,
364 3362 499 3425 matyrum
525 3356 617 3423 duces,
638 3355 823 3426 apostolorum
838 3355 913 3427 prin·
966 3351 1026 3424 ipsa
1054 3352 1160 3410 viscera
1183 3352 1320 3410 nascentis
1347 3353 1478 3411 Ecclesiae
1510 3361 1565 3410 tam
1593 3355 1769 3429 singulariter

111 3443 198 3514 cipes,
214 3448 303 3498 morte
316 3440 467 3498 clarissima
489 3452 693 3502 consecrarunt.
715 3445 762 3500 lsti
781 3452 845 3501 sunt
860 3446 911 3501 Pe·
966 3457 1047 3513 wem
1061 3441 1310 3521 incomparabiliter
1327 3451 1467 3515 grassatus
1480 3449 1531 3509 cst,
1546 3459 1595 3515 per
1608 3443 1694 3515 ipsius
1706 3444 1767 3502 Filii

112 3536 171 3584 trus
184 3538 215 3585 et
228 3528 336 3599 Paulus,
359 3530 413 3586 duo
428 3545 527 3604 magna
544 3532 697 3602 luminaria,
713 3549 781 3606 quos
795 3533 869 3591 Deus
881 3533 911 3590 iu
965 3530 1017 3587 Dei
1035 3546 1130 3588 vocem
1144 3530 1179 3585 ad
1194 3529 1276 3586 fidem
1288 3531 1442 3599 adducitur,
1459 3541 1488 3588 ct
1510 3546 1560 3604 pro
1585 3533 1668 3588 tantm
1688 3533 1765 3590 malis

110 3633 226 3689 corpore
241 3618 373 3675 Ecclesiae
387 3635 444 3676 suae
465 3621 603 3678 constituit
622 3622 699 3693 quasi
713 3621 851 3695 geminum
868 3623 910 3678 lu·
966 3620 1047 3677 taulis
1060 3620 1139 3677 bouis
1152 3620 1275 3692 repletus
1295 3627 1348 3686 est,
1368 3630 1398 3675 ut
1413 3620 1464 3676 Vae
1481 3619 1622 3677 electionis
1635 3619 1717 3679 fieret
1729 3622 1765 3677 ad

110 3723 175 3763 men
188 3705 339 3763 oculorum.
356 3708 388 3764 lii
403 3708 468 3764 mihi
492 3710 582 3766 traditi
603 3710 710 3767 suntin
724 3711 870 3782 magistros
882 3721 911 3769 et
963 3710 1128 3784 portandum
1146 3722 1248 3766 nomeu
1262 3711 1321 3781 ejus
1335 3724 1428 3765 coram
1441 3708 1579 3782 gentibus,
1597 3718 1625 3765 et
1640 3709 1762 3782 regibus,

109 3794 137 3852 in
153 3796 328 3865 mediatores,
355 3798 454 3870 quibus
476 3815 573 3857 secure
596 3816 640 3858 me
661 3800 833 3858 committere
846 3817 910 3875 pos-
963 3808 992 3857 et
1005 3799 1067 3856 filiis
1080 3800 1164 3855 lsrael
1177 3800 1251 3870 (Act.
1267 3813 1306 3863 rx,
1331 3797 1394 3869 lb):
1416 3811 1465 3853 vas
1479 3797 1602 3872 dignum,
1623 3806 1650 3854 et
1668 3798 1764 3855 coeles·

107 3886 179 3942 sim:
197 3887 260 3960 qnia
279 3895 307 3944 et
334 3896 413 3945 notas
427 3889 492 3945 mibi
506 3888 631 3947 feceruut
653 3891 710 3946 vias
724 3891 796 3964 vitae,
812 3900 840 3948 et
854 3909 910 3949 me-
964 3889 1035 3945 tibus
1050 3887 1159 3944 lerculis
1183 3887 1335 3959 repletum:
1361 3886 1395 3943 de
1410 3901 1464 3959 quo
1483 3895 1510 3942 et
1524 3902 1720 3954 marceacum,
1735 3896 1763 3945 et

108 3975 249 4032 diautibus
263 3975 316 4031 illis
325 3977 360 4031 ad
374 3977 450 4033 illum
473 3979 648 4036 llediatorem
669 3980 820 4038 ascendere
833 3990 910 4053 pote·
961 3977 1085 4034 infirmus
1099 3975 1213 4048 accipiat
1230 3975 1406 4033 medicinam.

107 4080 151 4131 ro,
164 4063 299 4137 quiverit
313 4064 456 4135 pacificare
470 4083 521 4138 per
538 4068 699 4140 sanguinem
711 4084 789 4124 suurn
804 4076 833 4125 et
848 4087 909 4142 quae
1000 4071 1027 4123 2.
1042 4066 1123 4122 Tales
1141 4064 1256 4122 decebat
1275 4065 1394 4121 humano
1423 4065 1518 4139 generi
1529 4071 1653 4137 pastores
1667 4076 1696 4124 et
1710 4067 1762 4125 do-

108 4154 137 4209 iu
153 4153 241 4218 coelis.
258 4162 286 4210 et
300 4170 361 4225 quae
377 4155 404 4210 iu
420 4159 501 4211 terris
513 4165 587 4213 sunt.
601 4157 650 4213 llle
664 4157 736 4214 enim
750 4158 777 4213 in
793 4166 908 4231 atraque
962 4163 1052 4213 olores
1066 4154 1204 4222 constitui,
1221 4154 1268 4226 qui
1281 4160 1309 4211 et
1317 4154 1412 4210 dulces
1424 4161 1527 4224 essent,
1543 4165 1571 4210 et
1581 4163 1717 4225 potentes,
1733 4167 1762 4215 et

106 4248 208 4298 natura
222 4242 383 4313 purissimus
396 4251 450 4311 est,
464 4245 510 4317 qui
533 4254 673 4316 peccatum
688 4261 743 4303 non
767 4247 839 4316 fecit,
856 4265 908 4305 nec
962 4244 1136 4302 nihilominus
1149 4243 1295 4315 sapientes.
1314 4241 1423 4311 Doleas,
1438 4251 1468 4300 ut
1491 4259 1535 4300 me
1550 4241 1649 4300 blando
1665 4254 1692 4301 et
1706 4246 1760 4300 mi-

106 4323 238 4380 iuveutus
262 4331 304 4380 est
318 4325 396 4382 dolus
410 4326 437 4382 iu
451 4341 499 4382 ore
511 4329 580 4398 ejus.
596 4326 739 4399 Quomodo
754 4345 820 4402 ergo
835 4331 869 4385 ad
879 4331 909 4387 il·
924 4308 947 4399 Q
963 4336 1137 4394 sericcrditer
1153 4335 1339 4408 susciperent3
1357 4343 1492 4407 potentes,
1507 4343 1538 4391 ut
1552 4335 1658 4392 lomter
1671 4343 1761 4406 prote·

105 4411 164 4469 ium
179 4412 312 4469 accedere
320 4414 437 4483 audebo,
447 4417 493 4489 qui
506 4433 566 4473 sum
578 4433 660 4490 supra
672 4419 781 4475 modum
790 4436 909 4493 peccans
961 4434 1073 4500 gereut;
1091 4425 1237 4497 sapientes,
1254 4431 1283 4479 ut
1300 4424 1333 4480 ad
1344 4424 1426 4488 viam,
1439 4433 1524 4495 etper
1538 4423 1610 4480 viam
1628 4424 1759 4482 ducerent

103 4509 245 4575 peccator,
265 4502 312 4574 qui
325 4505 436 4575 peccavi
449 4520 532 4577 supra
546 4523 688 4564 numerum
709 4523 802 4567 arenae
814 4512 907 4578 maris,
960 4531 1022 4588 quae
1040 4513 1115 4571 ducit
1128 4515 1162 4570 ad
1176 4513 1323 4570 civitatem.
1340 4512 1411 4581 Quid
1424 4514 1503 4569 Petro
1518 4513 1631 4581 dulcius,
1648 4530 1694 4586 qur
1704 4521 1757 4570 mm

104 4605 169 4648 cunr
193 4589 238 4647 ille
262 4591 366 4662 purior,
382 4608 434 4668 ego
456 4594 589 4667 impurior
611 4610 672 4654 esse
700 4614 756 4655 uon
784 4601 908 4669 possim?
961 4604 1077 4660 dulciter
1089 4602 1124 4657 ad
1143 4618 1173 4658 se
1191 4616 1289 4658 omnes
1311 4608 1443 4658 convocat
1462 4608 1631 4674 peccatores,
1647 4602 1717 4658 sicut
1730 4612 1758 4659 et

103 4677 263 4736 Verendum
287 4696 323 4737 ue
340 4681 458 4738 lucidam
486 4683 514 4739 in
542 4699 639 4741 manus
660 4686 710 4743 Dei
732 4688 856 4759 viventis,
884 4689 907 4745 si
960 4693 1044 4751 Actus
1058 4691 1201 4766 apostolici
1214 4699 1242 4748 et
1256 4690 1436 4763 Epistolamm
1455 4693 1515 4763 ejus
1542 4690 1629 4748 series
1642 4699 1757 4749 attesta-

101 4767 144 4826 illi
156 4768 380 4842 appropinquare
392 4772 437 4829 vel
450 4771 584 4831 inhaerere
598 4791 809 4850 presumpsero,
823 4795 906 4852 quem
960 4783 1022 4838 turi
1036 4781 1106 4849 Quid
1119 4780 1165 4838 illo
1185 4779 1332 4852 potentius,
1348 4780 1392 4837 cui
1411 4788 1439 4837 et
1452 4787 1527 4837 terra
1548 4780 1679 4852 obedivit,
1695 4798 1757 4840 cum

102 4872 121 4913 a
135 4872 182 4914 me
194 4864 269 4914 tanta
282 4859 438 4918 differentia
456 4861 562 4933 dividit,
584 4873 716 4937 quantum
734 4866 818 4925 distat
834 4869 907 4926 inter
958 4877 1080 4927 mortuos
1093 4869 1222 4936 reddidit,
1239 4879 1267 4927 ot
1288 4885 1363 4927 mare
1377 4870 1427 4926 sub
1442 4870 1558 4942 pedibus
1572 4871 1632 4941 eius
1653 4886 1682 4928 se
1701 4872 1757 4928 cal-

102 4947 246 5005 bouumet
260 4948 371 5006 malum.
389 4952 538 5023 Propterea
562 4953 637 5009 dedit
650 4954 718 5010 mibi
731 4956 805 5013 Deus
819 4958 905 5015 bomi-
958 4960 1046 5017 cabile
1065 4960 1181 5031 prebuit
1201 4960 1308 5030 (natta.
1325 4974 1384 5027 xvv,
1402 4962 1462 5031 27);
1477 4959 1523 5030 qui
1544 4959 1683 5017 Simonem
1697 4962 1756 5018 lla-

103 5052 157 5095 ucs
182 5037 259 5107 istos,
280 5040 328 5113 qui
346 5047 374 5098 et
387 5042 514 5100 homines
528 5050 629 5111 esseut,
645 5052 674 5101 et
693 5055 860 5118 peccatores,
877 5056 905 5105 et
958 5066 1022 5122 gum
1037 5049 1135 5122 spiritu
1153 5049 1209 5106 oris
1223 5049 1263 5105 sui
1277 5049 1305 5104 iu
1320 5065 1383 5105 aere
1393 5049 1491 5121 attigit,
1507 5047 1554 5122 qui
1567 5049 1659 5108 claves
1676 5055 1755 5129 regui

102 5126 218 5184 maximi
240 5138 412 5203 peccatores,
437 5132 484 5203 nui
507 5133 534 5189 iu
557 5149 588 5190 se
608 5133 676 5206 ipsis
699 5143 727 5192 ct
740 5137 776 5193 de
789 5152 819 5196 se
838 5137 904 5210 ipsis
958 5138 1087 5196 coelomm
1102 5146 1157 5194 tam
1171 5137 1344 5211 singulariter
1367 5137 1481 5210 accepit,
1495 5148 1527 5195 ut
1539 5141 1677 5210 precedat
1689 5157 1754 5198 seu·

102 5216 246 5275 discerem
268 5220 387 5295 qualiter
409 5220 498 5279 980
519 5222 580 5280 aliis
604 5222 727 5281 misereri
758 5225 902 5284 deberent.
958 5226 1043 5284 tentia
1060 5227 1132 5284 Petri
1146 5227 1309 5284 senteutiam
1328 5225 1415 5282 coelil
1430 5227 1553 5300 Denique
1572 5230 1756 5306 qwdcancuc

101 5308 268 5382 llaguorum
296 5309 370 5367 euim
401 5309 544 5370 criminum
565 5312 606 5370 rei
619 5313 725 5389 maguis
747 5313 905 5372 criminibus
959 5318 1098 5389 ligaveris,
1118 5315 1216 5388 inquit,
1231 5330 1317 5389 super
1331 5321 1449 5382 terram,
1465 5321 1522 5375 crit
1542 5320 1661 5392 ligatam
1674 5322 1702 5376 of
1721 5322 1754 5378 ln

101 5395 184 5456 stalle
197 5398 340 5458 doumum
352 5400 471 5469 veniam,
485 5411 515 5461 et
526 5403 554 5460 in
569 5419 624 5477 qua
636 5419 766 5462 mensura
779 5418 904 5462 manuam
957 5407 1035 5464 calis
1044 5425 1054 5474 ,-
1062 5410 1091 5464 ct
1099 5403 1283 5481 pwdcunpac
1292 5407 1409 5465 suberis
1417 5422 1504 5483 super
1518 5410 1700 5475 mamurii
1713 5427 1753 5469 sc

102 5494 147 5544 est
173 5487 224 5559 eis,
268 5491 449 5550 remetientur
478 5491 567 5550 nobis.
602 5493 729 5554 Peccavit
761 5502 904 5568 peccatura
959 5497 1096 5554 latomia
1109 5495 1186 5552 coelia
1199 5494 1312 5566 (detta.
1326 5497 1450 5568 uvaia).
1463 5493 1752 5565 Quidautemlllosa·
