3734 5948
14 34 20 77 l

55 207 111 266 m'
347 208 350 213 '
573 205 609 260 ut
628 205 725 262 Psal..
747 207 805 275 Qttl
822 207 982 264 alaim
994 205 1111 266 SERMO
1129 208 1190 266 xli.
1654 216 1710 276 ΒΕ
1776 258 1787 267 .

15 362 19 407 Ι
53 331 124 387 lilius
148 331 278 399 hominis,
302 329 429 402 quoniam
446 335 555 399 reputas
579 328 661 384 enm?
685 328 769 399 Quasi
789 344 855 386 vero
871 345 895 424 Ι
912 341 1042 402 quantum
1069 333 1212 391 debemus.
1236 334 1320 391 Totus
1343 343 1434 392 umen
1456 336 1483 394 ei
1511 336 1644 395 reddatur
1679 346 1708 396 et

52 436 105 477 non
121 421 159 476 sit
173 423 256 476 homo
269 419 395 490 putredo,
420 427 447 473 et
460 416 532 472 lilius
547 417 664 473 hominis
677 418 787 475 vermis.
801 417 855 474 Sed
911 434 997 489 amor,
1013 428 1041 476 et
1055 422 1143 477 honor
1158 430 1262 490 noster,
1278 437 1357 494 norro
1373 432 1426 479 tam
1441 425 1509 497 ipsis
1530 442 1613 500 quam
1629 428 1709 486 nobie

53 509 118 580 qnid
133 516 216 579 putas
230 504 368 561 mandarit
380 503 415 559 de
430 504 485 559 te?
504 504 631 576 Nunquid
640 504 748 576 scripsit
759 511 855 561 contra
911 514 953 562 est
967 514 1062 575 totum,
1077 509 1152 565 unde
1165 511 1301 567 honorare
1311 526 1456 582 possumus
1466 513 1510 571 vel
1519 530 1622 584 amare,
1632 519 1708 577 unde

14 632 17 643 ,
53 606 79 652 ,g
102 592 325 651 amaritudines?
348 592 472 663 nunquid
495 600 525 648 ut
548 601 643 649 contra
667 592 760 650 lolium
783 594 855 666 quod
910 596 993 650 amari
1012 597 1173 654 honorarive
1188 614 1334 656 meremur.
1361 602 1458 674 Neque
1472 602 1545 659 euim
1559 605 1716 678 Apostolus¹

15 708 18 755 ι
53 692 139 741 rento
154 683 269 756 rapitur,
285 681 432 738 ostendant
456 681 604 750 potentiam
620 698 706 746 suam,
723 691 751 738 et
766 682 855 754 stipu-
910 685 956 738 ubi
978 684 1033 741 ait:
1058 686 1116 742 Soli
1129 689 1182 745 lieo
1206 688 1294 745 bonor
1307 697 1334 745 ct
1361 693 1451 762 pluria
1475 694 1502 763 (l
1521 695 1589 750 Τίοι.
1605 710 1625 765 ι,
1651 700 1708 768 l7),

55 775 108 827 lam
132 773 232 828 mecam
253 770 478 842 persequantur?
503 769 624 842 nunquid
639 780 666 826 ut
692 770 787 826 tollant
802 771 855 824 im·
911 773 1069 844 prophetico
1083 774 1235 831 credendus
1254 786 1295 832 est
1318 779 1430 836 obviare
1448 783 1579 851 sermoni,
1595 785 1641 855 qni
1655 785 1708 842 sibi

56 864 140 932 pium
156 876 193 914 ne
206 859 298 916 videat
310 857 425 929 gloriam
436 857 511 912 licii
527 858 708 913 Mandandum
719 858 790 914 istud
801 866 855 925 est,
911 862 991 917 etiam
1012 861 1113 919 amicos
1128 864 1177 918 Dei
1202 864 1283 919 nimis
1306 866 1499 924 honorificatos
1518 885 1579 927 esse
1594 879 1708 930 testator

55 966 108 1006 non
122 949 291 1004 mundatum.
309 947 370 1002 Non
386 945 499 1002 recedas
513 946 547 1001 ab
560 947 695 1016 adjutorio
708 946 848 1011 ditissimi,
911 950 997 1018 (Psoi.
1017 965 1158 1021 cxxxviii,
1182 954 1237 1022 ιι).
1256 954 1321 1008 Ροιο
1344 961 1434 1010 sutem
1456 956 1542 1013 simile
1557 974 1619 1015 esse
1641 960 1706 1016 illud

16 1066 20 1121 ἶ
56 1041 81 1094 in
96 1038 271 1110 protectione
290 1035 341 1090 Dei
361 1034 423 1091 coeli
447 1051 626 1103 commorare,
649 1052 684 1090 ne
699 1035 733 1092 de
749 1043 775 1090 te
790 1034 854 1090 illud
910 1039 1023 1093 verbum
1038 1040 1159 1110 Apostoli
1171 1040 1275 1111 eiquod
1285 1041 1348 1096 item
1361 1042 1413 1097 ait:
1432 1044 1548 1101 llemini
1554 1047 1710 1120 quidquam

17 1162 21 1199 2
56 1128 221 1200 quandoque
240 1124 395 1180 mandetur.
416 1121 505 1192 Quem
520 1123 591 1179 enim
620 1124 769 1194 protexerit
782 1123 856 1179 Deus
911 1127 1575 1204 debentis,oisiotinuicemdilipotb.Siquidem
1591 1136 1707 1192 hocnon

18 1216 21 1229 '
54 1217 125 1275 ooeli.
144 1231 201 1270 nou
215 1215 251 1268 de
265 1228 299 1269 eo
322 1212 386 1267 illud
410 1212 591 1278 mandabitur,
607 1212 655 1267 sed
678 1227 726 1281 pro
752 1226 796 1268 eo.
821 1211 856 1266 Et
910 1215 1004 1282 voluit,
1021 1224 1050 1271 ut
1071 1217 1121 1272 alia
1136 1217 1266 1289 quaelibet
1280 1218 1372 1273 debita
1396 1228 1569 1294 negarentur,
1591 1238 1709 1294 preser·
1740 1276 1749 1289 ,

17 1320 21 1361 ι
56 1305 127 1376 guod
141 1302 253 1359 interim
280 1317 335 1357 non
360 1300 513 1371 mandatur,
527 1315 579 1372 pro
603 1316 637 1356 eo
665 1300 801 1367 differtur,
825 1309 856 1356 nt
911 1302 1027 1359 timeum
1043 1304 1114 1359 idem
1139 1305 1197 1376 ipse
1216 1305 1306 1361 dicat:
1340 1306 1394 1363 Cui
1409 1307 1550 1366 bonorem.
1577 1310 1710 1371 honorem

16 1432 19 1437 -
55 1392 339 1462 sintomniapropter
365 1389 476 1445 electos.
494 1388 619 1459 Denique
640 1388 801 1458 parantibus
815 1388 854 1443 ire
913 1391 1004 1460 (Rom.
1020 1406 1083 1457 xrrr,
1106 1395 1131 1459 8,
1148 1393 1187 1464 7),
1218 1401 1246 1449 et
1269 1400 1368 1449 caetera
1388 1394 1417 1450 in
1438 1397 1511 1452 hunc
1530 1397 1651 1456 modum.
1676 1401 1711 1457 Ut

15 1474 18 1481 ’
56 1479 151 1548 servis,
175 1476 346 1534 etcontinuo
370 1475 591 1546 superseminata
606 1475 735 1549 colligere
754 1475 856 1530 zizania
913 1493 979 1549 ergo
1003 1479 1108 1550 plenius
1130 1479 1266 1553 intelligas
1293 1480 1358 1552 quid
1386 1481 1413 1538 in
1442 1490 1560 1556 utroque
1580 1487 1709 1559 senserit,

57 1566 239 1639 cupientibus,
252 1565 380 1636 providos
402 1563 617 1634 paterfamilias:
642 1565 744 1630 Sinite,
757 1563 855 1635 inquit,
914 1566 1010 1638 quidve
1025 1568 1173 1633 monuerit,
1186 1570 1249 1626 vide
1273 1570 1502 1642 quemadmodum
1525 1572 1597 1630 iuter
1620 1575 1711 1632 radios

58 1674 147 1731 usgue
161 1655 381 1723 adsuescamus
394 1655 470 1725 forte
478 1653 629 1710 eradicetis
645 1654 733 1709 simul
742 1658 770 1709 et
781 1654 859 1709 triti·
875 1644 897 1721 B
914 1654 978 1710 solis
991 1655 1096 1711 minora
1109 1657 1238 1727 qualibet
1251 1657 1393 1714 luminaria
1409 1675 1464 1716 non
1479 1660 1617 1722 ridentur.
1631 1662 1710 1719 Nun·

58 1761 122 1802 cam
139 1743 256 1814 (llotllt.
282 1757 346 1807 ιιιιι,
371 1744 417 1806 30,
440 1741 498 1810 29).
513 1739 657 1809 Quomodo
669 1739 751 1814 igitur
766 1740 857 1796 tandiu
914 1743 978 1813 quid
991 1751 1081 1800 amota
1103 1744 1184 1801 modo
1208 1745 1298 1802 sidera
1321 1746 1489 1804 arbitraturi
1516 1748 1644 1822 Nonquid
1659 1766 1711 1807 ex-

60 1831 266 1888 conserrabitur
288 1827 416 1885 interea?
439 1828 495 1884 lloc
513 1829 603 1898 plane,
620 1829 671 1883 hoc
695 1844 763 1901 epm
787 1845 857 1900 proe·
915 1831 1038 1888 stinctei
1067 1834 1177 1889 llinime
1208 1834 1329 1907 quidem
1360 1834 1409 1892 scil
1437 1837 1560 1909 ampliori
1588 1839 1711 1894 elantete

58 1936 130 1990 sens,
147 1925 199 1974 boc
213 1917 369 1973 mandatum
385 1916 516 1988 temporis
532 1918 621 1987 hujus.
913 1920 1112 1992 quodammodo
1127 1929 1208 1989 tecta,
1224 1923 1332 1979 interim
1346 1939 1479 1995 apparere
1493 1940 1548 1980 non
1562 1940 1655 1996 posse.
1664 1926 1711 1983 Sic

91 2013 118 2065 5.
129 2003 642 2080 ltaqueortpelisscisstondooitdete,
651 2007 857 2062 olcustodiaot
914 2025 981 2080 ergo
990 2010 1097 2067 dilectio
1106 2010 1159 2065 alia
1173 2012 1277 2083 quaeris
1298 2010 1391 2067 debita
1405 2027 1549 2083 superans,
1564 2015 1642 2084 quasi
1652 2014 1710 2069 solo

60 2104 95 2155 te.
112 2098 139 2154 0
152 2095 351 2153 triticuminter
364 2092 467 2147 zizania
480 2090 486 2148 l
504 2109 520 2149 ο
534 2109 648 2164 granum
664 2095 735 2151 inter
747 2093 857 2165 paleasl
914 2112 1030 2169 regnare
1043 2098 1162 2154 debetin
1175 2099 1254 2155 nobis
1264 2114 1271 2154 :
1282 2106 1312 2154 ut
1321 2098 1452 2171 quidquid
1466 2099 1709 2165 debetnrceteris,

60 2205 76 2243 ο
93 2187 179 2242 lilium
196 2185 268 2240 inter
281 2182 393 2254 spinasl
410 2181 519 2237 Gratias
537 2182 574 2248 ei,
593 2182 702 2248 fratres,
721 2184 822 2255 gratias
834 2182 861 2238 ei
914 2185 965 2240 sibi
979 2185 1109 2253 vindicet,
1125 2194 1153 2242 et
1175 2202 1209 2242 ex
1231 2186 1377 2243 dilectione
1395 2187 1485 2243 omnia
1510 2187 1649 2244 faciamus.
1664 2188 1710 2246 sic

60 2285 86 2331 et
98 2289 151 2348 pro
164 2273 245 2329 nobis
258 2271 360 2342 pariter
376 2278 404 2326 et
419 2284 468 2340 pro
482 2269 570 2328 vobis.
586 2271 738 2326 Pretiosum
754 2272 861 2342 deposi·
915 2273 1022 2329 divinus
1049 2275 1197 2346 prevalere
1223 2275 1307 2331 debet
1329 2276 1427 2342 honor,
1456 2285 1483 2331 et
1510 2275 1710 2348 quodammodo

61 2374 113 2418 tum
128 2361 212 2417 nobis
224 2359 409 2425 commiserat,
428 2357 544 2412 fructum
559 2358 646 2413 crucis
660 2374 728 2424 suae,
743 2359 860 2430 pretinm
915 2362 1093 2432 praejudicare
1108 2362 1251 2429 universis,
1268 2372 1298 2419 ut
1320 2363 1393 2420 solus
1407 2364 1466 2436 ipse
1479 2379 1534 2420 nun
1557 2364 1640 2421 modo
1654 2381 1710 2436 prae

60 2448 200 2524 sanguinis
219 2447 271 2502 sui.
291 2445 350 2501 Non
371 2452 412 2500 est
426 2451 571 2500 contentus
586 2447 709 2501 custodia
733 2447 783 2501 lrac
807 2452 860 2500 tam
915 2450 1050 2517 omnibus,
1066 2452 1114 2506 sed
1138 2451 1166 2506 in
1188 2451 1314 2507 omuibus
1327 2452 1485 2509 honoretur.
1500 2452 1621 2525 idipsum
1643 2468 1711 2510 sane

61 2554 155 2609 parurn
171 2544 237 2602 tuta,
255 2541 309 2589 um
325 2534 497 2604 parumutili,
514 2541 568 2589 tam
577 2532 675 2605 fragili,
687 2544 741 2590 tam
757 2534 861 2590 insulti-
915 2540 1195 2611 putesdictumetiam
1209 2541 1243 2596 de
1253 2556 1356 2600 amore.
1368 2542 1440 2612 Quid
1450 2542 1522 2599 enim
1532 2551 1609 2599 extra
1623 2544 1712 2614 ipsum

61 2625 153 2683 cienti.
168 2624 258 2696 Super
266 2639 359 2680 muros
370 2631 441 2690 tuos,
451 2622 612 2687 Jerusalem,
624 2624 764 2679 constituit
773 2632 861 2679 custo-
915 2629 1025 2701 reliquit
1042 2628 1158 2700 casteria,
1179 2629 1224 2700 qui
1248 2636 1333 2686 totum
1348 2645 1404 2697 cor,
1420 2638 1504 2686 totam
1525 2631 1655 2698 animam,
1671 2639 1712 2688 to·

61 2717 117 2772 des.
129 2716 240 2784 Nempe
249 2713 330 2769 etiam
341 2712 393 2786 ipsi
403 2712 449 2784 qui
464 2712 678 2783 videnturmuri,
689 2724 736 2769 aut
746 2715 773 2768 in
783 2728 861 2769 muro
915 2725 970 2772 tam
984 2717 1111 2774 virtutem
1125 2717 1241 2773 Domino
1250 2719 1309 2775 lieo
1324 2733 1374 2774 suo
1389 2719 1416 2774 in
1427 2719 1572 2776 dilectione
1582 2721 1711 2778 donanti

60 2805 117 2876 ipso
131 2803 278 2874 columnae,
290 2802 333 2857 his
346 2800 503 2857 custodibus
513 2808 605 2873 egent,
621 2809 649 2857 et
663 2801 787 2857 maxime.
914 2808 945 2861 ln
959 2807 1020 2877 ipso
1034 2806 1136 2879 itaque,
1152 2806 1260 2874 iratres,
1276 2807 1426 2864 affectuose
1440 2809 1584 2882 diligamns
1598 2809 1712 2882 angelos

10 2910 12 2985 p
93 2893 121 2951 6.
138 2893 252 2964 mete
267 2892 327 2947 suis
340 2890 488 2946 mondavit
503 2890 537 2947 de
551 2896 587 2960 te,
604 2894 637 2948 ol
653 2893 817 2948 custodiant
831 2897 860 2949 te
914 2897 985 2964 ejus,
1002 2902 1129 2967 tanquam
1144 2894 1250 2951 futuros
1263 2895 1577 2967 aliquandocohnredcs
1591 2904 1710 2962 nostros.

61 2983 90 3037 ia
100 2980 235 3040 omuibus
245 2981 298 3036 otis
309 2980 376 3036 luis.
387 2978 524 3047 Quantam
535 2979 583 3034 tibi
592 2979 676 3035 debet
686 2980 738 3036 lroc
747 2981 859 3036 verbmn
875 2951 897 3032 t
914 2983 1021 3039 interim
1046 2998 1111 3039 vcro
1124 2993 1233 3039 actores
1259 2992 1286 3039 et
1302 2993 1433 3041 tutoresa
1447 2986 1527 3042 Patre
1542 2987 1655 3058 positos,
1682 2995 1711 3041 et

60 3070 162 3128 inferre
188 3068 381 3134 reuerentiam,
406 3066 506 3124 sileam
529 3068 717 3139 devotionem,
734 3069 859 3126 conferre
914 3070 1073 3144 praepositos
1101 3072 1189 3127 nobis.
1207 3071 1285 3127 Nunc
1309 3072 1381 3128 enim
1397 3072 1444 3127 filii
1459 3074 1511 3129 Dei
1538 3090 1641 3140 sumus,
1657 3078 1710 3130 etsi

59 3157 206 3216 fiduciam!
231 3156 416 3215 reverentiam
433 3171 483 3227 pro
504 3157 659 3226 presentia,
683 3157 857 3213 devotionem
914 3161 1035 3216 nondum
1055 3168 1186 3231 appareat
1201 3159 1266 3229 qnid
1280 3161 1392 3228 erimus,
1408 3175 1441 3216 eo
1455 3161 1528 3234 qood
1541 3161 1630 3218 adhuc
1644 3177 1710 3234 par-

59 3263 108 3319 pro
122 3245 326 3311 benevolentia,
342 3243 528 3315 fiduciampro
547 3244 681 3300 custodia.
701 3246 787 3301 Caute
803 3262 859 3301 am·
912 3248 967 3304 vuli
993 3249 1043 3302 sub
1071 3247 1205 3303 tutoribus
1232 3255 1261 3304 et
1298 3248 1434 3306 actoribus
1460 3250 1553 3318 simus,
1582 3257 1710 3324 usqum

58 3339 132 3403 baala,
146 3344 178 3392 ut
194 3334 323 3392 videlicet
337 3333 382 3390 cui
391 3333 489 3387 adsunt
501 3333 604 3405 angeli,
614 3333 684 3390 sicut
698 3334 738 3390 eis
748 3334 860 3390 manda·
912 3336 979 3391 nibil
993 3336 1100 3391 interim
1115 3335 1277 3393 differentes
1291 3353 1307 3393 a
1321 3338 1416 3394 serris.

58 3435 113 3480 mm
128 3433 183 3490 est,
196 3423 224 3479 in
235 3419 423 3479 omnibussiis
437 3421 499 3476 tuis.
511 3421 541 3476 lu
552 3422 648 3494 quovis
658 3422 819 3488 diversorio,
831 3422 857 3477 in
948 3429 976 3480 8.
991 3425 1126 3481 Caeterum
1147 3425 1199 3481 etsi
1219 3433 1275 3481 tam
1289 3428 1394 3498 parvuli
1412 3443 1516 3494 sumus,
1531 3437 1559 3485 et
1581 3436 1636 3485 tam
1650 3443 1710 3483 ma·

55 3514 153 3586 quovis
167 3511 278 3584 angulo,
293 3509 392 3584 angelo
417 3519 463 3567 tuo
486 3511 668 3567 reverentiam
683 3512 764 3568 habe.
781 3513 857 3568 'lunc
912 3529 966 3589 gna
981 3515 1071 3580 nobis,
1087 3529 1139 3569 nec
1162 3515 1313 3570 merlotum
1338 3531 1448 3588 magna,
1471 3517 1520 3573 sed
1539 3524 1567 3573 et
1580 3525 1635 3573 tam
1657 3533 1711 3590 pe-

54 3603 157 3658 audeas
167 3601 214 3658 illo
226 3608 373 3673 praesente,
391 3599 585 3671 quadridente
598 3617 643 3656 me
658 3615 712 3656 nou
722 3599 858 3657 auderes?
911 3600 1028 3659 riculosa
1041 3602 1085 3659 via
1099 3609 1199 3670 restat;
1214 3603 1277 3676 quid
1289 3612 1381 3659 tamon
1394 3605 1445 3660 sub
1460 3604 1712 3661 antecessoribus

53 3693 97 3748 Aa
117 3696 282 3762 presentem
296 3704 358 3746 esse
376 3689 485 3744 dubitas
498 3704 585 3760 quem
599 3703 654 3745 non
668 3688 768 3745 vides?
786 3688 857 3759 Quid
911 3691 1078 3747 timeamus?
1100 3690 1157 3747 Nec
1171 3691 1306 3763 superari,
1328 3707 1379 3748 nec
1393 3693 1500 3763 seduci,
1516 3693 1606 3748 minus
1619 3701 1709 3749 autem

54 3780 78 3836 si
90 3777 223 3836 audires?
232 3777 297 3850 quid
306 3777 329 3832 si
339 3777 491 3849 tangeres?
508 3777 573 3849 quid
586 3777 609 3832 si
627 3775 779 3835 olfaceres?
792 3777 857 3834 Vide
912 3781 1044 3835 seducere
1054 3785 1178 3850 possunt,
1189 3779 1233 3835 cui
1249 3780 1409 3836 custodiunt
1419 3795 1469 3836 nos
1482 3781 1509 3836 in
1519 3781 1646 3838 omnibns
1659 3780 1711 3837 riis

56 3868 120 3940 quia
144 3881 201 3922 non
214 3867 272 3922 selo
294 3865 355 3922 risu
370 3881 461 3923 rerum
486 3866 631 3936 praesentia
655 3866 855 3937 comprobatur.
912 3867 1021 3926 nostris.
1036 3867 1144 3923 Fideles
1155 3876 1230 3934 sunt,
1240 3867 1393 3938 prudentes
1406 3876 1480 3937 sunt,
1490 3878 1618 3943 potentes
1626 3879 1708 3926 sont.

55 3957 116 4012 Non
138 3955 231 4011 omnia
252 3952 340 4011 8⁸8
362 3955 430 4011 risui
450 3955 603 4026 subiacent,
633 3970 684 4010 nec
706 3954 857 4026 corporalia
911 3956 977 4028 quid
991 3955 1183 4027 trepidamus?
1201 3956 1319 4012 Tantum
1334 3973 1480 4030 sequamur
1493 3974 1552 4027 eos,
1566 3959 1692 4016 adhaeres

55 4045 188 4118 quidem
215 4050 317 4116 quanto
339 4042 427 4118 magis
450 4042 600 4115 spiritualia
623 4042 721 4114 procul
738 4050 802 4099 sunt
821 4045 856 4099 ab
912 4061 972 4100 mus
986 4045 1037 4110 eis,
1051 4052 1080 4100 et
1102 4044 1130 4098 in
1145 4045 1318 4117 protectione
1342 4046 1393 4103 Dei
1414 4046 1476 4104 coeli
1497 4062 1707 4105 commoremur.

54 4134 131 4190 narni
151 4147 235 4188 senso
250 4145 397 4204 corporeo,
411 4142 442 4188 et
459 4132 635 4204 spiritualiter
655 4133 746 4204 polius
767 4132 853 4189 vesti-
915 4133 982 4190 Vide
997 4133 1070 4190 enim
1092 4149 1173 4205 quem
1197 4133 1245 4188 tibi
1271 4137 1425 4192 necessaria
1438 4136 1540 4193 sitista
1562 4137 1707 4210 protectio,

54 4222 170 4295 ganda?
182 4219 213 4276 Si
226 4220 309 4276 linem
329 4219 465 4286 consulas,
480 4236 513 4276 ee
531 4221 578 4275 tibi
592 4221 743 4296 angelicam
756 4223 856 4293 probat

56 4309 232 4382 presentiam
242 4323 298 4365 non
312 4308 421 4365 deesse.
436 4308 494 4364 Nec
508 4309 610 4366 dixisse
627 4311 713 4383 piget,
727 4310 854 4381 quoniam

40 4409 43 4413 ’
55 4397 126 4455 fides
139 4397 256 4470 probat;
271 4412 353 4469 quam
363 4397 490 4454 nimirum
504 4399 651 4470 Apostolus
664 4407 855 4472 argumentum

56 4503 110 4544 non
125 4485 318 4559 apparentium
334 4499 395 4542 esse
417 4484 509 4543 delinit
525 4485 617 4560 (llebr.
640 4503 682 4558 ιιι,
698 4488 735 4559 l).
749 4487 856 4543 Adsunt

55 4577 148 4651 igitur,
173 4581 202 4631 et
224 4576 323 4630 adsunt
337 4574 395 4641 tibi,
421 4590 476 4630 non
491 4575 572 4631 modo
587 4583 687 4641 tecum,
709 4576 758 4632 sed
774 4577 855 4633 etiam

53 4680 104 4737 pro
119 4672 157 4720 te.
174 4662 281 4718 adsum
295 4671 324 4718 ut
335 4670 491 4735 protegant,
504 4663 603 4720 adsunt
616 4673 646 4720 ut
659 4666 773 4735 prosint.
784 4664 856 4735 Quid

56 4751 194 4810 retribues
208 4751 324 4809 Domino
348 4766 400 4823 pro
418 4751 543 4808 omnibus
568 4769 629 4826 qnae
642 4754 769 4809 retribuit
784 4754 856 4810 tibi‘l

56 4840 192 4915 siquidem
207 4839 259 4896 soli
272 4841 299 4896 ei
318 4841 406 4900 honor
419 4852 448 4898 ct
465 4841 564 4916 gloria.
583 4842 674 4912 Quare
689 4844 763 4901 soli?
787 4845 856 4915 Quia

56 4932 116 5002 ipse
130 4930 285 4991 mandaras
302 4935 330 4986 et
344 4946 427 4987 omne
441 4933 682 5004 datumoptimum
698 4933 805 4992 nonnisi
820 4935 855 4989 ab

55 5020 101 5076 illo
116 5026 160 5075 est
173 5019 246 5088 (loc.
261 5033 280 5085 r,
296 5020 351 5090 ιι).

89 5110 120 5163 7.
143 5105 339 5164 Verumtamen
362 5110 413 5166 etsi
427 5110 473 5167 ille
487 5109 642 5178 mandarit3
666 5110 732 5181 ipsis
745 5127 855 5182 quoque

55 5197 103 5269 qui
116 5205 144 5254 et
157 5197 183 5250 ei
198 5211 233 5251 ex
253 5202 327 5252 taum
342 5197 474 5256 charitate
488 5199 630 5269 obediunt,
646 5205 675 5254 et
697 5200 776 5255 nobis
788 5201 855 5256 snb-

55 5286 171 5344 seniunt
183 5284 213 5340 in
226 5291 301 5340 tanta
315 5287 490 5354 necessitate,
504 5288 626 5360 ingratos
637 5304 699 5344 esse
713 5303 768 5344 non
782 5288 854 5345 licet.

56 5375 237 5455 Simus„ergo
259 5373 361 5444 devoti,
387 5376 472 5432 simus
485 5378 555 5450 grati
574 5377 657 5435 ιοοιίο
679 5377 854 5435 custodibus:

912 4223 963 4279 ista
976 4222 1099 4280 custodia
1123 4223 1150 4277 in
1172 4222 1299 4279 omnibus
1312 4224 1363 4281 riis
1386 4225 1449 4281 tois.
1466 4229 1498 4282 fn
1510 4227 1652 4295 mortibus,
1666 4225 1708 4279 iu-

912 4312 978 4384 quit,
989 4314 1142 4385 porto-bunt
1156 4317 1380 4385 lastemnam
1394 4315 1524 4386 offendas
1535 4314 1572 4370 od
1586 4313 1707 4387 lapidem

912 4401 1010 4474 pedem
1025 4407 1118 4457 luein.
1135 4400 1232 4454 Parum
1247 4401 1294 4456 tibi
1308 4401 1425 4480 ridetur,
1444 4404 1518 4477 quod
1530 4402 1565 4459 sit
1578 4401 1648 4475 lapis
1661 4403 1707 4458 ol·

914 4489 1045 4546 lensionis
1058 4489 1086 4543 in
1101 4487 1166 4543 rial
1180 4487 1332 4544 Considera
1346 4506 1409 4562 quae
1424 4498 1592 4564 sequuntur:
1618 4492 1709 4562 Sopor

911 4579 1038 4651 aspidem
1048 4582 1077 4634 et
1087 4575 1247 4634 basiliscam
1258 4579 1425 4646 amiculis,
1435 4584 1464 4636 et
1473 4579 1647 4639 montenis
1658 4580 1709 4634 leo

915 4685 980 4725 uem
995 4671 1023 4723 et
1047 4666 1208 4723 draconem,
1226 4664 1314 4735 Quam
1340 4669 1510 4725 necesarius
1528 4667 1707 4741 pedagogos,

912 4756 966 4812 imo
982 4756 1065 4812 etiam
1091 4753 1210 4824 bajulus,
1239 4757 1392 4827 presertim
1415 4756 1529 4828 parvulo
1551 4755 1625 4812 iuter
1649 4755 1708 4811 haec

911 4844 1062 4919 gradienti!
1080 4846 1112 4899 ln
1133 4843 1273 4910 litonibus,
1284 4845 1379 4918 inquit,
1390 4847 1543 4919 portabant
1557 4849 1593 4904 le.
1609 4843 1640 4899 ln
1654 4842 1707 4898 tuis

912 4934 1022 5008 quidem
1043 4932 1094 4988 viis
1119 4931 1273 4990 custodient
1288 4939 1325 5000 te,
1348 4944 1375 4990 et
1394 4934 1531 4991 deducent
1554 4932 1703 5007 parvulum,

916 5039 969 5097 qua
983 5030 1072 5095 potest
1087 5021 1214 5093 parvulus
1229 5021 1378 5079 ambulare.
1393 5025 1528 5081 Caelerum
1542 5039 1598 5080 non
1611 5030 1639 5078 te
1652 5037 1704 5094 ps·

912 5114 1015 5168 tientur
1030 5111 1128 5167 tentari
1151 5124 1231 5180 supra
1246 5126 1327 5184 quam
1353 5114 1488 5169 sustinere
1511 5120 1599 5185 potes,
1615 5111 1665 5167 sed
1676 5109 1703 5164 in

915 5202 1037 5257 manibus
1053 5199 1157 5263 tollent,
1171 5205 1202 5253 ut
1215 5206 1389 5270 pertranseas
1397 5201 1603 5259 offendiculum.
1617 5200 1705 5269 Quam

913 5291 990 5347 facile
1011 5289 1116 5350 transit,
1142 5287 1188 5358 qni
1201 5287 1256 5343 illis
1271 5296 1395 5360 portatur
1415 5291 1443 5347 in
1456 5292 1600 5348 manibusl
1624 5303 1706 5361 qnam

914 5379 1041 5450 suaviter,
1066 5377 1142 5446 juxta
1174 5375 1286 5449 vulgare
1311 5381 1499 5449 proverbium,
1528 5387 1613 5452 natat,
1628 5377 1707 5447 eitius

57 5465 233 5522 redamemus
247 5479 305 5536 eos,
317 5466 481 5523 honoremus
497 5483 545 5526 eos
557 5477 687 5541 quantum
701 5484 855 5541 possumus,
910 5470 980 5526 alter
993 5465 1108 5525 sustinet
1121 5465 1261 5523 mentuml

160 5563 290 5628 Parnoi..
313 5564 499 5632 ctxxxlss.

1587 5568 1609 5632 8
