3734 5948
103 162 156 225 tte
577 160 605 220 S.
620 158 786 223 Billiilllllll
803 154 941 219 talama
953 154 1263 219 amtetstttttsts
1699 154 1747 217 'ibl

101 285 206 358 judicii,
226 303 244 342 a
271 286 386 345 sinistris
413 285 547 357 patientiae
571 284 778 351 inniteretur,a
796 283 899 340 destris
915 298 939 376 Α
954 299 1006 339 nus
1014 281 1147 354 potamia
1160 279 1427 355 pratiorttutpttur
1438 278 1748 355 nntimqnlnm

98 374 260 434 bumilitati.
290 376 374 431 Porro
395 374 462 443 Spes
488 381 515 427 ot
542 372 636 430 Timor
658 373 760 430 debere
773 373 898 441 calearia,
954 373 1128 431 neooeeitates
1145 378 1272 443 exponat,
1292 369 1457 441 adjutorium
1468 368 1584 444 flagitet,
1598 366 1748 429 mutten-

105 465 177 537 Spca
200 464 226 520 in
242 464 337 519 dextro
350 460 419 532 pede
428 459 658 531 exspectationem
672 460 788 532 praenrii,
802 461 898 518 Timor
953 460 1144 519 remaddnnat.
1156 461 1188 517 ιιι
1200 459 1311 532 quisine
1323 458 1432 532 poterit,
1442 458 1602 517 eit'limorl
1617 457 1748 517 ‘l'ensbtn

106 552 135 610 in
148 550 259 609 sinistro
274 548 399 621 supplicii
417 557 528 605 metum.
954 550 1079 621 operiunt
1093 557 1204 614 terram
1224 558 1251 605 et
1269 562 1362 605 muros
1382 547 1490 605 obsidet
1502 546 1626 605 bostiam
1640 544 1749 619 verrini

141 644 169 695 t.
180 639 215 694 Et
228 638 296 695 lacta
307 652 457 695 monacum
475 638 726 707 advesperasceret,
741 637 903 695 etinclinata
952 637 1118 706 multitudo;
1133 645 1161 693 et
1181 636 1269 713 ignari
1286 637 1346 705 rin,
1359 644 1490 709 tanquam
1508 635 1537 693 in
1557 634 1677 709 regione
1690 634 1749 691 lon-

106 726 238 796 essetJ'am
251 724 318 796 dios,
335 741 430 781 rursus
438 725 598 800 mugregsti
612 732 676 781 sunt
691 726 820 783 bostesin
835 725 903 782 mul·
954 726 1066 800 ginqun.
1082 726 1290 785 aduocauerunt
1308 724 1392 799 igitur
1410 724 1542 797 hospitem
1563 738 1650 781 sunm
1666 722 1749 781 insti·

108 814 233 882 titudine,
247 820 278 870 ut
291 813 421 871 dimicent
446 820 543 869 contra
555 827 612 869 eoa.
622 813 704 870 Pavet
717 813 822 881 Timor,
835 815 903 886 Spes
956 815 1031 872 tiam.
1049 815 1078 871 Si
1098 814 1176 888 qnid,
1192 814 1328 887 inquiunt,
1342 820 1428 884 potes,
1443 812 1545 883 adjnrs
1562 826 1629 871 noe.
1645 809 1751 881 Quibus

107 904 255 969 tenebram
283 901 332 959 aed
358 902 403 960 uia
420 901 528 959 tandem
550 901 586 958 ad
605 902 751 959 consilinm
769 916 817 959 eos
831 903 902 958 Pru·
955 903 1205 961 illatllonosnimc
1221 901 1375 959 estolallst
1388 900 1463 959 enim
1474 900 1545 957 mibi
1556 898 1676 958 nntius
1687 898 1751 957 ilde·

107 990 207 1063 denda,
226 990 469 1063 'temperantiaque
491 991 635 1049 revocarit.
659 992 695 1048 Et
717 990 777 1047 illa:
788 990 903 1061 Videtis,
955 991 1074 1049 lissimns
1087 992 1154 1065 regi,
1169 992 1240 1048 bene
1258 1000 1340 1047 notus
1352 988 1449 1057 curie,
1462 988 1556 1047 Oratio
1574 986 1692 1053 scilieet,
1704 988 1749 1061 qni

107 1080 204 1153 inquit,
220 1079 284 1153 quia
296 1080 357 1137 dies
369 1081 519 1151 precessit,
535 1088 563 1137 et
575 1094 629 1137 nos
653 1079 901 1153 appropinquarit:
956 1080 984 1137 in
996 1088 1103 1137 secreto
1116 1077 1204 1138 noetis
1219 1078 1327 1135 abentio
1342 1078 1510 1151 perignotae
1526 1077 1643 1133 semitas
1655 1090 1750 1133 moena

109 1176 136 1226 at
148 1167 194 1242 qui
209 1168 328 1225 ambulat
341 1168 369 1223 in
382 1167 511 1234 tenebris,
531 1167 679 1239 nescitque
692 1166 791 1225 vadat?
818 1169 903 1225 Porro
955 1168 1017 1226 cmlt
1032 1177 1186 1241 penetrare,
1201 1176 1228 1224 et
1239 1166 1394 1225 cubiculum
1412 1166 1487 1239 ragis
1500 1165 1589 1232 adare,
1602 1170 1635 1221 et
1646 1178 1749 1237 opnor·

108 1254 185 1315 robis
199 1256 311 1329 grandis
321 1262 403 1313 restat
416 1255 468 1326 uia,
485 1270 535 1313 neo
548 1271 630 1326 parva
643 1264 685 1314 est
697 1255 817 1313 bostium
829 1257 901 1314 mul·
956 1268 1023 1314 tuna
1036 1258 1236 1329 importunitate
1253 1256 1328 1328 pium
1343 1255 1415 1327 regis
1432 1253 1553 1311 animum
1570 1251 1686 1311 flectere
1697 1266 1751 1309 non

107 1342 205 1401 titudo.
233 1344 282 1401 list
294 1351 383 1401 autem
407 1343 484 1399 milas
497 1343 607 1416 quidam
620 1344 680 1417 regi
695 1352 789 1403 nostro
800 1344 904 1402 ildulis·
955 1346 1091 1416 indoctus,
1105 1344 1304 1419 supplicatione
1316 1342 1463 1401 miserabili
1474 1340 1665 1399 laborantibus
1675 1340 1750 1399 suxi·

108 1431 204 1499 simne,
230 1448 312 1503 quem
334 1447 388 1503 eqo
409 1431 481 1500 noui,
504 1438 625 1489 castrum
638 1434 740 1491 babens
753 1450 839 1507 propa
852 1450 902 1492 nos
956 1435 1022 1492 lium
1037 1430 1265 1493 solimanno
1286 1433 1441 1505 impetrare.
1459 1431 1511 1488 liat
1532 1429 1580 1486 ille
1597 1430 1625 1486 si
1637 1430 1749 1501 planet:

108 1520 238 1592 positum,
266 1527 293 1575 et
320 1518 505 1577 firmissimum
518 1529 560 1579 eat
573 1522 772 1593 babitaculum,
789 1523 852 1597 qnia
872 1523 902 1581 in
955 1524 1099 1582 eoeoenim
1113 1530 1211 1595 praesto
1222 1530 1272 1581 eet.
1288 1522 1412 1592 Cumque
1419 1518 1626 1591 respondissent
1636 1532 1751 1576 omnes:

110 1619 185 1681 petra
202 1608 294 1680 posuit
324 1606 418 1665 nidum
431 1626 520 1665 suum.
537 1610 707 1668 Disertamus
728 1612 762 1667 ad
776 1611 862 1680 illum,
878 1612 902 1667 si
918 1575 941 1652 Β
957 1611 1064 1670 Placet!
1080 1612 1224 1668 Prudentia
1231 1611 1295 1683 quid
1307 1611 1365 1683 regi
1374 1609 1500 1676 insinuet,
1511 1608 1632 1665 dimonte
1639 1606 1753 1665 institia

110 1697 208 1769 placet,
219 1696 283 1768 quia
292 1696 393 1753 bonum
408 1697 517 1754 estillic
531 1713 600 1755 esse.
615 1698 693 1768 Quod
707 1714 767 1755 eum
786 1699 902 1770 placuis·
958 1713 987 1759 nt
1000 1701 1115 1759 fidetiter
1128 1709 1201 1772 agat,
1212 1706 1238 1755 et
1248 1714 1282 1755 ne
1292 1714 1394 1756 vacans
1406 1702 1556 1755 revertatur
1565 1695 1752 1768 praecipiente,

110 1792 152 1842 set
164 1784 299 1851 omnibns,
316 1795 344 1843 et
357 1785 455 1843 ducem
476 1786 579 1844 itineris
593 1788 764 1859 quesissent,
780 1788 819 1843 ait
835 1791 903 1844 Pru·
959 1790 1070 1857 caeteris,
1094 1798 1121 1845 et
1140 1788 1255 1845 maxime
1273 1788 1393 1855 Timore,
1407 1796 1437 1843 ut
1455 1786 1508 1841 iter
1525 1785 1693 1843 amoenum
1703 1785 1753 1841 de-

109 1873 215 1929 dentis:
231 1874 358 1945 Armiger
370 1890 446 1931 maus
454 1875 531 1931 ilatio
546 1878 681 1946 praecedet
695 1891 757 1931 nos.
771 1877 820 1932 Est
833 1875 906 1931 enim
959 1879 1141 1951 presentibus,
1157 1893 1204 1948 per
1225 1876 1348 1933 occultos
1367 1874 1500 1949 quosdam
1521 1874 1594 1931 muri
1608 1873 1752 1931 exitnsdi·

109 1977 215 2034 gnarus
228 1961 342 2027 viarum,
356 1968 382 2018 et
396 1971 475 2018 notus
487 1963 608 2034 justitiae,
627 1971 723 2034 utpote
739 1964 907 2035 consangui·
960 1969 1057 2023 missus
1069 1974 1120 2022 cst.
1131 1969 1167 2023 At
1180 1965 1354 2022 illabentium
1370 1978 1473 2020 cuneos
1486 1970 1754 2035 penetransseonrm

110 2066 177 2106 neus
189 2050 260 2119 ejus.
272 2050 443 2107 Praecedente
452 2050 544 2123 itaque
557 2051 681 2117 Ratione,
692 2052 799 2107 caeteris
811 2051 909 2107 subse·
960 2057 1031 2110 omni
1050 2070 1100 2111 are
1113 2053 1242 2119 velocior,
1257 2054 1285 2109 in
1300 2062 1448 2119 momento,
1462 2050 1492 2108 in
1511 2052 1568 2109 ictn
1580 2050 1659 2109 oculi
1671 2066 1754 2124 nsque

111 2136 265 2207 quentibus,
301 2138 437 2195 antevenit
464 2139 562 2206 ilatio;
589 2150 617 2196 at
648 2138 762 2194 salutata
787 2139 907 2208 lustitia,
959 2143 991 2198 ad
1008 2142 1344 2214 pcrtasnoraelernsalem
1354 2140 1486 2213 peruenit.
1496 2140 1573 2209 Quas
1581 2138 1754 2197 eumelsnaas

111 2223 243 2282 mundarit
258 2226 381 2297 hospites
394 2227 549 2285 aduentare.
580 2225 684 2293 Quaerit
701 2227 746 2281 illa
772 2227 819 2299 qui
833 2228 904 2298 sint;
961 2231 1103 2303 reperisset
1124 2237 1151 2286 et
1165 2230 1310 2303 pulsasset,
1322 2228 1487 2299 ianitoribus
1505 2242 1580 2299 mqre
1593 2226 1751 2295 terentibus,

113 2313 193 2379 ιιιιιιο,
207 2313 243 2369 ad
264 2314 329 2387 quid
352 2315 470 2383 ueniant,
494 2315 655 2372 scindetur.
670 2316 705 2371 Et
727 2332 789 2373 cum
813 2332 906 2388 regem
960 2321 1034 2392 quod
1055 2320 1225 2391 intempestae
1248 2318 1336 2374 uncus
1354 2316 1463 2373 silentio
1475 2315 1614 2373 civitatem
1634 2317 1755 2387 impleret

111 2402 293 2477 cognovisset,
311 2401 388 2459 hilari
402 2402 478 2460 uultu
488 2420 602 2476 surgens
616 2403 783 2475 fugientibus
811 2422 908 2461 oecur-
962 2407 1134 2477 elamoribus,
1148 2416 1175 2463 et
1196 2406 1255 2479 regi
1273 2406 1325 2476 ipsi
1339 2405 1511 2475 importunus
1528 2418 1593 2461 esse
1605 2418 1665 2459 nnn
1676 2418 1754 2460 rere-

112 2490 220 2547 rituum
234 2492 360 2563 panibus,
375 2500 402 2546 ot
426 2492 545 2549 obviarit
557 2492 609 2548 illia
625 2496 701 2563 quasi
717 2501 804 2549 mater
818 2494 908 2551 hono·
962 2502 1047 2563 retur,
1063 2494 1107 2550 illa
1123 2493 1315 2566 perseverabat
1337 2494 1456 2564 pulsans,
1479 2500 1507 2549 at
1524 2491 1646 2563 amplius
1660 2492 1754 2565 loque-

113 2577 224 2648 riticata,
240 2586 447 2651 susceptamque
460 2578 577 2635 animam
593 2582 626 2635 ab
640 2597 712 2652 equo
725 2581 865 2653 deposuit,
882 2591 911 2640 et
963 2583 1040 2638 batur
1055 2599 1062 2637 :
1076 2584 1188 2656 Aperite
1209 2582 1286 2648 ndhi,
1306 2583 1402 2655 inquit,
1423 2588 1516 2653 portas
1531 2580 1657 2651 insuam,
1674 2579 1757 2636 etin·

113 2666 142 2722 in
156 2667 338 2737 penetralibus
349 2667 448 2724 domus
458 2667 537 2722 avida
550 2668 704 2724 collocavit.
963 2686 1074 2744 gressus
1087 2672 1115 2727 in
1128 2687 1176 2727 eas
1196 2672 1346 2728 confitebor
1359 2669 1476 2727 Dumium
1486 2669 1545 2741 regi
1560 2666 1657 2726 nostro
1670 2668 1698 2723 iu
1710 2682 1757 2725 ore

148 2756 176 2810 ll.
206 2755 361 2827 Insequitur
378 2756 483 2811 bostilie
498 2756 644 2825 exercitus,
660 2769 687 2815 et
709 2772 826 2816 castrum
840 2759 911 2817 obsi·
964 2773 1026 2813 meo
1040 2760 1188 2816 secundm
1202 2760 1402 2817 multitudinem
1420 2758 1548 2814 dolorum
1560 2770 1697 2826 meamne,
1712 2754 1758 2831 qni

114 2847 196 2913 dens,
211 2844 327 2916 undique
336 2842 456 2914 inquirit,
482 2844 579 2916 siquis
594 2846 666 2901 forte
681 2855 784 2917 pareret
806 2849 909 2919 ingres·
926 2839 948 2917 t
963 2857 1027 2903 sunt
1039 2846 1067 2902 in
1082 2848 1163 2904 corde
1176 2863 1247 2904 meo.
1264 2848 1337 2917 llaec,
1353 2846 1453 2918 inquit,
1468 2854 1545 2916 ports
1557 2844 1671 2901 Domini
1688 2845 1754 2903 mei.

115 2947 173 3000 sne,
187 2947 219 2988 ac
233 2939 359 3004 tanquam
373 2930 416 2987 leo
439 2930 531 2987 circuit
546 2947 675 3001 querens
690 2949 774 3005 qoem
788 2933 912 2991 devoret.
966 2934 1073 2991 lustitia
1087 2951 1131 2992 me
1154 2936 1228 2993 nisit
1245 2937 1277 2992 ad
1299 2953 1358 3001 vos,
1378 2941 1408 2991 ut
1426 2933 1582 2991 introducar
1604 2933 1640 2988 ad
1654 2948 1758 3007 regem

115 3018 167 3076 Sed
180 3035 244 3075 cum
257 3019 376 3092 undique
394 3019 461 3077 illud
481 3020 613 3075 munitum
630 3020 777 3089 inveniunt,
796 3023 913 3078 tentoria
966 3024 1028 3096 quia
1039 3026 1074 3079 ad
1088 3024 1176 3092 ipsum
1186 3026 1273 3080 babeo
1286 3032 1391 3081 secreta
1401 3038 1463 3095 quae
1473 3022 1621 3095 porterum.
1637 3022 1760 3079 Vnstnr·

115 3108 211 3183 figunt,
238 3120 265 3166 at
285 3109 414 3165 excubias
434 3111 570 3177 ordinant,
601 3126 636 3166 ne
662 3110 724 3184 quis
746 3112 853 3183 ingredi
868 3122 914 3168 aut
966 3111 1037 3166 binis
1051 3111 1198 3168 auditaost
1211 3112 1238 3167 in
1253 3118 1326 3168 terra
1340 3117 1440 3167 nostre.

115 3197 316 3269 nereditatem,
334 3210 362 3254 ut
377 3213 455 3253 mane
470 3197 540 3253 lueto
564 3197 705 3255 instructis
719 3199 854 3256 machinis
867 3201 913 3255 di·
1001 3201 1029 3254 l.
1057 3200 1112 3255 lter
1135 3214 1197 3256 oum
1218 3198 1391 3273 cognouisset
1413 3196 1538 3254 nuntium
1561 3210 1622 3253 sess
1643 3196 1764 3253 institia

116 3293 195 3341 ruant
207 3284 349 3339 etirruant
361 3301 444 3355 super
457 3302 513 3341 ens.
529 3286 641 3341 Interim
661 3290 745 3343 Pauor
768 3290 913 3358 paviditate
966 3287 1100 3344 introduci
1115 3304 1176 3343 eum
1200 3288 1336 3358 praecepit.
1356 3287 1480 3360 Ingressa
1491 3282 1584 3343 Oratio
1602 3282 1638 3339 ad
1653 3298 1762 3357 mnam,

116 3370 398 3429 etsollicitudlnenon
410 3370 495 3445 piger,
507 3387 557 3429 nec
569 3388 686 3447 unquam
697 3390 823 3444 securus,
837 3392 913 3432 com·
966 3376 1097 3442 adoravit,
1123 3384 1150 3431 et
1172 3378 1209 3432 ait
1224 3394 1231 3430 ι
1248 3378 1315 3446 Rex,
1338 3376 1366 3431 in
1384 3383 1521 3432 aeternum
1539 3368 1609 3429 rire.
1631 3370 1669 3426 lit
1685 3371 1730 3427 ille
1752 3390 1760 3428 ι

116 3455 255 3514 militones
275 3456 382 3525 excitat,
398 3459 530 3514 iustitiam
552 3461 687 3525 conuenit,
711 3462 913 3520 deminutione
966 3465 1083 3521 Rectene
1106 3471 1168 3520 sunt
1182 3466 1272 3520 omnia
1295 3466 1365 3521 circa
1390 3462 1530 3519 dominum
1546 3468 1635 3533 ιιιιιιι,
1651 3466 1683 3517 st
1702 3474 1765 3533 qnos

119 3545 185 3613 loci,
198 3549 234 3602 de
248 3546 446 3622 preparatione
461 3561 598 3603 armorum
614 3548 722 3620 quaerit,
740 3550 869 3620 adjiciens
886 3558 913 3607 et
967 3551 1038 3607 illins
1052 3558 1115 3607 sunt
1124 3554 1139 3607 i
1149 3554 1182 3608 Et
1191 3552 1302 3608 Oratio:
1317 3554 1411 3622 Recte,
1424 3549 1554 3616 Domine,
1564 3549 1653 3607 rostri
1667 3548 1762 3623 grstia

116 3637 195 3707 illud,
220 3653 255 3694 ue
280 3638 352 3695 lorte
378 3637 566 3695 sustentationi
579 3636 704 3694 deliniant
718 3638 854 3695 alimenta.
871 3640 935 3695 to.
970 3643 1053 3696 Porro
1072 3656 1156 3696 unum
1179 3650 1219 3697 est
1239 3640 1433 3698 necessarium.
1458 3639 1561 3695 Servus
1581 3637 1626 3693 ille
1646 3644 1765 3694 reema

116 3727 449 3799 neojustttiurespondit:
478 3726 550 3785 Situs
564 3727 628 3800 loci,
647 3738 675 3783 ut
701 3729 913 3786 animaduertere
966 3730 1093 3786 cornibus
1120 3730 1289 3787 unicornium
1314 3730 1348 3784 ad
1374 3729 1517 3800 imperinm
1539 3726 1617 3801 regis
1644 3734 1765 3796 ereptus,

118 3816 241 3887 potestis,
258 3832 372 3874 mansus
383 3834 411 3873 ct
431 3817 626 3875 inaccessibilis
639 3826 689 3883 est,
707 3834 757 3874 neo
770 3818 799 3872 in
818 3818 910 3885 armis,
966 3819 1071 3874 divertit
1084 3819 1118 3873 ad
1133 3820 1245 3875 militem
1268 3829 1388 3875 vestrum
1410 3816 1549 3873 dominum
1570 3830 1686 3886 menm3
1708 3824 1764 3870 et:

119 3919 170 3961 noo
181 3903 210 3957 iu
220 3905 350 3961 machinis
359 3904 529 3963 inimieomm
539 3907 616 3966 timet
629 3907 768 3965 insultum.
786 3908 840 3965 Sed
849 3910 913 3981 quis
965 3907 1079 3963 Domine
1092 3906 1139 3973 mi,
1157 3914 1228 3963 terra
1252 3906 1297 3962 illa
1318 3906 1442 3963 australis
1465 3912 1492 3961 at
1506 3920 1588 3961 arens
1609 3908 1666 3973 ast,
1688 3901 1768 3961 etoi-

118 3993 211 4049 aridns
225 4000 277 4060 est,
295 4009 396 4065 panem
407 3994 491 4051 habet
503 3997 655 4070 indigenas,
672 4013 739 4068 quos
753 3997 829 4053 arido
844 3998 910 4052 bor·
966 3996 1030 4050 bum
1040 4010 1094 4050 non
1105 3997 1198 4051 habet.
1215 3996 1267 4051 Det
1275 3996 1408 4052 Dominus
1418 3993 1645 4062 benedictionem,
1658 4000 1689 4048 et
1697 4000 1769 4049 terre

119 4080 211 4138 deacei
219 4080 365 4152 paniscibo
379 4090 515 4155 utcunque
529 4093 672 4142 sustentat.
687 4086 723 4141 Et
736 4100 807 4140 nunc
820 4101 914 4155 super·
928 4070 952 4149 Β
966 4092 1058 4138 nostra
1072 4083 1115 4137 det
1129 4083 1243 4139 fructum
1263 4100 1353 4141 sunm.
1378 4084 1421 4139 En
1442 4080 1603 4153 congregati
1621 4080 1720 4137 bostes
1737 4080 1767 4135 in

119 4179 183 4229 snnt
196 4170 274 4226 nobis
292 4172 412 4244 quinque
436 4188 521 4242 panes
535 4173 688 4237 hordeacei,
710 4182 737 4227 et
751 4174 805 4230 duo
817 4176 914 4243 pisces.
972 4170 1152 4239 multitudine,
1168 4179 1197 4227 ut
1211 4171 1338 4229 dimicent
1351 4178 1444 4229 contra
1461 4183 1514 4226 nos
1529 4184 1537 4223 ι
1552 4167 1695 4237 danobis,
1710 4168 1771 4224 llo·

119 4261 155 4317 Et
172 4259 277 4315 Timor:
306 4259 378 4328 Quid
409 4261 478 4331 lutee,
506 4259 604 4332 inquit,
633 4268 694 4315 sunt
717 4260 786 4316 inter
809 4262 916 4316 tantos?
970 4259 1053 4327 mine,
1067 4260 1196 4315 auxilium
1211 4263 1246 4317 de
1264 4259 1458 4330 tribulatione;
1482 4256 1547 4331 qnia
1564 4272 1620 4313 non
1634 4264 1678 4313 aet
1700 4254 1773 4311 alins

120 4350 210 4423 Coepit
237 4350 318 4423 igitur
337 4351 425 4422 magis
437 4364 537 4420 pavero
560 4356 587 4405 et
609 4349 728 4405 tedere:
758 4357 784 4405 et
799 4364 917 4419 arguens
969 4348 1017 4419 qui
1033 4356 1134 4420 pugnet
1148 4364 1198 4419 pro
1221 4348 1309 4417 nobis,
1335 4348 1386 4403 nisi
1407 4354 1446 4417 tu,
1466 4346 1540 4402 llens
1562 4350 1669 4401 noster.
1684 4344 1773 4401 Porro

121 4443 238 4499 animam
258 4442 329 4511 qnod
343 4442 377 4497 ab
397 4456 469 4514 equo
491 4439 623 4496 Desiderii
636 4439 832 4507 descendisset,
849 4439 917 4496 illud
972 4452 1019 4492 res
1033 4445 1137 4503 noster,
1152 4438 1334 4506 cujusnatura
1347 4435 1469 4501 bonitas,
1484 4431 1625 4489 rnotnsbis
1640 4430 1774 4502 lacrymis

121 4531 222 4603 sepius
253 4530 434 4600 memorabat,
449 4544 511 4585 esse
532 4527 679 4586 norissima
699 4527 816 4584 bominis
844 4527 918 4585 illins
971 4526 1008 4581 ait
1023 4543 1031 4581 ε
1045 4524 1133 4596 Quem
1147 4525 1308 4581 mittemus?
1322 4524 1456 4597 lldqnam
1470 4520 1772 4593 Cbaritesrlicceego,

122 4623 217 4692 pejora
233 4620 375 4691 prioribus.
386 4617 918 4690 Equusenimillepraepeticursufesti-
972 4615 1096 4679 Domina,
1113 4616 1188 4670 mitte
1210 4630 1264 4669 me.
1282 4613 1336 4669 ilex
1354 4620 1441 4668 anem
1461 4610 1598 4684 quaerebat
1618 4610 1654 4663 de
1666 4606 1770 4673 accitu

123 4727 174 4767 nus
188 4710 330 4767 adsolebat
343 4707 377 4764 sd
396 4708 503 4771 urbem,
519 4722 591 4762 nnnc
605 4707 687 4763 solius
712 4706 833 4762 Rationis
846 4720 923 4762 com·
977 4703 1026 4757 sed
1049 4703 1170 4759 Charitas
1196 4704 1373 4759 domesticam
1400 4700 1452 4757 sibi
1477 4698 1605 4756 ismilisnn
1632 4696 1777 4769 respondit

123 4797 225 4854 misens
250 4798 372 4855 dncatni.
388 4796 461 4869 lpse,
476 4795 570 4867 inquit,
586 4796 698 4863 videris,
723 4794 745 4849 si
760 4809 813 4849 non
829 4792 925 4849 melius
977 4788 1113 4846 suillcere.
1125 4789 1185 4846 Exit
1199 4806 1264 4861 erqo
1279 4804 1332 4846 nna
1345 4804 1409 4845 enm
1418 4784 1559 4844 nobiliillc
1572 4783 1704 4841 comitatu
1711 4796 1776 4853 sno,

125 4897 183 4944 erat
192 4885 240 4943 tibi
256 4897 320 4944 tune
335 4885 432 4957 magis,
447 4900 526 4959 quam
540 4899 620 4938 nune.
976 4878 1092 4947 Gaudio,
1108 4878 1188 4942 Paeo,
1205 4879 1344 4947 Patientia,
1355 4873 1579 4948 Lcnqanimitate,
1592 4871 1776 4947 Benignitate,

161 4979 189 5035 a.
217 4977 306 5047 Prope
332 4976 389 5046 jam
412 4980 469 5029 erat
489 4980 519 5029 nt
547 4972 677 5026 aduersos
690 4970 772 5041 Spem
791 4969 925 5026 contraria
977 4968 1109 5036 Bonitate,
1134 4967 1348 5025 llansuetndine
1373 4964 1421 5020 llis
1447 4963 1560 5033 stipatus
1580 4959 1636 5015 dns
1658 4958 1778 5031 insignis

129 5068 288 5122 sentientem
304 5066 395 5121 Timor
405 5063 563 5135 insurgeret
570 5077 579 5129 ;
595 5060 642 5116 scd
656 5058 842 5131 Temperantia
857 5060 923 5115 Prn·
978 5055 1161 5127 progreditur,
1192 5063 1335 5126 certusque
1364 5054 1398 5108 de
1426 5049 1549 5118 uictoris,
1577 5056 1672 5105 erecto
1695 5047 1777 5120 signo

131 5153 252 5211 (tendam
276 5154 427 5211 aduocauit.
448 5152 586 5209 accersita
600 5148 745 5206 Prudentia
760 5148 922 5220 improbitn-
976 5144 1131 5215 triumphali
1156 5144 1269 5216 primam
1298 5142 1441 5215 pertransit
1469 5140 1652 5207 inimicorum,
1677 5152 1778 5194 secnn·

129 5252 182 5299 tam
198 5241 314 5300 rimeris
328 5243 490 5315 objurgans:
507 5238 724 5303 mediomatrice,
740 5237 837 5307 inquit,
851 5244 925 5309 tuus,
980 5233 1099 5306 demque
1132 5234 1291 5298 custodiam,
1312 5234 1433 5303 Cumque
1456 5228 1573 5286 uenisset
1594 5226 1630 5281 ad
1658 5232 1778 5299 portant,

130 5333 268 5399 ol'imor,
283 5347 378 5388 mucro
398 5332 536 5387 deseviat.
565 5328 663 5386 Nescis
684 5328 747 5400 quia
762 5344 808 5383 rex
824 5335 926 5391 nomm,
981 5324 1053 5378 ultro
1076 5331 1172 5393 aperta
1194 5333 1237 5378 est
1258 5322 1292 5380 ei.
1318 5320 1359 5376 Ad
1374 5321 1453 5390 cujus
1473 5319 1627 5392 ingressum
1645 5314 1720 5371 trun
1739 5320 1781 5369 est

132 5436 183 5477 rex
193 5420 326 5479 uirtutum
339 5424 391 5485 ost,
407 5419 539 5478 Dominus
554 5417 631 5474 tortis
653 5430 680 5474 nt
704 5426 810 5487 putens,
834 5415 928 5473 Domi·
982 5413 1073 5469 laetitia
1091 5429 1188 5486 nragna
1206 5414 1233 5467 in
1258 5411 1368 5484 oppido.
1388 5412 1509 5481 Cnmqna
1527 5404 1661 5464 suadente
1674 5400 1782 5459 Gaudio
