3734 5948
62 256 117 314 90¹]

687 239 858 301 subdolus
877 239 910 300 tu
930 237 1081 298 catltct.
1181 251 1191 265 ‘

1660 242 1714 303 ttttt

61 381 168 438 bomini
185 377 276 450 tetigit
291 391 344 431 me.
361 375 416 442 lle,
432 372 551 444 inquam,
567 367 656 440 tetigit
677 375 704 424 et
717 367 860 440 percussit,
876 380 901 460 st
948 370 991 422 ld.
1008 364 1153 437 Ignoscite,
1170 365 1215 420 lilii
1231 385 1237 420 z
1255 367 1309 422 imo
1325 364 1347 418 si
1363 362 1420 430 filii,
1445 364 1529 422 vicent
1549 367 1641 425 dolete
1659 386 1711 442 po-

60 486 117 523 nnn
132 468 219 532 illurn,
235 479 316 537 quem
340 461 449 518 vocavit
474 458 508 514 ad
529 456 668 530 requiem;
683 471 727 510 me
751 453 859 521 occidit,

63 573 125 613 curu
148 554 261 613 succidit
290 552 375 607 illum.
401 548 529 619 Nunquid
552 547 624 602 enim
652 546 771 602 occisum
800 544 860 614 quis

59 646 168 710 dixerit,
184 660 264 713 quem
279 639 410 713 plantavit
432 637 460 692 in
483 636 558 692 vita?
581 639 615 692 xt
639 634 711 707 quod
736 633 774 689 illi
797 633 859 688 vitae

57 737 141 805 janua
165 732 224 797 fuit,
248 729 316 785 mibi
341 728 421 800 plane
445 733 585 791 estmors3
599 737 697 793 tneque
712 721 758 776 illa
771 731 858 777 morte

60 830 196 878 mortuum
212 818 334 883 dixerim,
349 831 403 872 non
427 815 498 868 lrunc
517 813 563 885 qui
579 809 744 867 obdormivit
758 810 784 864 iu
799 810 857 864 Do-

60 912 145 969 mino.
172 911 259 981 Exite,
283 908 364 971 exite,
389 900 686 973 lacrymaejampridem
701 899 856 971 cupientes;

60 1001 143 1066 exite,
169 999 231 1070 quio
254 997 278 1051 is
298 996 344 1066 qui
359 992 437 1050 vobis
452 1000 568 1048 meatum
583 990 765 1059 obstruxerat,
779 1004 857 1044 com-

60 1090 172 1145 mcavit.
203 1085 365 1156 Aperiantur
392 1088 531 1138 cataractae
567 1079 660 1135 miseri
692 1076 802 1150 capitis;
832 1087 858 1133 et

60 1185 204 1249 erumpant
218 1176 308 1231 fontes
322 1187 462 1246 aquarum,
477 1172 500 1228 si
525 1170 594 1226 fortc
614 1167 749 1224 subiciant
763 1167 858 1223 sordes

61 1268 166 1324 diluere
180 1265 330 1336 culparum,
345 1263 441 1332 quibus
461 1260 530 1315 iram
552 1257 650 1314 merui.
676 1258 742 1311 Cum
757 1269 858 1312 conso·

62 1357 133 1411 latas
149 1352 228 1410 fuerit
243 1367 326 1422 super
339 1365 383 1404 me
396 1347 538 1414 Dominus,
554 1355 618 1402 tunc
632 1343 752 1421 fortassis
766 1352 793 1400 et
807 1357 858 1415 ego

63 1458 168 1499 merear
182 1440 327 1505 consolari,
339 1438 362 1492 si
371 1447 461 1493 umen
470 1451 523 1491 non
538 1447 690 1507 pepercero
701 1447 715 1486 a
725 1445 856 1488 moerore:

61 1549 136 1597 nam,
151 1530 197 1603 qui
212 1531 314 1603 lugent,
337 1525 389 1599 ipsi
410 1524 621 1582 consolabantur
644 1521 754 1592 (baert.
778 1537 805 1588 ι,
822 1519 857 1588 5).

62 1622 210 1690 Propterea
232 1614 431 1675 condescendat
454 1612 520 1668 mibi
543 1611 630 1668 omnis
654 1618 774 1675 sanetus,
791 1617 816 1664 et
831 1608 859 1664 in

914 463 1027 511 ternam.
1052 455 1215 510 Miseremini
1239 454 1304 524 mei,
1329 452 1493 508 miseremini
1524 455 1588 522 mei,
1618 457 1713 512 saltem

913 560 963 601 ros
976 543 1055 599 amici
1079 544 1145 611 nrei,
1171 543 1217 614 qui
1241 552 1314 599 certe
1328 541 1507 599 consideratis
1521 559 1601 615 quam
1619 547 1713 615 gravia

914 648 962 704 pro
978 631 1093 703 peccatis
1107 633 1197 702 recepi
1218 630 1252 686 de
1266 646 1348 687 manu
1363 630 1483 685 Domini.
1501 629 1531 685 ln
1545 631 1623 705 virga
1638 633 1713 688 indi-

912 720 1047 791 gnationis
1061 736 1117 775 suae
1136 719 1269 792 percussit
1284 734 1339 786 me,
1355 717 1438 790 digne
1453 732 1502 788 pro
1519 717 1714 785 meritisdure

912 823 962 880 pro
977 810 1089 865 viribus.
1103 810 1144 862 An
1159 808 1218 864 leve
1240 808 1302 879 quis
1316 807 1414 863 dixerit
1437 806 1529 863 vivere
1547 823 1590 864 ma
1605 808 1714 882 absque

912 897 1038 963 Girardo‚
1064 898 1116 953 nisi
1138 898 1184 969 qui
1203 897 1311 970 ignorat
1331 895 1396 968 quid
1411 895 1476 951 mibi
1491 912 1551 952 cum
1573 895 1713 956 Girardoi

912 985 970 1041 Nec
995 993 1083 1041 tamen
1108 985 1262 1040 contradico
1286 983 1456 1039 sermonibus
1476 984 1579 1053 saneti;
1597 1001 1649 1042 nec
1672 1002 1714 1044 re·

912 1075 1049 1146 prehendo
1063 1074 1209 1145 judicium,
1224 1089 1277 1146 que
1294 1072 1396 1144 recepit
1411 1073 1527 1146 quisque
1543 1090 1598 1145 quo
1611 1075 1713 1149 dignos

911 1163 1039 1234 est:ilfe,
1056 1178 1185 1219 coronam
1204 1178 1283 1233 quam
1308 1163 1421 1228 meruit;
1446 1176 1509 1235 ego,
1532 1179 1613 1235 quam
1635 1166 1714 1222 debui

912 1268 1030 1325 poenam.
1046 1252 1174 1324 Nunquid
1205 1252 1269 1322 qttia
1291 1251 1380 1306 sentio
1405 1266 1521 1321 poenam,
1546 1253 1713 1323 reprehendo

896 1339 1097 1399 sententiam?
1111 1339 1263 1395 llumanum
1280 1348 1321 1395 est
1335 1338 1410 1402 illud,
1435 1340 1488 1394 boc
1510 1339 1633 1412 impium.
1656 1340 1713 1397 llu-

914 1446 1032 1498 manum,
1048 1430 1169 1502 inquam,
1190 1435 1218 1484 et
1232 1443 1344 1484 necesse
1371 1425 1442 1483 affici
1456 1442 1520 1499 erga
1534 1429 1642 1496 charos,
1655 1432 1714 1488 siue

912 1515 1107 1585 delectabiliter
1130 1542 1194 1583 cum
1226 1537 1327 1599 praesto
1350 1533 1422 1593 sunt,
1443 1525 1499 1582 sine
1517 1542 1579 1582 cum
1603 1527 1713 1596 absunt,

912 1619 1037 1674 moleste.
1052 1616 1112 1674 Non
1126 1616 1177 1671 erit
1195 1615 1283 1671 otiosa
1306 1612 1417 1671 socialis
1432 1614 1615 1684 conversatio,
1640 1632 1713 1688 prae·

63 1708 159 1778 spiritu
174 1704 294 1762 lenitatis
309 1705 356 1776 qui
370 1701 517 1773 spiritualis
530 1709 582 1772 est,
605 1698 737 1755 sustineat
758 1699 859 1753 lamen·
876 1688 898 1765 Β
913 1707 1006 1763 sertim
1028 1705 1213 1762 interemtam
1230 1722 1236 1758 ς
1253 1711 1280 1759 et
1299 1704 1366 1775 quid
1380 1700 1503 1760 effecerit
1514 1713 1625 1761 mutuus
1638 1720 1715 1763 amor

64 1802 176 1850 tantem.
200 1793 300 1849 Luctus
322 1806 399 1847 meus
413 1790 541 1855 humano,
558 1803 661 1860 queso,
675 1796 802 1859 pensetur
817 1789 859 1842 al-

61 1886 145 1949 lectu,
169 1898 223 1938 non
247 1897 309 1935 usu.
335 1878 463 1935 Videmus
485 1893 582 1948 nempe
605 1877 861 1947 mortuosquotidia

62 1974 192 2044 plangere
209 1978 329 2025 mortuos
343 1983 431 2025 suos:
450 1967 543 2023 fletum
558 1965 680 2032 multum,
697 1970 725 2019 et
745 1964 859 2021 fructum

63 2061 179 2119 nullum.
197 2061 259 2116 Non
282 2058 424 2129 culpamus
444 2055 583 2123 affectum,
606 2054 658 2109 nisi
679 2069 741 2109 cum
755 2053 862 2110 excedit

63 2152 188 2220 modum3
202 2147 250 2203 sed
266 2161 388 2203 causam.
412 2143 460 2199 lile
484 2143 610 2199 nimirum
635 2151 738 2198 naturae
763 2150 814 2210 est,
835 2151 862 2198 et

61 2239 123 2309 ejus
138 2237 255 2292 turbatio
271 2250 350 2306 poena
366 2232 469 2305 peccati
485 2251 491 2290 :
514 2233 573 2287 llaec
597 2231 701 2287 sanitas
721 2237 749 2286 et
762 2245 860 2302 pecca·

63 2335 132 2383 tum.
150 2325 257 2381 Etenim
277 2325 312 2378 ibi
336 2323 406 2387 sola,
431 2320 484 2376 nisi
507 2320 594 2385 fallor,
609 2318 751 2392 plorantur
763 2318 862 2373 damna

61 2416 158 2488 gloriae
170 2413 268 2478 carnis,
285 2413 348 2468 ritae
363 2409 506 2482 presentis
517 2408 695 2465 incommoda.
707 2408 739 2462 Et
749 2407 861 2479 ploran-

62 2505 93 2561 di
115 2505 161 2576 qui
185 2505 220 2559 ita
244 2503 358 2573 plorant.
383 2499 512 2570 Nunquid
536 2513 587 2570 ego
608 2497 667 2553 sici
681 2495 781 2552 Similis
796 2496 861 2552 milri

914 1794 942 1851 in
960 1795 1011 1851 sibi
1031 1795 1222 1865 presentibus,
1242 1793 1341 1848 horror
1357 1791 1460 1848 indicat
1474 1794 1662 1866 separationis,
1688 1802 1715 1851 et

915 1882 993 1940 dolor
1005 1885 1039 1939 de
1055 1881 1169 1938 invicem
1185 1879 1329 1952 separatis.
1342 1878 1427 1936 Doleo
1439 1895 1521 1951 super
1536 1890 1574 1950 te,
1597 1881 1714 1939 Girarde

914 1971 1086 2043 charissime,
1112 1986 1167 2027 non
1193 1969 1256 2043 quia
1275 1967 1421 2033 dolendus,
1442 1971 1490 2024 sed
1514 1970 1577 2041 quia
1599 1971 1713 2028 ablatus.

914 2061 948 2116 tta
970 2061 1033 2117 ideo
1051 2059 1172 2116 fortassis
1191 2057 1340 2114 dolendum
1363 2057 1429 2112 mibi
1455 2056 1545 2128 potius
1564 2074 1715 2130 supernae,

914 2149 960 2222 qui
975 2148 1039 2205 bibo
1061 2147 1170 2204 calicem
1194 2145 1391 2202 amaritudinis.
1414 2146 1450 2202 Et
1473 2146 1550 2203 solus
1572 2148 1715 2221 dolendus,

915 2240 979 2312 quia
993 2238 1070 2296 solus
1084 2237 1172 2295 bibo:
1194 2252 1248 2294 oon
1267 2237 1340 2293 enim
1359 2244 1386 2293 et
1406 2245 1443 2293 tu.
1460 2235 1542 2292 Solus
1557 2254 1608 2310 ego
1626 2237 1717 2311 patior

915 2328 987 2400 quod
1018 2328 1108 2383 solent
1136 2327 1237 2399 pariter
1263 2327 1316 2398 pati
1341 2327 1387 2398 qui
1407 2341 1437 2381 se
1458 2324 1583 2399 diligunt,
1604 2343 1666 2384 eum
1686 2345 1716 2384 se

914 2416 1053 2473 amillunl.

951 2509 995 2560 ll.
1019 2505 1126 2560 Utinam
1150 2518 1205 2560 non
1226 2511 1253 2559 te
1277 2502 1427 2568 amiserim,
1449 2503 1496 2559 sed
1516 2503 1712 2575 praemiserint

62 2592 189 2659 affectus,
219 2591 265 2646 sed
291 2589 376 2644 altera
403 2603 494 2651 causa,
514 2585 708 2658 dissimilisque
737 2585 860 2642 intentio.
915 2594 1019 2649 utinam
1042 2593 1085 2649 vel
1111 2593 1186 2648 tarde
1211 2583 1357 2663 aliquando
1384 2608 1483 2664 sequar
1503 2599 1529 2647 te
1552 2608 1718 2666 quocunque

61 2682 141 2738 Nulla
154 2681 220 2736 mibi
235 2695 300 2735 sane
314 2679 424 2751 querela
438 2678 471 2732 de
485 2677 611 2733 omnibus
624 2691 686 2747 quae
700 2685 764 2732 sunt
778 2691 860 2731 mun·
915 2682 992 2738 ieris!
1009 2682 1069 2738 Nou
1093 2679 1165 2736 enirn
1182 2679 1293 2735 dubium
1319 2680 1384 2751 quin
1411 2682 1444 2736 ad
1464 2679 1526 2737 illos
1550 2681 1623 2747 ieris,
1650 2698 1719 2754 qnos

59 2773 98 2828 di.
115 2772 147 2827 ln
162 2772 203 2826 bis
219 2769 340 2842 profecto
356 2783 416 2841 quae
440 2776 504 2823 sunt
524 2765 584 2833 Dei,
609 2766 763 2836 ademptum
781 2765 861 2822 doleo
917 2770 989 2826 circa
1005 2769 1122 2824 medium
1139 2776 1268 2824 extremae
1287 2768 1374 2825 noctis
1389 2776 1441 2823 tuae
1460 2768 1593 2825 invitabas
1610 2769 1644 2824 ad
1661 2769 1720 2825 lau·

62 2861 143 2916 fidele
158 2861 297 2923 anaxilium,
309 2859 426 2914 salutare
439 2855 592 2912 consilium.
604 2852 748 2911 Girardnm
763 2854 858 2927 lugeo:
915 2859 986 2930 dero,
1004 2875 1074 2915 curn
1090 2857 1118 2912 in
1133 2858 1207 2916 sidtu
1227 2869 1255 2913 et
1268 2872 1334 2913 soce
1347 2858 1531 2914 exsultationis
1545 2858 1637 2915 subite
1654 2874 1721 2916 eru·

60 2949 195 3006 Girardus
218 2956 258 3003 est
283 2947 310 3001 ia
334 2961 425 3010 causa,
441 2943 525 3030 frater
547 2957 637 3010 carne,
654 2942 699 2998 sed
720 2941 859 3016 proximus
914 2946 978 3019 pisti
995 2947 1021 3001 in
1043 2946 1108 3002 illud
1120 2945 1289 3013 Dauidieum,
1306 2944 1474 3013 stupentibus
1483 2945 1529 3017 qui
1539 2945 1719 3010 assistebant:

60 3036 170 3108 spiritu,
185 3034 275 3092 socius
290 3035 441 3106 proposito.

98 3126 221 3184 Adhaesit
252 3123 342 3180 anima
374 3138 434 3178 mea
465 3122 562 3177 animae
594 3119 682 3188 illius,
716 3128 742 3174 et
776 3133 858 3176 unam

60 3218 126 3274 fecit
138 3216 172 3271 dc
186 3214 302 3277 duabus,
328 3225 383 3267 non
405 3209 634 3283 consanguinitas,
652 3208 701 3264 sed
722 3208 856 3265 unanimi·

60 3316 114 3363 tas.
131 3304 225 3361 Carnis
241 3302 351 3376 quidem
366 3300 536 3357 necessitudo
552 3313 605 3356 non
624 3296 722 3366 defuit;
736 3298 785 3353 sed
800 3297 859 3367 plus

59 3395 151 3467 iunxit
174 3392 287 3449 societas
312 3389 433 3461 spiritus,
458 3403 605 3444 consensus
618 3385 780 3456 animorum,
798 3401 858 3440 mo·

61 3500 125 3541 rum
148 3479 333 3539 conformitas.
358 3479 425 3534 Cum
449 3490 513 3547 ergo
537 3490 658 3533 essemus
673 3489 720 3530 cor
734 3490 817 3531 unum
832 3479 860 3529 et

58 3572 150 3627 anima
164 3587 227 3636 una,
243 3569 313 3623 lranc
327 3581 416 3621 meant
430 3564 530 3636 paritor
545 3570 627 3633 atque
641 3563 727 3632 ipsius
741 3563 858 3617 animam

60 3658 234 3732 pertransivit
257 3654 377 3729 gladius,
402 3660 429 3708 et
452 3651 588 3722 scindens,
612 3649 731 3706 mediam
752 3659 859 3718 partem

61 3749 160 3804 locavit
174 3747 201 3800 in
217 3746 298 3809 coele,
314 3749 415 3814 partem
430 3741 457 3794 iu
481 3753 559 3794 coeno
578 3737 705 3793 deseruit.
721 3736 790 3810 Ego,
806 3752 858 3809 ego

61 3838 108 3893 illa
120 3835 208 3908 portio
223 3833 323 3888 misera
335 3832 362 3886 in
379 3831 435 3885 luto
448 3828 551 3898 jacens,
566 3832 687 3882 truncata
708 3833 783 3896 parta
806 3825 859 3894 sui,

62 3935 90 3983 et
105 3934 179 3998 parte
194 3923 306 3995 potiori;
323 3928 349 3977 et
363 3919 460 3974 dicitur
474 3916 542 3971 mibi
560 3934 566 3971 :
582 3915 623 3970 Nc
637 3914 762 3972 fleveris?
776 3912 860 3970 Avul-

62 4032 92 4072 sa
115 4023 176 4070 sunt
200 4014 305 4069 uiscera
332 4025 393 4065 mea
414 4022 429 4062 a
452 4022 510 4074 me;
535 4013 561 4061 et
584 4003 682 4060 dicitur
701 4001 768 4058 mibi
790 4020 797 4058 :
822 4004 861 4061 Nc

877 2994 1195 3094 cmodatebomtnam
1211 3034 1335 3098 decretis,
1355 3033 1542 3090 toodetceom
1558 3035 1716 3093 inescelsis

914 3123 1003 3196 (Psal.
1028 3138 1141 3187 exnvttt,
1161 3121 1197 3194 t).
1218 3123 1279 3177 lant
1297 3121 1357 3190 tibi,
1377 3121 1460 3177 frater
1480 3121 1528 3190 ml,
1541 3132 1619 3178 nocte
1630 3123 1720 3181 adbuc

914 3213 1000 3269 media
1030 3211 1179 3282 diescebat,
1204 3218 1231 3267 et
1251 3227 1304 3268 nox
1326 3211 1396 3268 sicut
1420 3210 1480 3266 dies
1503 3209 1713 3269 illuminabatur.

912 3305 1026 3360 Prorsus
1054 3302 1100 3358 illa
1119 3317 1173 3358 nox
1202 3301 1360 3357 illuminatio
1391 3308 1436 3357 tua
1462 3299 1490 3356 in
1514 3300 1622 3358 deliciis
1651 3302 1716 3362 tuis.

913 3392 1022 3450 accitus
1047 3407 1106 3446 sum
1120 3406 1171 3463 ego
1191 3389 1264 3445 adid
1281 3388 1414 3456 miraculi,
1434 3388 1527 3445 nidere
1541 3392 1717 3446 exsultantem

913 3483 940 3538 in
956 3489 1043 3538 morte
1064 3482 1209 3546 hominem,
1225 3488 1252 3536 et
1275 3479 1448 3535 insultantem
1472 3477 1562 3534 morti.
1590 3478 1641 3536 Ubi
1664 3486 1715 3550 est,

913 3587 998 3642 mors,
1024 3569 1138 3627 uictoria
1157 3569 1221 3624 tua?
1245 3567 1291 3622 ubi
1315 3575 1368 3632 est,
1390 3582 1476 3632 mors,
1495 3565 1619 3622 stimulus
1634 3568 1718 3623 tuus?

913 3660 971 3715 lam
986 3675 1040 3717 uon
1059 3658 1193 3724 stimulus,
1215 3656 1262 3713 sed
1280 3656 1465 3726 jubilustam
1475 3654 1607 3712 cantando
1629 3654 1717 3710 mori-

913 3756 957 3804 tur
977 3749 1069 3817 bomo,
1091 3754 1119 3803 ct
1137 3745 1280 3802 moriende
1302 3751 1402 3799 cantat.
1428 3743 1571 3815 Usurparis
1593 3742 1626 3799 ad
1645 3743 1716 3799 laeti-

914 3838 987 3906 tiam,
1006 3836 1241 3901 matermoeroris;
1266 3833 1407 3905 usurparis
1428 3833 1463 3889 ad
1477 3833 1603 3905 gloriam,
1623 3833 1717 3907 glorias

913 3926 1037 3992 inimico,
1057 3923 1200 3996 usurparis
1213 3923 1247 3977 ad
1267 3923 1407 3980 introitum
1421 3923 1509 3995 regni,
1526 3933 1602 3995 porta
1616 3923 1695 3979 inferi
1710 3945 1717 3983 ι

916 4015 1031 4072 etlovea
1050 4013 1221 4086 perditionis,
1242 4012 1275 4068 ad
1296 4013 1477 4070 inventionem
1498 4012 1612 4069 salutis:
1632 4011 1717 4084 idque

63 4102 204 4160 senseris?
220 4101 323 4166 Sentio,
338 4096 426 4154 sentio
439 4097 482 4155 uel
503 4095 612 4161 inritus,
629 4091 693 4165 quia
715 4108 767 4148 nec
780 4091 861 4148 lorti·
915 4103 1070 4160 abhomiue
1083 4113 1235 4176 peccatore,
1251 4102 1327 4158 rugae
1346 4101 1483 4170 nimirum,
1496 4102 1560 4173 quta
1575 4109 1603 4157 ru
1623 4099 1716 4171 tuique
1745 4107 1747 4110 ⁴

64 4192 131 4247 tudo
147 4190 266 4261 lapidum
281 4189 491 4250 fortitudomea,
505 4199 554 4241 nec
567 4197 701 4240 caromea
714 4197 789 4237 aenea
804 4188 859 4250 est,
915 4192 942 4251 in
976 4193 1113 4249 hominem
1137 4193 1306 4249 innocentem
1327 4202 1353 4247 et
1370 4192 1473 4262 justum
1497 4197 1655 4261 potestatem
1675 4200 1719 4246 re.

64 4279 151 4337 sentio
167 4294 279 4349 prorsus
293 4289 319 4333 et
333 4276 421 4341 doleo,
437 4282 466 4330 et
480 4274 557 4330 dolor
572 4288 649 4330 meus
671 4272 697 4326 in
711 4280 862 4343 conspeetu
915 4281 1030 4338 meppia
1052 4281 1199 4351 usurpasti,
1216 4281 1322 4336 Mortua
1336 4295 1376 4345 ες,
1391 4294 1408 4335 0
1432 4294 1517 4347 mors,
1533 4287 1560 4333 er
1579 4277 1715 4347 perforata

64 4385 128 4425 meo
143 4381 259 4438 semper.
276 4368 334 4422 Non
351 4380 416 4420 sane
430 4379 481 4419 nos
496 4364 595 4434 proterit
608 4362 713 4419 duritiae
728 4371 756 4418 et
769 4363 863 4418 insen·
915 4371 994 4426 hamo
1012 4385 1092 4443 quam
1109 4368 1219 4425 incauta
1237 4368 1360 4439 glutiisti,
1381 4367 1460 4435 carius
1485 4364 1531 4419 illa
1551 4379 1602 4421 vox
1624 4373 1666 4421 cst
1685 4364 1715 4421 iu

65 4455 204 4516 sibilitatis
224 4469 338 4527 arguere
352 4452 398 4508 ille
419 4452 465 4523 qui
490 4453 622 4516 verberat,
645 4451 780 4523 quomodo
801 4451 862 4508 illos
916 4459 1069 4532 propbeta:
1089 4459 1207 4526 (rmore,
1224 4472 1271 4512 ero
1285 4471 1360 4511 mors
1374 4458 1441 4522 tata·
1452 4471 1564 4512 morsus
1580 4458 1715 4521 rausero,

65 4546 207 4619 dequibus
218 4542 411 4600 ait:Pcrcossi
421 4556 475 4607 eos,
486 4543 514 4597 et
524 4540 860 4612 condoluercutlfercm.
917 4549 1030 4620 insertae
1054 4548 1128 4618 (Ore.
1148 4561 1211 4616 xttr,
1230 4543 1361 4615 tt).tt10‚
1379 4543 1497 4615 inquam,
1524 4545 1603 4600 hamo
1627 4542 1717 4614 petto.

64 4654 95 4703 v,
114 4638 150 4708 3).
168 4634 302 4691 Affectum
317 4647 408 4688 meum
422 4630 561 4687 confessus
576 4645 645 4696 sum,
660 4637 687 4684 et
705 4645 759 4686 non
774 4646 861 4703 nega·
917 4643 990 4706 nata,
1017 4635 1216 4692 transeuntibus
1236 4649 1285 4705 per
1304 4632 1421 4688 medium
1438 4631 1477 4689 tui
1495 4631 1619 4688 fidelibus
1634 4636 1718 4688 latum

65 4727 103 4785 si.
120 4726 262 4782 Cerealem
277 4721 338 4793 quis
352 4719 449 4776 dixerit
463 4736 470 4774 :
486 4734 538 4791 ego
552 4719 698 4774 humanum
712 4732 767 4774 non
781 4734 862 4794 nego,

66 4816 136 4872 sicut
149 4828 199 4868 nec
213 4827 256 4868 me
271 4811 418 4867 bominem.
434 4807 463 4863 Si
476 4823 528 4863 nec
541 4808 593 4863 hoc
613 4804 721 4876 suflicit,
737 4820 787 4863 uae
800 4822 863 4864 car·

65 4904 153 4960 nalem
167 4901 337 4976 negaverim.
352 4899 422 4954 Nam
437 4905 464 4954 et
475 4911 527 4968 ego
540 4893 654 4950 carnalis
673 4910 743 4961 sum,
759 4910 863 4951 rennn-

65 4997 146 5052 datus
160 4995 212 5050 sub
226 5002 346 5066 peceato,
356 4988 477 5045 addictus
491 4987 582 5056 morti,
594 4986 683 5059 poenis
696 4996 722 5041 et
734 4988 863 5043 aerumnis

65 5082 214 5141 obnoxius.
229 5083 290 5137 Non
306 5096 376 5145 sum,
401 5077 497 5147 lateor,
521 5073 686 5132 insensibilis
708 5075 741 5130 ad
757 5090 861 5149 poenas,

64 5179 183 5231 mortem
198 5172 295 5227 borrae
319 5184 408 5224 meatu
431 5173 459 5224 et
484 5181 615 5224 meorum.
637 5163 715 5220 licus
733 5163 863 5222 Girardus

66 5271 135 5329 erat,
152 5278 229 5317 meus
244 5260 332 5332 plane.
348 5261 390 5314 bn
406 5273 459 5314 non
474 5273 561 5323 meus,
576 5255 622 5330 qui
638 5254 717 5310 frater
730 5255 862 5329 sanguine

65 5354 123 5422 fuit,
136 5352 306 5426 professione
332 5347 443 5406 1:158
467 5346 548 5414 lilius,
573 5344 754 5403 sollicitudine
775 5352 860 5417 pater,

65 5459 178 5503 consors
192 5442 288 5516 spiritu
302 5439 395 5514 [aliua
412 5452 525 5496 concors
538 5434 654 5512 spiritul,
669 5434 780 5491 intimus
793 5434 862 5491 affe·

65 5535 129 5594 ctul
143 5534 169 5592 ls
183 5531 297 5594 recessit
309 5545 325 5587 a
339 5536 397 5599 me;
413 5526 511 5598 sentio,
521 5524 601 5584 lesus
613 5540 684 5602 sum,
696 5531 723 5582 ct
732 5523 859 5601 graviter.

917 4726 1065 4797 latumque
1079 4724 1179 4780 exitum
1195 4722 1293 4793 pandis
1307 4722 1341 4778 ad
1363 4721 1458 4779 uitam.
1473 4720 1604 4778 Girardus
1623 4729 1648 4778 te
1663 4737 1719 4779 non

918 4814 1055 4882 formidat,
1067 4811 1301 4886 larvalisaffrgies.
1320 4811 1451 4869 Girardus
1465 4827 1515 4885 per
1534 4810 1637 4867 medias
1658 4810 1717 4868 fau·

917 4919 964 4961 ces
980 4915 1038 4960 tuas
1053 4901 1147 4960 transit
1161 4902 1194 4958 ad
1213 4901 1336 4976 patriam,
1352 4919 1407 4959 nou
1428 4903 1509 4959 modo
1529 4919 1649 4974 securus,
1670 4903 1718 4959 sed

917 5009 942 5057 et
953 5001 1125 5058 laetabnndus
1138 5010 1166 5057 ct
1180 5002 1302 5060 laudans,
1319 5002 1388 5058 Cum
1402 5017 1469 5075 ergo
1484 5001 1715 5072 supervenissem,

920 5094 947 5146 et
971 5098 1089 5145 extrema
1113 5090 1170 5160 jam
1192 5088 1299 5160 psalmi,
1325 5106 1368 5145 me
1391 5089 1526 5156 audiente,
1556 5089 1628 5146 clara
1650 5105 1717 5163 voce

917 5177 1088 5249 complesset,
1112 5177 1264 5248 suspiciens
1288 5179 1314 5232 in
1335 5179 1443 5247 coelum,
1476 5178 1532 5236 ait:
1557 5180 1654 5246 Pater,
1685 5179 1716 5234 ιἰι

916 5269 1096 5326 manustram
1111 5267 1274 5323 commendo
1285 5270 1419 5340 spiritam
1429 5283 1525 5325 mcum
1539 5266 1618 5340 (Luc.
1635 5281 1717 5324 xxrtt.

917 5359 973 5430 tc).
987 5357 1020 5412 Et
1034 5362 1160 5429 repentes
1184 5356 1305 5412 cumdem
1331 5372 1494 5426 sermonem,
1514 5372 1545 5414 ao
1559 5355 1717 5429 frequenter

915 5445 1103 5520 ingeminans:
1123 5447 1217 5518 Peter,
1233 5447 1485 5518 Pctcr,contersus
1498 5447 1596 5520 adme,
1611 5446 1716 5503 exhila-

915 5542 972 5594 ruta
994 5532 1106 5611 quidem
1129 5533 1222 5594 facies
1244 5533 1389 5607 «Quanta,
1407 5554 1421 5590 ι
1446 5534 1541 5612 inquit,
1565 5533 1714 5611 «signatio
