3734 5948
108 231 160 288 rra
533 189 537 195 ’
570 226 599 283 a.
619 217 947 282 ammanuensium
963 219 1294 280 claun-vaunnusrs
1699 221 1754 276 aso

100 354 155 427 ¹(rui
172 354 275 425 jugiter
291 352 462 424 machinatur
480 351 593 420 malum,
607 348 654 422 qui
668 347 803 405 desideria
816 343 905 402 carnia
916 354 942 434 fl
959 344 1060 415 Nolite,
1073 345 1122 416 ait,
1134 348 1265 420 jacuere
1280 345 1434 403 secundam
1448 345 1563 415 scotera,
1572 343 1629 402 aad
1638 345 1754 417 juetam

99 438 290 519 instigatum
309 439 535 515 concupiscentie
554 440 647 512 ignem
663 436 815 495 naturalem
835 446 903 507 que·
954 434 1099 506 judiciam
1107 433 1252 506 judicate!
1265 433 1357 503 (ioan.
1373 447 1423 502 vu,
1438 431 1499 504 tl.)
1510 430 1591 501 Quod
1604 439 1647 488 eat
1660 439 1753 489 autem

106 521 261 590 dammodo'
274 532 419 588 venenatis
441 527 666 606 suggestionibus·
676 525 777 593 anillat,
797 524 904 580 illicitos
950 519 1060 594 iustum
1073 522 1214 594 padicium,
1229 518 1507 590 nisijudiciumhdeii
1520 519 1654 589 Quoniam
1662 521 1753 591 hiatus

108 629 198 678 motus
210 621 378 686 inhammat;
397 617 501 692 peccati
515 616 672 693 occasiones
686 619 775 686 parat,
789 621 818 669 et
831 611 904 666 mille
959 626 992 667 ex
1004 610 1060 668 fide
1074 610 1138 669 vivit
1150 610 1263 682 (dahac.
1279 624 1310 674 ιι,
1327 611 1366 677 i),
1387 609 1462 680 Ergo
1479 607 1610 679 judicium
1626 608 1688 665 iidei
1708 624 1753 666 aa·

107 708 225 767 nocendi
243 709 348 779 artibus
360 707 442 764 corde
456 705 593 762 hominum
609 710 715 761 tentare
730 717 785 757 nou
804 707 905 758 cessat.
959 716 1055 772 quere,
1074 710 1102 757 et
1120 713 1176 756 nen
1190 698 1405 781 experimentum
1424 704 1515 753 tuum:
1537 697 1664 768 quoniam
1682 696 1753 755 ildea

107 798 157 856 Ilio
171 807 214 856 eat
255 797 283 854 ui
306 813 402 853 manus
420 803 528 851 nostras
547 793 658 865 proprio
677 791 785 866 cingulo
799 790 901 861 alligat,
959 789 1068 860 quidem
1082 804 1175 855 verax,
1198 787 1249 844 sed
1273 785 1488 857 experimentum
1509 783 1598 840 fallax.
1625 785 1690 852 Qua
1710 794 1754 843 cst

107 896 145 953 et,
161 895 191 944 nt
204 817 312 956 eidam,
332 884 428 941 baculo
442 893 536 939 nostro
549 896 600 938 nos
616 880 707 946 caedit,
721 888 752 937 ut
765 894 829 937 caro
843 894 904 950 quae
959 893 1025 949 ergo
1039 877 1140 949 veritas
1155 874 1226 945 fidei,
1242 873 1293 929 nisi
1304 873 1377 945 quod
1387 872 1518 944 promittit
1529 872 1676 943 ipathiua
1685 874 1750 931 lici:

106 975 170 1033 data
194 984 234 1033 eet
257 973 470 1046 inadjutorium,
489 971 517 1027 in
538 969 644 1026 ruinam
665 970 745 1027 nebia
768 976 796 1026 et
816 968 843 1025 in
862 967 901 1023 la·
961 965 1101 1040 Quidquid
1110 970 1226 1021 orantes
1234 963 1341 1036 petitia,
1357 963 1461 1018 credite
1472 961 1539 1032 qaia
1551 963 1706 1034 accipietis,
1724 968 1753 1021 et

107 1071 207 1138 queam
221 1062 278 1118 hat.
759 1086 762 1093 ·
956 1053 1107 1126 fictvohia?
1117 1053 1228 1122 (ualet.
1246 1066 1308 1119 xxi,
1323 1049 1381 1120 il.)
1396 1051 1482 1106 Nemo
1495 1058 1626 1119 vestrum,
1642 1051 1752 1118 iratres,

142 1157 169 1207 3.
184 1152 240 1208 Sed
253 1150 318 1222 quid
337 1149 449 1220 prodeat
471 1147 606 1204 iudicasse
629 1144 760 1218 pericula,
784 1146 806 1200 ai
829 1144 902 1202 nulla
956 1142 1134 1218 parvipendat
1148 1143 1299 1198 orationem
1313 1154 1399 1197 auam.
1415 1140 1482 1196 Dico
1500 1138 1573 1196 enim
1593 1142 1671 1199 vohis
1689 1142 1753 1215 quia

106 1239 277 1304 consolatio,
305 1237 379 1294 nulla
405 1237 588 1293 adhibeantur
618 1232 763 1291 remedia?
791 1233 901 1290 Grande
955 1235 1013 1306 ipse
1027 1234 1061 1290 ad
1077 1249 1157 1305 quem
1172 1247 1292 1297 oramus,
1306 1246 1363 1286 non
1378 1229 1550 1301 parvipendit
1563 1245 1635 1286 cam.
1656 1231 1750 1288 Prius-

95 1327 217 1401 ·quidem
238 1325 386 1399 periculum
402 1334 453 1391 est,
470 1332 498 1380 et
516 1322 606 1397 gravis
618 1324 691 1380 lucta
705 1323 834 1378 adverada
848 1323 900 1378 do·
956 1339 1039 1397 quam
1065 1336 1177 1394 egressa
1196 1321 1231 1376 eit
1252 1321 1286 1374 ab
1309 1334 1357 1375 ore
1376 1324 1478 1384 nostro,
1495 1317 1555 1390 ipae
1576 1320 1656 1376 scribi
1674 1322 1753 1390 jubet

105 1417 247 1472 masticem
264 1415 370 1471 hostem
388 1429 393 1468 :
409 1413 526 1468 maxime
539 1428 600 1468 cum
615 1426 667 1467 noa
679 1409 792 1467 advenae
805 1409 899 1476 aimus,
957 1429 1017 1470 eam
1033 1411 1061 1467 in
1077 1410 1146 1466 libro
1162 1424 1222 1466 suo.
1236 1408 1269 1465 Et
1289 1424 1373 1465 uuum
1392 1405 1580 1463 indubitanter
1598 1416 1626 1463 et
1645 1409 1753 1465 duobus

105 1513 133 1561 et
158 1504 203 1561 ille
224 1502 308 1561 civis:
338 1503 383 1558 ille
406 1515 485 1557 suam
510 1500 643 1556 inhabitet
672 1500 823 1575 regionem,
852 1515 901 1554 nos
956 1517 1068 1573 sperare
1082 1514 1235 1571 possumus,
1252 1497 1380 1569 quoniam
1395 1505 1440 1553 aut
1454 1495 1529 1554 dabit
1543 1496 1615 1567 quod
1626 1497 1750 1568 petimus

104 1590 214 1650 exsules
227 1591 320 1659 simus,
335 1597 362 1647 et
375 1588 527 1664 peregrini.
543 1589 669 1661 llagnum
683 1603 792 1660 quoqne
805 1586 901 1643 diacri-
956 1599 1002 1646 aut
1016 1589 1089 1662 quod
1108 1586 1188 1644 nobis
1201 1586 1309 1643 noverit
1323 1600 1385 1641 esse
1398 1584 1496 1642 utilius
1515 1586 1573 1642 Nos
1591 1586 1664 1641 anim
1685 1588 1752 1659 quid

103 1695 178 1746 men,
203 1679 333 1736 adversus
349 1677 488 1736 diabolicae
511 1677 613 1734 fraudis
632 1676 744 1733 astutiae
767 1684 822 1732 tam
840 1691 900 1731 cre·
916 1662 939 1741 Ι
955 1693 1066 1736 oremus
1085 1677 1156 1733 sicut
1173 1682 1284 1748 oportet
1302 1674 1455 1732 noscimus:
1477 1674 1526 1730 sed
1544 1674 1687 1732 miseretur
1707 1676 1751 1732 ille

103 1769 177 1837 bros,
198 1769 252 1825 imo
270 1767 415 1826 continuos
435 1767 540 1824 habere
559 1766 723 1831 condictum
748 1779 830 1838 quem
850 1780 902 1821 nec
955 1782 1038 1839 auper
1052 1765 1205 1841 ignoramia
1217 1772 1327 1830 nostra;
1343 1762 1531 1820 etoratlouam
1540 1763 1753 1836 benignesusci-

102 1856 198 1914 videre
220 1857 331 1931 quidem
352 1872 507 1928 possumus,
527 1864 556 1913 et
573 1870 656 1927 quem
679 1853 759 1909 nimis
782 1861 902 1908 astutum
953 1855 1046 1928 piene,
1062 1853 1136 1926 quod
1151 1852 1229 1909 nobis
1243 1857 1290 1907 aaut
1303 1850 1414 1908 omniuo
1429 1865 1484 1906 non
1499 1852 1752 1917 eatutile,autuou

103 1946 200 2004 iecerit
218 1953 272 2001 tum
292 1953 388 2001 natura
407 1945 522 2011 subtilia,
543 1960 624 2016 quam
642 1944 725 2017 longa
744 1942 902 2000 exercitatio
956 1953 1011 2002 tam
1030 1942 1084 2000 cllo
1102 1942 1159 1997 duri
1183 1954 1297 1998 necesse
1319 1946 1372 2006 ast,
1398 1939 1508 1997 minime
1529 1941 1639 2001 tribuit:
1664 1944 1752 2001 oratio

101 2035 210 2091 malitiae
228 2037 300 2107 ejus.
320 2035 510 2092 Verumtamen
523 2033 552 2089 iu
566 2033 645 2090 nobis
664 2040 715 2103 eat,
729 2032 752 2089 ai
765 2031 836 2089 vinci
852 2046 902 2088 uo·
956 2040 1047 2089 tamen
1062 2031 1229 2087 infructuosa
1244 2045 1298 2086 nou
1313 2029 1376 2085 erit.

101 2122 191 2180 lumua
209 2143 215 2181 :
232 2133 261 2180 et
274 2139 356 2181 nemo
374 2132 497 2179 nostrum
511 2123 539 2179 in
554 2123 606 2180 hoc
621 2121 772 2178 certamine
785 2120 903 2190 dijicitur
992 2129 1018 2180 6.
1037 2126 1076 2180 lta
1089 2141 1166 2194 eane,
1177 2123 1201 2178 si
1211 2122 1355 2179 fecerimus
1363 2120 1436 2192 quod
1447 2120 1750 2194 monemurinpsalmo,

94 2211 213 2268 'invitum
238 2212 294 2269 Sub
313 2219 341 2269 ιθ
357 2218 408 2282 0³1,
424 2226 440 2267 0
456 2211 548 2277 h⁰m02
568 2210 706 2282 appellius
726 2217 797 2273 lutis.
822 2216 850 2264 el
874 2215 902 2262 lu
956 2213 984 2269 id
1006 2223 1047 2271 eat
1068 2213 1092 2269 ai
1114 2213 1283 2271 delectemur
1301 2212 1329 2267 iu
1348 2211 1472 2269 Domino.
1492 2210 1537 2266 hir
1551 2211 1622 2266 enim
1641 2220 1753 2269 sanctus

102 2301 286 2358 dominaberis
303 2301 340 2357 illi
358 2302 440 2375 (Gen.
463 2315 503 2357 rv.
523 2302 561 2371 l).
583 2300 675 2356 Potest
691 2298 815 2355 inimicus
828 2297 902 2354 exci·
956 2302 1060 2359 David:
1076 2305 1255 2361 Delectarein
1267 2289 1395 2371 Domino,
1412 2299 1527 2357 uidebit
1541 2301 1592 2357 tihi
1600 2303 1752 2374 petitiones

103 2396 163 2447 tare
184 2389 343 2447 tentationis
360 2396 464 2447 motum
481 2409 487 2448 :
504 2389 553 2445 sed
572 2390 599 2444 iu
615 2398 641 2445 te
662 2396 713 2459 est,
737 2388 760 2442 si
773 2388 901 2452 volueris,
957 2392 1047 2449 cordia
1062 2393 1108 2447 tui
1123 2390 1209 2459 (Paul.
1221 2405 1317 2452 xxxvi,
1329 2390 1366 2457 t).
1377 2387 1431 2443 Sed
1442 2387 1505 2457 quid
1516 2396 1567 2457 cst,
1579 2389 1753 2460 oPropheta,

103 2478 170 2536 darc
184 2495 233 2535 seu
248 2495 351 2554 negare
370 2494 543 2536 consensum.
557 2479 587 2534 lu
604 2485 649 2534 tua
670 2477 797 2534 facultate
812 2485 863 2541 eat,
880 2477 902 2531 si
957 2480 1029 2551 quod
1043 2489 1097 2536 tam
1113 2479 1235 2535 absolute
1246 2493 1342 2534 monce
1357 2477 1488 2534 delectari
1500 2478 1528 2531 iu
1543 2477 1667 2543 Domino,
1683 2494 1716 2535 ac
1730 2481 1752 2535 si

101 2568 230 2633 volucria,
254 2567 392 2624 inimicum
418 2575 492 2624 tuum
516 2566 607 2624 lacere
628 2582 739 2624 servum
765 2573 853 2631 tuum,
872 2573 903 2621 ut
956 2568 991 2623 ad
1006 2584 1116 2623 manum
1130 2568 1208 2623 nebia
1221 2567 1255 2622 sit
1270 2566 1422 2636 hujusmodi
1442 2566 1609 2622 delectatio?
1625 2567 1751 2623 Delecta-

103 2657 194 2715 omnia
213 2657 261 2713 tihi
285 2666 465 2729 cooperentur
484 2656 512 2711 iu
535 2656 647 2711 bouum.
672 2657 743 2713 Ecce
765 2655 836 2711 euim
856 2655 901 2710 in-
957 2656 1059 2713 tienem
1082 2655 1146 2725 cibi,
1167 2655 1262 2722 somni,
1283 2653 1383 2727 quietis
1403 2661 1431 2710 et
1448 2662 1621 2726 caeterorum,
1641 2673 1704 2728 quac
1725 2657 1754 2712 in

102 2742 222 2799 ilammat
237 2741 360 2797 inimicus
378 2740 544 2798 desiderium
562 2741 627 2808 cibi,
647 2741 772 2799 vanitatis
786 2749 833 2796 aut
852 2739 901 2794 im·
957 2753 1030 2801 tem
1043 2752 1117 2815 sunt,
1133 2745 1270 2801 novimus:
1286 2745 1359 2801 Deua
1381 2749 1473 2801 autem
1492 2758 1573 2816 quam
1593 2746 1752 2804 demctctic.

102 2926 230 2977 motum:
247 2918 457 2976 tuaolummodo
475 2935 511 2976 ne
530 2919 723 2988 consenseris3
749 2925 777 2975 et
795 2918 903 2990 quoties
956 2920 1027 2978 lares
1051 2922 1102 2976 hoc
1122 2921 1215 2977 dicere
1238 2928 1360 2992 pessunt,
1385 2937 1436 2977 voa
1458 2936 1514 2978 nen
1536 2923 1660 2995 potestis.
1686 2925 1754 2994 Quis

103 3007 245 3069 restiteris.
267 3007 348 3064 toties
361 3009 545 3065 coronaberis.
916 2972 1028 3067 tenim
1043 3017 1163 3066 vestrum
1184 3017 1226 3066 est
1244 3009 1290 3081 qui
1312 3026 1366 3066 nou
1388 3026 1462 3081 sapa
1480 2999 1608 3079 expertus
1626 3011 1660 3068 sit
1683 3028 1753 3070 con·

138 3099 165 3154 ι.
182 3096 373 3155 Verumtamen
387 3096 903 3171 negarenonpossumuafratreamo·
956 3099 1077 3156 scientiae
1101 3100 1180 3156 honae
1204 3098 1435 3155 delectationem?
1454 3099 1501 3171 qui
1524 3114 1579 3155 aon
1601 3103 1752 3174 gustaverit

102 3188 173 3244 leata
186 3196 250 3244 aunt
263 3187 331 3254 hmo,
347 3191 376 3242 et
388 3186 541 3257 periculosa
557 3188 634 3254 :sed,
651 3194 679 3243 et
693 3187 721 3243 in
736 3186 797 3258 ipso
810 3192 901 3242 certa-
956 3204 1083 3261 saporem
1103 3187 1248 3254 castitatis,
1271 3187 1438 3254 humilitatis,
1456 3188 1618 3244 charitatis?
1630 3191 1691 3246 Nou
1711 3200 1755 3249 est

103 3277 187 3343 mine,
207 3274 230 3332 si
243 3273 360 3332 viriliter
379 3275 540 3341 resistimus,
567 3276 690 3346 quaedam
709 3275 754 3346 pia
768 3273 902 3348 tranquil·
957 3279 1016 3334 hac
1029 3277 1175 3334 delectatio
1186 3286 1276 3349 potus,
1291 3292 1380 3349 neque
1394 3277 1456 3346 cibi,
1475 3285 1523 3333 aut
1535 3277 1631 3334 similia
1643 3280 1755 3349 cuiusli-

99 3365 165 3422 lltaa
183 3364 220 3423 de
238 3362 404 3420 beneolentia
418 3363 490 3419 bona
509 3362 637 3419 nascitur.
659 3363 749 3420 Credo
772 3363 863 3428 edam,
879 3361 902 3418 si
958 3366 1004 3422 bet
1027 3367 1082 3422 rei:
1104 3366 1250 3422 delectatio
1275 3373 1366 3423 tamen
1390 3375 1441 3433 est,
1465 3355 1495 3422 et
1517 3368 1605 3436 major
1627 3368 1755 3425 omnibus

104 3451 285 3526 cogitationes
308 3451 373 3506 istas
396 3465 478 3521 quam
501 3450 556 3506 cito
577 3449 605 3504 in
624 3451 703 3507 nobie
737 3451 903 3508 advertimus
954 3456 1017 3515 illis.
1041 3455 1138 3511 Divina
1161 3456 1233 3512 enim
1260 3464 1311 3521 est,
1331 3463 1359 3513 et
1378 3471 1434 3513 nou
1456 3457 1571 3514 barnaba
1588 3457 1751 3516 delectatio:

103 3554 160 3597 non
174 3538 293 3611 patimur
307 3538 448 3609 remorari,
463 3538 512 3594 aed
525 3537 554 3594 in
568 3537 666 3607 spiritu
679 3539 904 3597 vehementiam·
958 3557 986 3602 ot
999 3560 1060 3600 cum
1075 3544 1103 3600 iu
1117 3544 1159 3600 hia
1175 3545 1350 3613 delectamur,
1367 3545 1447 3617 plane
1461 3544 1628 3602 delectamur
1645 3546 1674 3603 in
1693 3549 1752 3604 Do·

104 3646 166 3687 ntus
179 3627 309 3687 adversae
323 3627 383 3684 illas
396 3627 540 3696 excitatur,
556 3627 685 3699 quoniam
700 3628 824 3685 iuimicus
838 3644 903 3686 cou-
957 3633 1039 3690 mino.
1373 3624 1377 3631 ’

104 3718 182 3775 inane
199 3717 331 3774 abscedet
344 3733 361 3774 a
375 3716 466 3782 uobis,
485 3731 538 3772 nec
558 3722 611 3771 tam
635 3717 754 3773 libenter
771 3717 843 3775 illico
863 3735 904 3775 re-
991 3725 1018 3778 'l.
1047 3723 1102 3779 Sed
1124 3728 1270 3779 causantur
1292 3721 1368 3778 multi
1391 3723 1507 3780 fortasse
1525 3725 1598 3795 quod
1623 3724 1752 3782 allectum

103 3814 236 3864 vertetur.
252 3805 307 3862 Sed
321 3805 368 3878 qui
381 3821 475 3861 samua
488 3819 549 3873 noa,
564 3812 611 3858 aut
625 3821 686 3876 qum
704 3805 834 3863 tortitudo
853 3822 902 3863 uo·
957 3813 1029 3867 hunc
1043 3810 1231 3867 delectabilem
1247 3818 1274 3867 et
1288 3811 1435 3868 dulciorem
1450 3828 1533 3883 anper
1547 3812 1601 3869 mel
1615 3818 1642 3869 et
1662 3813 1752 3870 favum

106 3903 172 3960 atra,
188 3899 218 3949 ut
230 3900 285 3949 tam
298 3893 388 3949 multia
407 3890 496 3953 888
506 3892 702 3949 tentationibus
715 3895 843 3951 resistere
856 3913 903 3952 va·
957 3900 1044 3956 rarius
1057 3900 1240 3970 experiantur,
1260 3899 1385 3956 nimirum
1400 3901 1464 3974 quia
1478 3902 1669 3959 tentationibus
1683 3903 1754 3960 inte-

105 3981 238 4039 leamnsl
258 3981 318 4036 lloo
334 3988 394 4035 erat
413 3988 489 4035 carte
506 3980 581 4050 quod
601 3980 740 4053 querebat
754 3981 837 4050 Deua,
853 3983 904 4039 hoc
958 3988 1008 4044 rim
1022 3996 1201 4046 exercentur:
1217 3988 1357 4061 multoque
1371 3989 1471 4047 virilius
1490 3996 1584 4062 agunt,
1601 3990 1624 4044 ai
1639 3990 1754 4047 virtutes

103 4077 166 4129 ‚erat
179 4068 213 4124 ad
228 4068 304 4140 quod·
316 4082 367 4124 noe
385 4067 536 4139 perducere
554 4070 716 4141 satagebat:
732 4078 763 4127 ut
780 4070 905 4128 videntes
957 4077 1029 4147 ipsas
1043 4092 1099 4134 nou
1113 4093 1164 4149 pro
1182 4077 1373 4147 delectatione,
1392 4094 1476 4152 quam
1495 4078 1680 4150 experiantur,
1703 4080 1753 4136 aed

106 4159 243 4217 minelum
263 4164 394 4224 nostrum,
416 4164 444 4212 el
461 4155 535 4228 quod
554 4172 608 4213 110ss
628 4164 655 4212 Θῑ
674 4158 755 4214 nobit
778 4159 904 4215 auxilium
958 4181 1009 4238 pro
1023 4165 1167 4223 virtutibus
1178 4166 1244 4238 ipsis
1259 4173 1286 4223 et
1299 4182 1350 4239 pro
1369 4165 1427 4221 solo
1448 4165 1619 4238 beneplacito
1633 4166 1683 4222 Dei
1699 4175 1755 4224 tota

105 4248 181 4306 aliud
198 4247 232 4303 ad
252 4249 313 4317 ejus
331 4244 547 4302 misericordiam
569 4253 626 4302 tota
645 4245 795 4304 humilitate
808 4264 943 4354 curra-⁸
958 4255 1120 4331 intentione,
1137 4256 1187 4313 etai
1206 4272 1263 4312 non
1284 4262 1339 4312 tota
1357 4253 1503 4311 allectione
1527 4264 1675 4312 sectantur.
1696 4258 1755 4315 Nec

105 4353 177 4395 mue.
192 4338 341 4407 Propterea
354 4350 421 4408 rogo
435 4350 494 4405 vos,
510 4335 619 4402 iratres,
632 4343 663 4390 ut
676 4350 786 4408 semper
799 4336 833 4392 ad
847 4353 905 4392 ιιι-
959 4341 1070 4400 duhium
1091 4344 1155 4416 quin
1176 4343 1279 4415 optima
1300 4343 1434 4415 compleat
1457 4342 1504 4415 qui
1528 4345 1681 4413 hujmmodi
1699 4357 1753 4414 cst,

105 4444 171 4484 nuru
184 4426 308 4483 habeatis
322 4424 476 4480 taussimun
495 4423 625 4482 orationis
644 4423 787 4500 rehrgium,
801 4426 838 4483 de
851 4444 905 4501 qua
956 4434 1101 4505 *Prophetae
1128 4431 1350 4497 admonitionem,
1374 4448 1427 4503 qua
1448 4431 1533 4488 dicit:
1559 4434 1703 4492 Deiectum
1722 4438 1755 4493 iu

104 4517 186 4574 ctiam
201 4512 311 4570 memini
329 4527 375 4571 mc
391 4513 472 4585 paulo
489 4521 553 4570 ante
570 4514 598 4568 iu
620 4511 675 4572 fine
693 4515 827 4573 sermonis
843 4531 905 4574 asae
959 4524 1097 4589 boecium
1112 4520 1239 4593 quoniam
1252 4535 1308 4576 non
1326 4520 1364 4576 dc
1382 4519 1483 4576 allecta
1500 4521 1629 4594 loquitur,
1651 4523 1700 4579 aed
1720 4526 1753 4581 de

104 4606 234 4664 mentum.
958 4609 1097 4667 exercitio.
1112 4607 1552 4666 dilectuaenimillebeatitudinia
1573 4618 1625 4678 eat,
1653 4612 1754 4669 exerci-

140 4698 167 4751 3.
183 4687 375 4750 Verumtamen
389 4690 496 4766 quoti&
509 4690 679 4748 ᾱθῡηῑῑῡῑιθ
699 4690 806 4764 loquor,
820 4694 904 4751 verba
958 4703 1024 4757 tium
1038 4714 1103 4756 vera
1118 4697 1232 4755 virtutis.
1249 4699 1400 4768 delectare,
1417 4698 1514 4773 inquit,
1530 4703 1561 4757 in
1577 4702 1708 4758 maaian:
1720 4702 1754 4756 ad

105 4784 230 4858 quasdam
245 4785 369 4839 humana
388 4779 560 4855 cogitationis
580 4780 675 4838 audire
688 4781 753 4838 mihi
767 4783 863 4840 videor
875 4783 901 4839 iu
956 4789 1008 4846 hoc
1024 4787 1115 4855 lende,
1132 4787 1166 4843 ad
1182 4787 1234 4843 hoo
1247 4802 1358 4855 conare,
1379 4798 1408 4845 ut
1427 4789 1455 4845 in
1469 4789 1583 4845 Domino
1598 4789 1752 4855 delecteris,

104 4873 192 4930 corde
201 4881 301 4943 vestro,
325 4887 385 4943 que
404 4879 433 4926 ct
449 4870 486 4925 ab
503 4869 563 4926 aliia
584 4868 743 4943 frequenter
760 4871 860 4941 audivi,
876 4881 902 4929 et
957 4881 987 4934 et
995 4875 1074 4932 dabit
1085 4875 1296 4946 tibipetitioaea
1304 4878 1395 4935 cerdic
1404 4879 1457 4934 tui.
1467 4877 1520 4932 Sed
1529 4875 1672 4932 considera
1680 4877 1754 4948 quod

104 4967 440 5033 nonnunquamexperhxs
452 4975 511 5016 sum
527 4960 646 5017 incorde
660 4975 732 5018 meo.
747 4961 818 5033 Quid
830 4962 901 5019 euim
955 4965 1109 5039 petitiones
1131 4965 1223 5023 cordis
1243 4966 1352 5032 dixerit,
1374 4980 1442 5037 quaa
1465 4965 1598 5035 approbat
1622 4963 1753 5035 judicium

106 5059 157 5116 eet,
173 5049 246 5122 quod
264 5049 329 5107 licet
347 5064 486 5122 nunquam
498 5050 534 5105 ah
548 5051 671 5107 oratioue
693 5065 844 5117 cessemus,
859 5054 902 5110 vix
957 5053 1077 5110 rationis.
1093 5053 1151 5111 Nec
1165 5054 1249 5111 hahes
1263 5054 1336 5110 unde
1349 5052 1480 5118 causeris,
1503 5052 1552 5108 sed
1572 5052 1646 5110 unda
1667 5054 1755 5127 magis

103 5153 224 5213 uuquam
246 5138 366 5209 experiri
387 5139 512 5195 mdaatar
531 5138 629 5212 ahquia
649 5145 773 5195 nostrum
791 5140 853 5212 quie
867 5142 902 5199 ait
956 5148 1014 5199 toto
1028 5141 1128 5201 affectu
1139 5143 1167 5199 in
1181 5143 1327 5216 gratiaram
1342 5142 1449 5199 actione
1468 5142 1604 5200 verseris:
1625 5142 1753 5214 quando-

104 5227 234 5286 oratiouis
253 5242 309 5282 aue
331 5226 455 5284 tructus?
477 5227 553 5284 Siout
572 5227 770 5285 adorationem
793 5229 900 5286 accedi·
955 5233 1065 5305 quidem
1081 5239 1155 5290 tanta
1167 5248 1250 5304 anper
1263 5239 1290 5288 te
1304 5246 1370 5288 cura
1388 5239 1429 5288 est
1445 5231 1503 5288 Deo
1518 5239 1574 5299 tuo,
1597 5241 1625 5287 ut
1646 5231 1753 5301 quoties

98 5333 175 5389 mue,
190 5317 230 5374 eie
244 5322 273 5373 et
286 5317 378 5374 redire
400 5316 545 5377 videmur:
561 5331 642 5374 nemo
660 5317 739 5373 nohis
753 5320 902 5390 respondet
954 5322 1086 5398 ignorans
1098 5320 1196 5394 quaeda
1208 5320 1280 5393 quod
1297 5320 1343 5375 tibi
1355 5318 1451 5378 inutile
1464 5327 1516 5388 eat,
1538 5335 1593 5376 non
1613 5327 1642 5376 te
1660 5319 1753 5375 audiat

104 5408 230 5485 anuum,
243 5408 485 5485 ιοιιιιὶιιιιιι
503 5408 599 5483 bath
612 5407 662 5467 aec
675 5407 816 5485 laborem
828 5410 902 5483 vide
955 5429 1038 5486 uuas
1050 5414 1116 5485 hoe.
1128 5410 1178 5486 eet
1191 5417 1279 5483 meet
1291 5409 1355 5469 tuuc
1375 5410 1474 5485 uultui
1487 5410 1569 5481 occa.
1586 5408 1632 5481 Sit
1651 5416 1683 5469 cx
1699 5424 1750 5482 aa·

104 5511 164 5551 mur
178 5495 388 5557 incassumscd
403 5494 469 5568 qnid
479 5494 666 5570 inlivannabn
673 5495 901 5573 &deminuti
955 5501 1126 5563 merulis
1138 5499 1252 5573 paruulo
1264 5499 1398 5574 quaerenti
1411 5515 1512 5573 paean
1523 5497 1644 5560 libente!
1658 5497 1751 5570 perri·
