3734 5948
103 214 161 274 'tes
728 221 898 283 moetos
920 221 959 280 oti
980 220 1140 280 uitiosos.
1706 223 1758 286 lbi

104 341 303 410 poenitentiam.
313 345 343 397 ln
352 358 467 415 corpore
481 347 583 419 quippe
592 363 737 420 possumus
752 350 822 405 mnia
836 349 901 421 pati,
917 362 941 441 Ι
957 348 1080 403 bortatur
1094 345 1207 402 dicens:
1227 346 1341 405 Obsecro
1353 349 1585 418 primoomnium
1607 349 1672 417 teri
1680 349 1758 407 osse·

105 441 135 487 ει
150 432 220 486 bona
235 434 352 500 operari.
369 435 423 490 rati
440 436 542 492 scilicet
555 452 605 508 pro
619 439 771 494 commissis
785 437 902 506 delictis,
958 438 1109 503 crationes,
1125 437 1278 500 orationes,
1294 436 1511 507 postulationes,
1532 437 1694 508 pretiorum
1707 454 1758 494 nc-

105 519 215 590 operari
231 535 280 588 pro
298 522 480 592 adipiscendis
499 525 607 580 uternis
620 527 751 595 praemiis.
766 526 819 598 Qui
835 541 905 601 ergo
961 527 1051 581 tiones
1065 526 1092 596 (l
1108 524 1217 592 limus,
1228 525 1265 596 i).
1286 525 1352 579 Num
1367 521 1569 580 obsecrationes
1594 524 1757 590 teoecondo,

105 622 222 676 corpore
234 618 319 675 ceret,
335 609 433 682 dignos
449 612 728 681 poenitentiaetructns
741 615 827 671 lucere
841 628 907 685 quo-
959 613 1093 669 oratioues
1109 628 1190 683 puro,
1207 612 1399 682 postulationes
1409 611 1510 683 amplo.
1527 611 1674 684 gratiarum
1686 609 1756 669 affe·

57 724 62 733 ·
107 696 193 751 modo
218 696 306 754 ualet?
325 698 359 753 Et
388 701 640 775 nolendum,quod
664 704 819 775 poenitentia
844 718 905 772 quse
958 704 1062 759 stiones
1078 701 1144 757 liunt
1164 700 1389 757 effectndevoto.

108 797 272 852 percorpus
294 785 409 856 geritur,
425 787 516 844 brevis
533 796 575 844 est
589 797 616 843 ει
634 789 711 845 levis.
727 790 828 859 ils-eois,
843 790 906 861 quia
994 794 1021 847 2.
1052 790 1172 846 Diximus
1186 794 1220 845 de
1246 789 1393 862 generibus
1416 788 1588 845 affectionum
1604 796 1631 845 et
1653 789 1757 846 orado·

107 870 232 940 corporis
244 881 332 929 morte
355 875 532 931 terminetur:
549 877 626 940 letis,
646 878 707 949 quia
722 894 772 951 per
785 878 904 934 societu-
957 894 1038 933 num:
1069 877 1191 934 dicamus
1216 877 1295 932 ctiam
1323 893 1376 948 qua
1390 875 1504 946 puritate
1519 876 1553 932 sit
1569 876 1709 932 orandum.
1724 877 1758 932 lit

109 970 165 1014 tcm
179 960 302 1029 corporis
316 962 401 1017 fertur
419 963 534 1019 facilius.
550 966 648 1023 Gravis
664 967 798 1038 siquidem
819 975 902 1029 essct,
956 967 1066 1038 quidem
1083 965 1133 1020 trie
1147 965 1272 1021 videntur
1287 964 1351 1019 mibi
1366 964 1408 1019 hic
1419 978 1478 1019 esse
1502 964 1665 1030 necessarie,
1695 964 1756 1036 qui·

105 1049 131 1101 si
147 1063 205 1102 cam
221 1049 293 1103 solus
307 1052 412 1104 enimus
426 1062 554 1122 portaret.
570 1056 636 1110 Cum
651 1069 717 1111 vero
731 1061 759 1111 el
773 1055 825 1126 ipsi
838 1070 902 1111 cor-
956 1056 1007 1110 bus
1022 1053 1152 1110 orationis
1166 1053 1278 1110 intentio
1292 1052 1405 1108 firsniter
1421 1063 1462 1106 ost
1472 1052 1656 1123 astringendo.
1681 1054 1757 1109 Con·

107 1136 168 1205 pori
186 1136 246 1204 ejus
260 1137 373 1206 partitur
387 1140 500 1208 pondus,
513 1151 613 1214 quanto
628 1144 716 1214 magis
730 1145 790 1198 inde
804 1160 904 1214 corpus
956 1142 1072 1197 siderare
1088 1156 1207 1212 nemque
1230 1142 1312 1195 debet
1327 1141 1349 1195 is
1362 1140 1408 1211 qui
1421 1150 1489 1205 orat,
1505 1150 1532 1197 ct
1545 1140 1611 1210 quid
1635 1142 1713 1210 petit,
1728 1149 1758 1197 ει

105 1235 243 1288 oneratur,
264 1234 338 1282 tauto
359 1227 476 1296 emplius
496 1230 604 1285 enimus
628 1243 800 1288 exoneratur.
817 1233 903 1289 Locus
959 1231 1047 1300 ipsum
1063 1246 1143 1303 quem
1161 1233 1236 1298 petit,
1252 1239 1278 1286 ct
1292 1247 1320 1285 so
1331 1229 1473 1302 ipsumqni
1488 1229 1563 1300 petit.
1576 1231 1607 1286 lu
1622 1238 1755 1286 εοιιιιετττ

105 1311 189 1365 etiam
213 1313 318 1368 videtur
338 1317 506 1371 necessarius
531 1334 591 1373 esse
616 1329 642 1375 ct
669 1320 758 1384 utilis,
785 1321 902 1377 Ecclesia
954 1319 1027 1391 quod
1042 1329 1117 1391 petit
1133 1321 1186 1375 duo
1201 1318 1445 1385 debelattendcro‚
1462 1318 1650 1375 utsecundum
1666 1319 1755 1374 Deum

106 1400 213 1455 scilicet
230 1401 289 1456 siste
303 1405 465 1473 praesentis:
481 1405 507 1459 in
523 1423 575 1477 qua
586 1409 709 1480 quisquis
721 1410 785 1465 dum
796 1410 823 1463 in
839 1424 900 1466 cor·
954 1409 990 1462 sit
1003 1407 1077 1478 qood
1093 1405 1219 1478 postulat,
1235 1416 1262 1464 et
1275 1415 1305 1462 ut
1315 1409 1368 1463 hoc
1379 1409 1468 1478 ipsum
1482 1406 1510 1460 iu
1521 1421 1627 1462 summo
1641 1405 1756 1463 affectus

107 1488 258 1559 surevioit,
274 1491 459 1556 qtoenitentiam
476 1503 547 1550 recte
561 1510 640 1567 agere
656 1498 779 1570 negligit,
797 1498 898 1552 nullum
952 1496 1089 1552 desiderio
1104 1495 1211 1552 habeat.
1233 1497 1315 1553 Verbi
1338 1495 1470 1567 gretia,si
1498 1495 1612 1551 mortem
1641 1494 1754 1564 inimici,

104 1575 133 1630 in
150 1576 241 1632 futuro
259 1579 352 1633 salutis
367 1581 513 1636 remedium
528 1582 652 1639 obtinere
666 1585 773 1655 poterit.
956 1585 979 1638 si
993 1585 1131 1641 lusionem
1159 1600 1208 1640 seu
1221 1584 1404 1654 dejectionem
1426 1584 1540 1655 proximi
1555 1585 1659 1641 orande
1673 1586 1757 1654 petie-

325 1666 435 1724 soes
455 1669 571 1727 senno
599 1671 679 1728 ctu.
917 1630 940 1706 fl
958 1672 1001 1733 us.
1019 1687 1072 1728 non
1087 1673 1291 1728 essarrorum
1315 1673 1404 1727 neum
1419 1672 1479 1727 uris
1492 1672 1591 1739 ontio,
1618 1685 1681 1727 sum
1700 1671 1758 1742 ipss

286 1757 324 1812 Dc
345 1759 545 1827 assertionibus
564 1762 721 1817 orantium.
956 1759 1103 1830 precipiat,
1114 1767 1142 1815 et
1155 1760 1240 1816 dicat:
1257 1760 1371 1831 Diligite
1383 1761 1515 1817 inimicos
1528 1763 1635 1816 nestros
1644 1760 1758 1831 tenesn-

144 1845 169 1894 ι.
185 1841 260 1897 Sicut
273 1859 346 1918 aegcr
366 1846 399 1900 ad
416 1847 560 1915 medicum,
575 1849 614 1904 sie
636 1865 697 1904 esse
710 1848 790 1905 debet
805 1865 902 1919 pecco·
954 1847 1009 1904 cite
1023 1848 1067 1904 tris
1081 1851 1130 1918 qut
1143 1846 1265 1905 oderunt
1280 1864 1336 1915 uos,
1353 1851 1432 1903 orote
1445 1865 1497 1920 pro
1519 1848 1756 1920 persequentibus

106 1937 150 1984 tor
168 1929 202 1983 ad
217 1931 369 1987 Creatorem
384 1950 474 1989 suum.
490 1933 542 2003 Qui
560 1951 626 2011 crgo
640 1949 766 2008 peccator
780 1946 831 2004 est,
848 1938 900 1993 de·
954 1942 982 1996 ct
1003 1937 1248 1994 calumniantibus
1262 1953 1309 1994 uos
1328 1936 1440 2007 (fluitis.
1457 1952 1484 2001 v,
1501 1936 1557 2007 tt).
1569 1936 1599 1992 Si
1614 1951 1678 1992 vcro
1693 1952 1757 2008 pec-

106 2018 153 2072 bct
167 2032 244 2074 orare
255 2020 351 2085 Deum,
361 2022 431 2077 sicut
445 2038 517 2095 aeger
527 2023 672 2080 medicum.
686 2028 797 2081 Duobus
810 2034 900 2081 autem
954 2033 1075 2083 catorum
1093 2026 1292 2090 remissionem,
1309 2025 1333 2080 si
1348 2024 1466 2096 Spiritus
1479 2024 1567 2079 sancti
1588 2024 1714 2095 gratiam,
1732 2026 1756 2080 si

106 2107 193 2161 modis
212 2107 355 2178 impeditur
376 2111 463 2165 oratio
482 2112 632 2181 peccatoris
659 2113 732 2170 :vel
751 2113 835 2183 nulla,
858 2112 901 2166 vel
953 2115 1080 2169 virtutem
1112 2125 1192 2185 atque
1218 2113 1387 2183 sapientiam,
1424 2111 1447 2165 si
1476 2111 1568 2178 tidem,
1604 2111 1754 2177 vertentem,

104 2194 187 2248 nimia
207 2195 277 2250 lucc.
296 2196 376 2252 Nulla
399 2198 460 2253 lucc
478 2198 624 2256 illustratur
644 2201 691 2271 qui
719 2210 826 2269 peccata
849 2218 902 2258 sue
951 2201 1091 2269 justitiam,
1106 2201 1293 2267 bumilitatem,
1308 2199 1474 2271 patientiam,
1505 2199 1754 2265 mansuetudinem,

103 2296 155 2339 neo
176 2282 256 2349 videt,
273 2300 324 2340 nec
348 2284 542 2342 conflicturis
571 2290 710 2343 contrario
733 2289 817 2344 nimia
840 2290 900 2345 lnce
954 2297 981 2342 et
1008 2299 1105 2346 caetera
1127 2289 1274 2360 spiritualia
1303 2289 1465 2344 charismata
1494 2287 1649 2361 quesierit,
1677 2297 1705 2345 et
1723 2304 1755 2345 ee

102 2370 236 2433 obruitur,
256 2372 304 2443 qui
323 2389 354 2428 on
369 2381 442 2428 tanta
456 2374 544 2440 videt,
560 2383 590 2430 ut
604 2377 638 2429 de
652 2374 820 2450 indulgentia
834 2375 899 2432 des·
954 2377 1098 2448 cogitando
1125 2379 1302 2435 vehementer
1324 2376 1502 2434 affectaverit:
1519 2377 1577 2433 baec
1605 2378 1754 2433 secundum

102 2468 189 2528 peret.
204 2460 306 2514 florum
321 2469 418 2515 neuter
439 2469 507 2518 orat.
523 2463 595 2532 Quid
610 2463 698 2536 ergoi
713 2464 901 2537 Temperantia
953 2467 1038 2522 Βεττττι
1067 2473 1109 2522 cst
1123 2466 1221 2533 oratio,
1247 2475 1272 2523 et
1295 2468 1354 2522 baec
1369 2479 1433 2522 tere
1462 2473 1579 2522 moretur
1597 2464 1695 2521 audiri.
1711 2466 1754 2522 De

100 2554 142 2601 est
157 2547 212 2612 tux,
229 2557 255 2603 ut
273 2559 383 2616 peccota
405 2566 453 2604 sua
478 2550 566 2607 videat
580 2563 706 2623 peccator
726 2559 754 2608 ει
767 2553 900 2610 confitea—
954 2553 1109 2624 hujusmodi
1140 2554 1213 2609 cuim
1241 2553 1408 2610 orationibus
1441 2553 1558 2625 loquitur
1590 2569 1638 2625 per
1658 2552 1753 2609 isaiam

102 2640 155 2698 lor,
174 2650 205 2690 au
229 2649 276 2703 τιτο
297 2636 363 2706 ipsis
387 2648 457 2702 oret,
474 2649 499 2693 ut
524 2640 704 2698 remittentur.
723 2641 811 2698 Primo
832 2658 901 2716 ergo
953 2643 1039 2699 Deus:
1057 2644 1216 2715 Antequam
1225 2643 1360 2708 clament.
1369 2658 1418 2715 epo
1427 2642 1701 2710 ecnufflnwndltnc
1714 2642 1753 2697 n-

102 2724 163 2793 ejus
180 2723 266 2777 oratio
281 2723 359 2785 debet
376 2724 436 2780 fieri
451 2731 601 2784 verecundo
615 2729 726 2785 effectu.
743 2732 798 2788 lloc
812 2740 900 2787 autem
954 2734 989 2789 tis
1004 2733 1179 2804 loquentibus
1201 2748 1248 2804 epo
1269 2732 1384 2788 andium
1405 2732 1469 2803 (isc.
1486 2747 1550 2798 exv,
1567 2732 1621 2801 tt).
1639 2732 1708 2787 Sunt
1725 2739 1754 2786 et

103 2810 141 2876 tit,
156 2825 217 2865 cum
233 2812 344 2866 necdum
365 2821 487 2881 peccator
510 2817 593 2872 undet
615 2832 664 2888 per
682 2818 801 2886 scipsum
820 2834 899 2875 ecce-
955 2821 1090 2892 elinque
1104 2837 1165 2877 cum
1179 2820 1383 2884 demonatico
1398 2821 1507 2884 dantur,
1521 2830 1549 2875 et
1564 2826 1678 2891 possunt
1691 2833 1753 2874 csse

102 2898 166 2953 dere
180 2900 211 2951 ad
228 2899 325 2964 Deum,
342 2900 390 2955 sed
405 2903 502 2972 qoaerit
516 2904 635 2972 aliquem
657 2914 778 2961 sanctum
794 2907 901 2975 virum;
917 2906 939 2984 c
957 2908 997 2963 rel
1008 2922 1062 2963 non
1076 2923 1136 2964 esse
1149 2908 1298 2963 secundum
1308 2908 1404 2972 Deum,
1418 2913 1551 2977 quantum
1565 2906 1697 2962 duntaxat
1712 2905 1753 2959 in-

106 2985 224 3054 aliqucm
247 2996 369 3043 sunctum
393 3005 535 3061 pauperem
553 2991 661 3063 spiritu,
677 2994 723 3063 qui
748 2994 783 3049 sit
804 2995 831 3048 iu
855 3009 903 3050 ore
958 3003 1037 3052 terest
1052 2995 1112 3050 finis
1126 2996 1159 3050 ad
1174 3011 1254 3066 quem
1266 2995 1434 3062 referentum
1450 3003 1480 3050 ut
1494 2993 1668 3063 estcorporis
1683 2993 1754 3048 sani·

106 3073 258 3127 vestimenti
278 3075 385 3130 Domini
409 3086 533 3148 tanquam
560 3077 674 3146 fimbria,
691 3095 738 3148 per
759 3096 840 3153 quem
856 3082 903 3136 bn·

107 3163 167 3216 beat
190 3177 339 3218 accessum.
364 3165 449 3234 liujus
472 3168 600 3222 orationis
624 3169 713 3225 tenuit
740 3177 834 3240 typum
857 3170 902 3225 ille

105 3251 262 3321 evangelica
280 3252 384 3320 mulier,
408 3269 470 3325 quoe
494 3253 596 3312 iluxum
619 3256 760 3328 sanguinis
784 3257 901 3328 petieba-

105 3350 167 3408 tur3
182 3339 362 3409 cupiensque
377 3342 465 3396 sanari
485 3343 609 3410 accessit,
622 3352 649 3399 et
670 3345 738 3399 intre
753 3360 783 3400 se
796 3345 901 3419 copta-

105 3428 144 3481 vit
158 3427 253 3482 dicens
278 3446 285 3483 :
310 3431 340 3486 Si
359 3433 476 3503 tctipero
490 3433 633 3502 fimbrium
650 3435 813 3493 vestimenti
827 3438 899 3508 ejus,

103 3517 183 3571 salon
210 3532 258 3575 cro
276 3518 385 3579 (Mettis.
401 3533 443 3591 stt,
458 3522 514 3590 et).
530 3520 653 3577 Secunda
676 3521 762 3579 oratio
780 3522 810 3577 os
834 3538 901 3592 puro

103 3603 203 3658 aflectu
220 3622 226 3658 :
243 3612 270 3660 ct
285 3606 334 3660 hoc
349 3605 379 3660 tit
392 3606 501 3676 quondo
515 3607 618 3664 scilicet
639 3618 763 3679 peccetur
783 3615 839 3679 iam
853 3628 902 3684 par

104 3692 225 3760 seipsum
252 3693 363 3758 accedit,
389 3705 414 3749 et
441 3710 488 3750 ore
516 3695 625 3767 proprio
653 3696 802 3754 confitetur.
831 3699 902 3754 Telis

104 3779 234 3836 orationis
262 3782 369 3854 reliquit
397 3783 478 3840 nobis
500 3785 654 3854 exemplum
681 3785 728 3841 illa
757 3789 901 3858 peccatrix,

104 3885 166 3941 quse
180 3869 306 3942 lacrymis
321 3872 417 3935 rigavit
432 3875 513 3942 pedes
527 3874 644 3939 Domini,
659 3885 687 3931 et
709 3874 816 3945 capillis
829 3877 903 3945 capi-

104 3959 139 4014 tis
153 3961 193 4014 sui
217 3961 302 4025 tersit,
323 3964 358 4016 de
372 3978 427 4033 qua
439 3963 539 4018 dictum
554 3972 595 4018 cst
610 3977 627 4017 tt
640 3964 755 4020 Domino
772 3981 779 4018 ι
796 3967 902 4022 Remit-

102 4052 208 4103 tuntur
220 4051 247 4104 ci
260 4038 376 4120 peccota
390 4052 493 4114 mutto,
508 4052 644 4123 qnoniam
657 4053 762 4108 ditccit
776 4054 903 4109 muttum

101 4137 182 4201 (Luc.
196 4149 248 4200 vri,
265 4139 320 4206 li).
336 4138 527 4196 Tertiaoratio
548 4138 695 4194 effunditur
710 4141 801 4210 amplo
819 4139 902 4197 allec·

101 4234 130 4276 tu
148 4240 154 4276 :
172 4231 200 4276 et
214 4225 265 4275 boc
286 4224 323 4288 lit,
338 4227 447 4295 quando
467 4227 490 4283 is
510 4228 558 4299 qui
577 4242 626 4297 pro
644 4243 673 4282 sc
695 4239 828 4294 oraverat,
843 4240 900 4284 ornt

97 4312 156 4381 jam
178 4324 226 4379 pro
244 4308 313 4364 aliis.
330 4311 376 4366 Sic
399 4326 545 4371 oraverunt
564 4316 687 4387 Apostoli
715 4331 764 4388 pro
788 4318 901 4374 muliere

101 4399 253 4455 chananoeo
268 4412 318 4467 pro
332 4397 387 4453 lilia
399 4416 449 4455 sua
464 4412 578 4474 regente
594 4420 601 4460 :
618 4405 747 4471 ltimitte,
765 4406 898 4476 inquiunt,

102 4487 196 4555 ittam,
211 4487 279 4558 quio
293 4487 400 4544 clamet
410 4493 475 4561 post
490 4507 540 4547 nos
555 4492 667 4562 (ltottlt.
678 4510 723 4559 xv,
734 4496 790 4563 2³).
799 4494 900 4562 Quarta

103 4575 189 4631 oratio
204 4576 335 4631 emittitur
355 4577 454 4633 devoto
472 4577 580 4647 effectu,
597 4595 657 4650 quae
671 4582 705 4637 de
724 4583 813 4638 cordis
827 4583 900 4655 puri-

104 4670 158 4718 tutc
181 4663 240 4718 sine
264 4662 320 4718 ulla
349 4665 514 4721 inusitatione
527 4682 594 4733 ‚cum
622 4669 768 4741 gratiarum
794 4672 900 4728 actione
933 4689 935 4694 ·

103 4752 279 4822 depromitur.
299 4753 390 4809 l'elem
413 4753 561 4810 orationem
581 4754 643 4812 feeit
669 4757 729 4828 ipse
751 4758 897 4827 Dominus,

102 4838 211 4910 quaudo
238 4840 444 4909 quatriduanum
466 4845 499 4896 de
519 4853 692 4900 ntonumento
711 4845 839 4902 mserum
858 4865 901 4905 re·

102 4927 250 4992 suscitavit,
267 4940 294 4985 et
307 4928 344 4983 uit
360 4950 366 4986 :
383 4932 479 4998 Pater,
494 4933 604 5002 pontius
618 4948 669 5004 opo
683 4933 746 4998 tibi,
761 4936 829 5006 quin
848 4953 901 4994 utt-

101 5016 172 5071 dt'sti
184 5034 229 5073 mc
245 5016 337 5087 (toan.
354 5034 394 5083 m,
412 5021 467 5089 ti).
483 5018 563 5076 Talus
582 5019 719 5076 orationes
741 5022 833 5079 docuit
851 5041 901 5083 nos

102 5105 252 5182 ¹Apostolus
267 5106 355 5161 lucere
370 5108 531 5179 frequentes,
547 5107 639 5165 diceus
655 5126 662 5163 :
678 5110 744 5170 Sine
758 5114 901 5171 intermis-

102 5193 277 5262 sioncorntc,
291 5197 322 5250 in
331 5197 459 5253 omnibus
467 5199 577 5268 pretias
587 5200 662 5270 cpite
674 5201 701 5268 (l
716 5200 806 5258 Tltcss.
816 5217 843 5267 v,
855 5205 898 5270 l'l,

103 5281 160 5350 18).
176 5282 229 5336 llas
242 5292 303 5354 qous
316 5283 395 5340 diutae
409 5295 472 5341 sunt
484 5296 602 5360 quatuor
615 5289 767 5344 orationum
781 5291 897 5362 speeies,

101 5369 129 5424 iu
157 5375 209 5436 cst,
239 5373 430 5444 verecundam,
459 5390 573 5446 purum,
601 5377 734 5449 emplum,
762 5379 898 5447 devotam,

57 5496 73 5519 ,
101 5467 238 5527 nuncupat
256 5461 400 5530 Apostolus
426 5461 487 5518 aliis
503 5463 669 5535 nominibus,
685 5475 714 5523 et
731 5466 765 5522 ad
786 5482 833 5531 eto
850 5483 899 5527 uos

956 3089 1008 3147 tns,
1025 3084 1147 3153 pecunia,
1161 3092 1373 3151 ceterarumque
1384 3096 1472 3138 rerum
1491 3079 1647 3135 effluentis:
1677 3094 1751 3151 qnae,

955 3174 1005 3225 etsi
1034 3185 1050 3224 a
1077 3170 1213 3237 Densiut,
1229 3179 1386 3224 nontamen
1410 3177 1473 3224 sunt
1488 3168 1581 3238 magni
1599 3167 1752 3239 pondendo,

956 3273 1007 3315 nee
1033 3274 1065 3315 ex
1090 3257 1225 3315 desiderio
1253 3257 1424 3328 possidenda.
1442 3256 1572 3314 Similiter
1591 3269 1619 3312 et
1643 3256 1670 3310 in
1695 3256 1753 3327 ipsa

954 3363 1035 3418 quum
1056 3346 1133 3417 petit,
1148 3347 1229 3403 debet
1256 3345 1311 3402 duo
1338 3345 1523 3402 considerare:
1551 3344 1707 3410 bonitatem,
1727 3355 1752 3400 et

957 3437 1129 3504 majestatem.
1146 3434 1306 3502 bonitatem,
1319 3449 1373 3505 qua
1381 3433 1467 3505 gratis
1485 3432 1568 3496 vellit
1585 3442 1611 3488 et
1625 3432 1753 3503 maiesta-

956 3531 1023 3592 tem,
1039 3525 1181 3596 quaplane
1197 3520 1311 3580 ΙΜ
1324 3522 1409 3592 possit
1418 3523 1483 3578 dare
1498 3521 1625 3592 quidquid
1640 3522 1751 3592 petitur.

955 3613 1006 3668 Sed
1025 3621 1054 3668 et
1071 3613 1099 3667 iu
1123 3612 1214 3683 seipso
1240 3611 1286 3684 qui
1302 3611 1377 3680 petit,
1399 3608 1667 3665 debetnibilominus
1696 3609 1752 3664 duo

956 3702 1105 3766 attendere,
1121 3700 1145 3754 id
1162 3711 1213 3764 est,
1225 3708 1255 3756 ut
1268 3714 1319 3770 pro
1342 3699 1399 3753 suis
1422 3696 1527 3752 meritis
1541 3697 1605 3752 nihil
1621 3708 1752 3767 acoepttt-

957 3803 1017 3843 rum
1027 3796 1109 3859 putet,
1125 3788 1172 3843 sed
1183 3789 1217 3842 de
1226 3788 1276 3842 Dei
1285 3784 1471 3842 misericordie
1495 3792 1597 3840 tantum
1620 3783 1752 3858 quidquid

956 3876 1098 3947 rogaverit,
1128 3877 1334 3948 impetraturum
1348 3880 1447 3945 speret.
1470 3873 1546 3929 Tunc
1560 3888 1625 3946 ergo
1653 3872 1752 3929 dicim

956 3978 1005 4019 cor
1030 3979 1136 4031 purum,
1158 3962 1264 4034 quaudo
1281 3962 1330 4018 tria
1355 3963 1412 4017 btoc
1424 3975 1486 4034 que
1499 3959 1571 4016 dicta
1585 3969 1661 4028 sunt,
1675 3967 1703 4017 et
1717 3974 1751 4014 eo

958 4052 1038 4108 rrrodo
1052 4068 1107 4125 quo
1121 4053 1192 4108 dicto
1213 4058 1284 4114 sunt,
1300 4051 1409 4124 cogitat.
1427 4050 1458 4105 Et
1472 4048 1594 4122 quisquis
1608 4049 1659 4105 hac
1672 4047 1750 4119 puri-

959 4148 1011 4196 tate
1031 4149 1057 4194 ct
1072 4141 1218 4196 intentione
1242 4139 1331 4194 cordis
1343 4138 1471 4204 oraverit,
1485 4137 1610 4193 exaudivi
1625 4151 1654 4190 se
1667 4136 1750 4200 sciat;

958 4229 1030 4299 quia,
1051 4229 1120 4284 sicut
1134 4237 1243 4285 testatur
1257 4230 1353 4284 Petrus
1371 4227 1530 4297 apostolus:
1548 4227 1608 4283 tlon
1623 4228 1665 4282 cst
1681 4241 1749 4297 per·

956 4335 1089 4375 sonorom
1098 4323 1228 4391 acceptor
1241 4316 1374 4382 dressed
1383 4318 1415 4372 in
1424 4318 1503 4372 omni
1510 4317 1592 4386 pente
1602 4315 1650 4387 qni
1665 4314 1748 4370 liniet

955 4409 1043 4462 Dcnm
1053 4410 1080 4464 st
1098 4406 1395 4478 operntnrjustitinm,
1411 4407 1542 4475 acceptus
1555 4405 1598 4458 cst
1612 4401 1658 4457 iili
1673 4398 1746 4471 (Act.

956 4512 982 4563 x,
1002 4496 1047 4560 st,
1064 4496 1120 4563 35).

1235 4580 1351 4637 SERMO
1368 4580 1458 4639 CVlll.

1081 4672 1119 4728 De
1132 4669 1282 4743 spirituali
1290 4670 1452 4726 minutione
1467 4684 1623 4741 sonputnss.

985 4759 1120 4816 blinuendi
1147 4759 1287 4831 sanguinis
1315 4757 1416 4830 duplex
1437 4765 1480 4815 est
1493 4772 1584 4813 cause.
1614 4757 1751 4813 Interdum

955 4847 1081 4920 qualitas,
1093 4846 1232 4904 interdum
1247 4847 1382 4919 quantitas
1400 4848 1497 4904 obest:
1513 4860 1564 4902 uec
1576 4844 1668 4900 minus
1687 4858 1751 4915 per·

954 4935 1060 4996 niciose
1087 4937 1265 4995 immoderata
1280 4935 1454 5003 abundantia,
1481 4948 1561 5006 quam
1597 4933 1750 5003 corruptio.

953 5024 1070 5098 Sanguis
1092 5024 1189 5081 enimse
1208 5040 1286 5091 meac,
1302 5024 1425 5080 voluntas
1440 5037 1513 5081 mee.
1535 5022 1644 5078 Nature
1663 5020 1750 5093 siqui-

953 5114 1014 5168 dem
1024 5123 1216 5185 cognatusproe
1229 5112 1336 5167 caetcris
1351 5110 1509 5166 humoribus
1519 5109 1632 5183 seuguis
1642 5109 1751 5176 dicitur,

954 5201 1086 5258 etenimae
1101 5201 1156 5256 vite
1171 5200 1198 5254 iu
1212 5201 1347 5259 voluntate
1363 5209 1413 5257 est.
1434 5199 1570 5255 llinuatur
1590 5213 1655 5271 ergo
1670 5213 1752 5269 prata

954 5291 1088 5358 voluntas,
1103 5304 1163 5362 quae
1177 5290 1265 5346 morbi
1280 5305 1363 5347 oense
1380 5296 1422 5345 est
1435 5286 1591 5361 spiritualis.
1607 5287 1751 5356 Minuitur,

954 5380 1063 5451 inquam
1090 5379 1153 5434 dum
1190 5378 1299 5449 penitus
1326 5377 1464 5435 exhauriri
1487 5376 1673 5443 exsiccarique
1696 5390 1750 5433 uon

953 5475 1048 5538 potest.
1066 5465 1226 5524 Sciundstur
1247 5474 1275 5522 et
1301 5465 1437 5538 aperietur
1451 5480 1521 5522 vene
1534 5462 1606 5520 ferro
1619 5477 1750 5535 compun-
