3734 5948
166 196 220 252 aab

623 191 653 248 s,
672 176 848 248 annulum
867 186 1012 247 nunnus
1032 183 1364 244 ctlhAE-VALLENSIS

1770 188 1834 243 Ἀθ

165 332 243 390 perc.
258 319 322 376 Trea
332 315 862 390 caimsuntquitestimoniumdoatiu
872 318 965 383 terrc;
979 326 1004 405 st
1020 310 1082 380 illis,
1099 309 1225 383 quoniam
1236 309 1267 366 hi
1282 315 1349 375 tras,
1360 305 1458 381 inquit,
1469 322 1560 365 unum
1570 310 1661 363 suat:
1676 311 1716 376 at,
1733 309 1824 382 quoli-

166 407 301 480 spiritus,
317 423 399 480 oque,
415 411 442 462 et
455 406 583 477 sanquis.
605 405 634 459 ln
650 421 722 477 aqua
748 402 858 478 quidem
874 402 963 475 bapti·
1019 399 1066 458 bet
1080 417 1115 456 ex
1129 399 1170 455 his
1185 399 1272 454 trihus
1284 397 1439 469 deficiente,
1450 396 1548 453 adesse
1563 402 1664 452 catera
1679 412 1734 453 non
1748 414 1824 470 prae·

165 512 254 552 smum
275 494 409 567 intellige,
424 493 451 549 in
466 494 600 568 sanguino
629 492 798 565 martyrium,
814 491 841 547 in
860 491 964 565 Spiritu

166 584 336 640 charitatem.
353 582 470 655 Spiritus
489 583 562 639 enim
586 591 628 640 est
649 582 694 656 qui
708 581 840 651 viviticat;
857 589 884 639 et
900 580 963 637 lidci

166 675 232 742 vita,
260 673 379 731 dilectio.
407 675 544 748 Denique,
562 675 585 730 si
600 674 700 748 quaeris
725 674 789 747 quid
810 672 921 746 Spiritui
936 679 964 729 ct

165 763 300 835 charitati,
330 765 498 837 respondeat
526 763 646 819 Paulus:
680 764 750 834 Quia
773 765 899 822 chorites
914 763 965 819 Dei

165 852 963 927 diffusaestincordibusnostrisperSpiritamsoactuan,

165 944 216 1018 qui
230 942 314 1000 dotus
329 950 372 1001 ast
385 942 462 999 uobis
480 942 569 1011 (Rom.
585 960 611 1010 v,
628 943 666 1014 5).
678 942 840 999 Necessario
855 957 962 1015 quoque

165 1031 280 1104 Spiritus
309 1030 418 1087 additur
446 1047 525 1104 aquae
544 1039 574 1088 et
595 1031 731 1104 sanguini,
763 1047 834 1097 cum,
864 1031 962 1088 eodem

163 1120 294 1192 apostolo
309 1127 389 1191 teste,
405 1121 464 1176 sine
479 1120 611 1178 charitate
625 1120 756 1196 quidquid
773 1120 885 1192 habeas,
897 1118 962 1176 nihil

163 1210 250 1282 prosit
269 1211 301 1281 (l.
322 1212 382 1268 Car.
397 1225 461 1280 xur,
479 1210 545 1283 1-3).

198 1301 227 1353 7.
243 1299 302 1353 Jam
320 1313 387 1355 vero
404 1298 468 1370 quia
495 1297 661 1369 baptismum
691 1313 772 1370 aqua,
801 1297 961 1370 martyrium

163 1385 282 1443 diximus
311 1386 445 1458 sanguine
470 1386 628 1457 designari,
656 1394 795 1442 memento
811 1394 839 1443 et
853 1385 962 1443 unicum

164 1483 194 1534 et
207 1468 395 1550 quotidianum
408 1492 469 1533 esse
488 1476 661 1548 baptismum,
677 1477 801 1533 similiter
815 1482 844 1533 et
857 1487 962 1548 marty·

164 1565 245 1622 rium.
262 1567 310 1622 Est
333 1566 405 1621 enim
435 1565 557 1638 martyrii
572 1583 660 1639 genus
676 1573 703 1623 et
718 1566 840 1638 quadam
866 1564 962 1621 effusio

1018 506 1119 546 sumas.
1149 489 1233 544 Simul
1251 503 1317 545 vero
1331 488 1424 559 juncta
1440 484 1594 542 testimonia
1613 485 1665 541 ista
1678 471 1822 542 ¹hredibilia

1018 579 1089 635 lacta
1103 588 1167 634 sunt
1181 577 1272 644 nimis,
1292 592 1345 634 nec
1359 576 1460 650 poterit
1473 575 1517 632 cui
1531 574 1560 630 in
1574 575 1654 630 terris
1669 583 1823 648 suppetunt

1019 670 1087 740 hac,
1103 683 1196 724 carere
1211 666 1367 723 testimonio
1381 666 1425 722 vel
1439 665 1467 720 in
1482 663 1568 721 coelis.
1593 663 1745 721 Confitetur
1757 664 1821 722 Dei.

1016 757 1112 813 Filium
1142 773 1233 813 coram
1248 755 1402 812 hominibus
1416 770 1471 810 non
1497 752 1592 819 verbo,
1607 768 1699 824 neque
1713 752 1819 826 lingna,

1017 847 1066 904 scd
1081 855 1207 920 opereat
1224 845 1358 902 veritate:
1375 851 1403 901 et
1417 842 1502 900 Filius
1517 858 1626 916 quoque
1641 841 1820 900 confitebitur

1018 953 1079 994 eum
1090 952 1181 993 coram
1194 935 1299 1007 angelis
1312 935 1372 991 Dei.
1388 935 1430 989 An
1441 948 1506 989 vero
1521 932 1546 988 ci
1557 932 1656 988 deesse
1671 934 1775 1003 poterit
1790 933 1818 989 in

1019 1008 1174 1083 testimonio
1201 1024 1291 1093 Pater,
1317 1022 1360 1079 eui
1376 1021 1471 1078 Filium
1497 1019 1588 1077 rideat
1615 1022 1817 1076 attestantem?

1016 1115 1081 1171 Sine
1111 1113 1194 1171 dnbio
1222 1111 1448 1177 confitebituret
1476 1110 1535 1182 ipse
1563 1109 1636 1182 quod
1664 1107 1764 1165 viderit
1789 1109 1819 1165 in

1018 1204 1187 1259 abscondito.
1212 1202 1267 1258 Sed
1282 1217 1372 1274 neque
1388 1200 1505 1272 Spiritus
1520 1197 1629 1270 quidem
1644 1212 1660 1252 a
1675 1199 1755 1254 Patre
1770 1197 1819 1252 Fi·

1017 1293 1108 1365 licque
1137 1291 1296 1357 dissentiet;
1325 1290 1426 1363 quippe
1455 1287 1501 1361 qui
1533 1286 1621 1343 Patris
1648 1285 1765 1359 Filiique
1784 1287 1821 1343 sit

1017 1380 1140 1452 Spiritus.
1167 1380 1293 1452 Denique
1311 1393 1429 1452 quonam
1457 1378 1538 1434 modo
1553 1384 1646 1432 careat
1661 1376 1820 1432 testimonio

1018 1472 1078 1540 ejus
1092 1469 1119 1524 in
1135 1468 1214 1535 coelo,
1230 1468 1276 1542 qui
1300 1467 1402 1522 habere
1429 1465 1495 1522 illud
1510 1465 1609 1522 meruit
1629 1471 1658 1522 et
1671 1464 1699 1520 in
1719 1464 1818 1521 terrai

1021 1562 1082 1616 ires
1093 1576 1154 1631 erpo
1162 1562 1230 1615 suat
1240 1559 1290 1632 qui
1301 1558 1498 1613 testimoniam
1508 1555 1579 1611 duat
1589 1555 1620 1610 io
1628 1554 1708 1619 coelo,
1720 1557 1819 1627 Potor,

164 1655 305 1728 sanguinis
319 1654 346 1710 in
362 1655 522 1729 quotidiana
545 1656 668 1727 corporis
701 1655 856 1712 afflictione.
872 1655 921 1711 Est
936 1662 963 1711 et
980 1644 1002 1720 Β
1018 1654 1046 1706 ct
1062 1650 1157 1715 Filius,
1174 1651 1201 1704 ct
1213 1649 1336 1720 Spiritus
1352 1649 1478 1702 auectus.
1494 1644 1530 1699 Et
1545 1658 1579 1699 ne
1589 1657 1668 1713 quam
1685 1643 1756 1699 forte
1766 1642 1819 1698 dis·

155 1744 314 1818 'baptismus
339 1744 436 1817 aliquis
453 1743 481 1800 in
497 1746 705 1817 compunctione
730 1745 819 1802 cordis
834 1752 861 1800 et
876 1744 964 1816 lacry-

164 1850 269 1890 marum
296 1832 466 1889 assiduitate.
496 1834 540 1890 Sic
555 1834 657 1906 quippe
686 1833 801 1890 inlirmis
818 1843 845 1891 ct
859 1834 964 1907 pusillis

165 1923 247 1980 corde
258 1937 371 1980 necesse
386 1931 436 1993 est,
449 1931 478 1979 ut
494 1940 574 1996 quem
585 1924 669 1980 semel
679 1940 729 1996 pro
740 1923 848 1981 Christo
860 1939 963 1995 ponere

164 2028 219 2070 non
234 2012 382 2080 sufiiciunt,
414 2013 510 2069 saltem
525 2013 624 2070 mitiori
652 2013 779 2086 quodam,
794 2014 843 2069 sed
858 2012 964 2069 diutur-

164 2101 234 2158 niori
260 2103 392 2176 martyrio
408 2102 569 2174 sanguinem
584 2102 708 2159 fundant.
730 2102 775 2159 Sic
795 2109 823 2159 ct
836 2094 963 2175 baptismi

162 2202 374 2272 sacramentum,
404 2192 534 2268 quoniam
562 2193 655 2249 iterari
683 2207 738 2248 non
764 2191 837 2263 lieet,
859 2192 901 2246 his
916 2189 963 2263 qui

163 2280 262 2352 sapius
280 2281 309 2336 in
321 2282 412 2338 multis
425 2281 581 2349 oflendunt,
597 2282 733 2357 frequenti
749 2290 859 2356 oportet
877 2281 958 2336 ablu-

162 2368 237 2425 tione
256 2370 388 2442 suppleri.
413 2370 490 2426 Unde
504 2379 532 2428 et
545 2371 685 2444 Propheta
703 2389 709 2427 ι
726 2373 842 2439 boricio,
862 2370 961 2444 inquit,

162 2476 214 2533 per
227 2460 353 2531 siopotoa
366 2463 463 2516 noctes
485 2460 590 2516 lactum
603 2476 699 2516 mcum
707 2480 717 2528 ,·
747 2463 878 2534 lacrymis
892 2463 963 2519 roms

162 2549 291 2603 stratum
305 2564 401 2605 meum
411 2547 506 2619 ripabo
524 2549 610 2616 (Psoi.
625 2560 667 2614 tu,
682 2549 721 2618 t),
738 2548 785 2604 Vis
799 2563 865 2620 ergo
880 2562 962 2603 nosse

163 2635 224 2708 quis
240 2643 283 2692 est
309 2635 355 2709 qui
380 2635 463 2693 vincit
487 2635 636 2692 mundum?
658 2633 725 2704 Quae
738 2637 766 2691 in
780 2652 814 2693 eo
828 2637 962 2693 docenda

162 2732 227 2781 sunt
254 2724 411 2801 diligentius
438 2725 556 2781 intuere.
585 2724 725 2798 Siquidem
746 2733 774 2782 et
798 2726 850 2782 hoc
874 2725 963 2796 ipsum

162 2813 259 2871 beatus
272 2815 324 2871 istc
334 2815 454 2871 ioannes
468 2814 580 2881 indicat,
596 2813 709 2870 dicens:
728 2816 904 2883 Clarissimi,
918 2833 963 2875 aa

1018 1738 1170 1793 senentiam
1190 1734 1344 1809 suspiceris,
1367 1734 1397 1791 hi
1411 1736 1468 1791 tres
1489 1749 1580 1790 caum
1594 1736 1673 1788 aaut.
1687 1730 1818 1807 Magnum

1018 1827 1141 1900 protecto
1170 1823 1285 1879 habituri
1313 1829 1376 1879 sunt
1401 1821 1595 1891 testimonium,
1617 1835 1686 1892 qnos
1705 1821 1732 1875 in
1747 1819 1820 1876 cralo

1017 1915 1101 1972 Pater
1127 1913 1279 1985 susceperit
1302 1919 1430 1985 unquam
1450 1909 1520 1966 filios
1539 1919 1568 1966 et
1581 1910 1716 1978 haeredes,
1735 1908 1821 1965 Filius

1018 2005 1143 2060 asciverit
1175 2012 1304 2075 tanquam
1332 2000 1432 2058 iratres
1450 2008 1478 2056 et
1504 1999 1673 2070 cohaeredes,
1701 1997 1821 2069 Spiritus

1017 2101 1127 2149 sanctus
1154 2093 1327 2149 adhaerentes
1346 2090 1403 2146 Deo
1418 2105 1501 2145 unum
1521 2087 1646 2159 spiritum
1661 2087 1741 2143 iaciat
1754 2101 1819 2143 esse

1017 2200 1078 2240 cum
1093 2198 1137 2242 eo.
1152 2184 1202 2239 Est
1227 2181 1299 2238 enim
1314 2179 1431 2253 Spiritus
1445 2177 1503 2250 ipse
1518 2175 1704 2235 indissolubile
1718 2177 1819 2234 vincu-

1016 2274 1071 2330 lum
1090 2272 1239 2344 Trinitatis,
1252 2287 1303 2344 per
1317 2285 1399 2342 quem
1414 2269 1483 2324 sicut
1500 2267 1579 2323 Pater
1594 2275 1622 2323 et
1637 2266 1719 2323 Filius
1732 2281 1818 2322 unam

1016 2369 1091 2432 sunt,
1112 2361 1150 2419 sic
1165 2369 1192 2417 et
1207 2375 1258 2416 nos
1272 2375 1355 2415 unum
1375 2358 1459 2414 simus
1474 2355 1501 2411 in
1516 2355 1594 2429 ipsis,
1611 2371 1643 2412 eo
1659 2355 1817 2427 miserante,

1017 2452 1062 2523 qui
1077 2467 1127 2524 pro
1155 2449 1294 2522 discipulis
1313 2450 1364 2504 hoc
1397 2447 1484 2519 ipsum
1513 2460 1592 2503 orare
1610 2445 1737 2521 dignatus
1764 2451 1818 2516 est,

1015 2542 1080 2598 lesu
1093 2540 1200 2599 Christo
1214 2539 1330 2596 Domino
1351 2544 1456 2593 nostro.

1329 2626 1445 2684 SERMO
1473 2625 1507 2681 ll.

1106 2731 1143 2784 Dc
1157 2726 1246 2783 tribas
1262 2726 1442 2782 testimoniis.
1458 2724 1486 2797 (l
1496 2726 1578 2783 Iona.
1594 2741 1621 2791 v,
1642 2723 1727 2794 ill.)

1054 2822 1079 2873 t.
1090 2816 1129 2872 Ex
1144 2814 1264 2889 Epistola
1287 2814 1360 2872 beati
1373 2813 1485 2870 loannis
1499 2812 1581 2871 hodie
1591 2812 1671 2869 nobis
1681 2822 1722 2868 est
1736 2809 1819 2867 lectio

163 2905 214 2961 tite
227 2904 345 2977 diiipcre
355 2904 505 2973 mandam,
516 2919 647 2977 aequare
657 2905 759 2978 quoeia
769 2905 874 2960 inundo
883 2908 961 2962 sarit.
1018 2908 1141 2973 recitata,
1156 2907 1184 2960 ia
1199 2922 1253 2979 qua
1267 2903 1397 2961 discimus
1426 2903 1610 2961 testimonium
1629 2901 1687 2958 dari
1717 2900 1817 2973 triplex

163 2993 333 3052 Omneanim
340 2994 448 3066 quodie
455 2993 562 3049 mitada
573 2997 625 3060 cst,
632 2992 963 3066 concupiscaaticcuraia
978 2964 1000 3043 e
1018 2997 1045 3052 in
1056 2996 1136 3063 caulo,
1154 2995 1251 3067 triplex
1265 2994 1293 3050 in
1305 3002 1386 3050 terra.
1403 2994 1439 3049 Et
1452 2993 1561 3067 quidem
1580 3005 1631 3065 pro
1645 3006 1690 3046 me
1705 3005 1817 3063 sapere,

159 3086 211 3150 cst,
240 3085 471 3155 concupiscentia
500 3083 659 3154 oculoru-m,
678 3087 705 3139 ct
721 3082 836 3139 ambitio
865 3083 964 3140 seculi
1018 3085 1081 3141 illud
1102 3084 1266 3151 stabilitatis,
1282 3084 1335 3139 hoc
1351 3082 1532 3154 reparationis
1548 3088 1590 3139 est
1609 3080 1734 3154 signum3
1750 3078 1818 3135 illud

158 3168 188 3244 (l
197 3173 280 3229 loce.
295 3187 325 3241 u,
343 3175 387 3240 15,
403 3172 458 3243 16).
474 3173 521 3228 Hae
536 3179 599 3227 sunt
613 3180 669 3228 tres
684 3180 779 3227 turmae
802 3187 870 3245 quas
890 3172 964 3229 lece·
1017 3173 1140 3247 angelos,
1155 3172 1227 3229 istud
1242 3173 1382 3239 homines3
1393 3171 1457 3227 illud
1474 3173 1570 3228 beatos
1582 3187 1598 3227 a
1611 3167 1728 3235 miseris,
1743 3166 1817 3224 istud

159 3267 223 3316 runt
237 3259 357 3316 Chaldaei
371 3261 441 3332 (lob.
458 3276 477 3331 ι,
494 3261 547 3331 li).
570 3260 625 3316 Sed
642 3260 752 3316 menimi
776 3277 884 3333 quoque
897 3277 961 3316 san·
1015 3266 1103 3335 justos
1128 3261 1258 3318 discernit
1272 3261 1306 3316 ab
1322 3261 1423 3329 impiis.
1446 3259 1559 3333 Angelis
1574 3258 1709 3333 siquidem
1724 3257 1815 3330 quiin

160 3349 327 3405 ctumlacob
342 3347 441 3404 iecisse
453 3355 510 3404 tres
526 3356 639 3419 turmas,
659 3366 721 3405 cum
738 3350 848 3406 timeret
862 3367 878 3405 a
893 3350 961 3408 facie
1016 3352 1102 3425 prima
1117 3351 1161 3407 illa
1176 3350 1410 3423 praevaricatione,
1437 3349 1614 3421 superbiente
1634 3345 1771 3412 Lucifero,
1788 3345 1816 3402 in

157 3437 243 3505 Esau,
260 3436 370 3493 rediens
384 3437 419 3493 de
440 3438 636 3509 Mesopotamia
655 3440 735 3508 (Gen.
758 3453 851 3506 xxxxi,
866 3441 905 3510 t).
926 3441 961 3496 Et
1014 3442 1286 3512 veritatesteternnt,
1307 3436 1734 3517 meritotestimoniumperhibet
1747 3435 1816 3492 visio

159 3526 238 3584 vohis
253 3541 321 3599 ergo
332 3525 465 3582 adversus
477 3525 574 3598 triplex
589 3542 677 3598 genas
687 3527 847 3584 tentationis
860 3527 959 3600 triplici
1014 3527 1154 3584 Trinitatis
1171 3544 1178 3584 τ
1195 3527 1359 3599 hominibus,
1373 3542 1441 3600 quos
1455 3526 1547 3582 diuina
1563 3523 1701 3583 miseratio
1717 3520 1816 3590 salvat,

158 3632 228 3688 opus
242 3622 285 3672 est
299 3615 469 3672 munimento
481 3633 488 3672 ε
501 3615 627 3673 utcarnis
641 3616 751 3688 quidem
767 3617 961 3689 concupiscen·
1013 3616 1141 3691 Spiritus,
1160 3631 1243 3690 aqua,
1264 3624 1291 3672 et
1305 3615 1426 3688 sanguis,
1454 3613 1554 3684 Quidni
1578 3612 1721 3687 perhibeat
1737 3611 1816 3668 testi-

159 3704 195 3761 tia
214 3704 298 3776 ipsius
320 3703 529 3762 mortificatione
555 3704 688 3777 vincatur,
718 3722 810 3779 quam,
827 3706 850 3761 si
864 3707 960 3762 memi-
1013 3708 1136 3764 monium
1165 3709 1254 3775 Pater,
1276 3707 1404 3781 aquibus
1432 3706 1583 3763 honoratus
1610 3712 1653 3762 est
1664 3713 1695 3761 ut
1707 3700 1816 3759 Patert

158 3793 248 3861 aistis,
264 3793 293 3849 in
307 3793 449 3868 sauguinis
478 3794 631 3851 testimonio
660 3794 777 3850 diximus
804 3794 961 3873 intelligen-
1012 3797 1072 3854 Tibi
1085 3813 1161 3871 vero,
1173 3796 1302 3871 maligne,
1315 3797 1356 3854 sic
1375 3797 1495 3869 loquitur
1512 3811 1518 3852 :
1536 3797 1567 3854 Si
1579 3811 1642 3869 erqo
1655 3810 1702 3868 epo
1717 3795 1814 3863 Peter,

158 3881 239 3950 dam3
254 3882 393 3939 oculomm
409 3898 475 3940 uero
490 3882 740 3956 concupiscentiam
763 3893 877 3956 superet
896 3894 958 3942 sta·
1012 3889 1062 3946 chi
1080 3894 1122 3945 cst
1138 3888 1227 3947 honor
1240 3893 1339 3946 meas?
1353 3886 1482 3959 (datach.
1498 3901 1519 3954 ι,
1536 3883 1576 3958 6.)
1590 3886 1691 3943 careas
1704 3883 1816 3940 omnino

158 3970 234 4028 dium
250 3972 503 4044 compunctioniset
513 3972 657 4028 assiduitas
666 3973 957 4047 lacrymarummfl
1013 3992 1128 4034 neccsse
1141 3984 1183 4033 est
1207 3975 1363 4033 testimonio
1393 3975 1491 4045 Patris,
1520 3975 1599 4045 cujus
1626 3972 1673 4030 tihi
1700 3971 1815 4047 gloriam

158 4074 242 4134 porro
257 4061 413 4117 ambitionis
431 4060 580 4120 vanitatem
598 4061 684 4118 virtus
698 4064 839 4121 charitatis
867 4064 958 4122 exclu·
1012 4082 1146 4140 usurpare
1175 4065 1295 4133 conaris,
1314 4080 1370 4121 noa
1397 4066 1534 4121 honorare
1550 4079 1611 4121 eum
1626 4061 1750 4134 cupiens,
1766 4061 1814 4117 sed

159 4149 215 4222 dat,
232 4167 293 4222 quae
307 4149 364 4207 sola
392 4150 522 4207 castificat
546 4150 673 4224 animam,
689 4152 747 4209 sola
761 4161 860 4226 purgat
869 4153 959 4210 inten·
1013 4171 1133 4229 aequare.
1151 4156 1262 4224 sedebo,
1278 4154 1377 4229 inquit,
1394 4156 1426 4211 iu
1440 4159 1538 4211 moute
1553 4153 1770 4219 testamenti,·ct
1781 4153 1816 4208 ai·

159 4239 275 4300 tionem.
291 4238 401 4296 Certum
422 4241 524 4313 quippe
552 4240 711 4315 triumphati
725 4241 819 4298 mundi
834 4242 959 4299 testimo·
1013 4237 1448 4317 miliscroditissimollsqixrx,
1460 4241 1812 4312 ilhltanemodocreatus,

158 4328 234 4385 flium
258 4334 311 4401 esi,
325 4328 347 4383 Si
362 4345 462 4402 00tp11³
489 4328 609 4406 easliges
623 4338 651 4387 ei
668 4331 796 4402 subjicias
824 4331 956 4401 servituli,
1013 4335 1085 4395 Patri
1104 4335 1246 4407 spirituum
1265 4335 1450 4391 consedebis?
1463 4335 1499 4389 Et
1514 4343 1589 4390 certe
1619 4330 1735 4387 necdum
1763 4329 1813 4385 tibi

159 4433 195 4474 ne
219 4418 371 4490 perniciosa
398 4419 523 4476 libertate
552 4419 653 4477 serviat
679 4420 831 4493 uoluptati;
847 4422 870 4477 si
883 4422 958 4478 lletui
1012 4424 1099 4482 dixit:
1115 4426 1183 4482 Sede
1197 4443 1215 4480 u
1229 4423 1339 4480 destris
1358 4426 1429 4480 ateis
1444 4423 1531 4488 (Paul.
1546 4438 1602 4488 cxx,
1619 4420 1654 4493 l).
1667 4419 1696 4476 Si
1710 4418 1811 4487 nescis,

157 4505 284 4580 praebeas
298 4507 392 4564 oculos
405 4508 502 4582 magis,
519 4524 601 4581 quam
615 4508 775 4581 petulantiae
789 4511 832 4566 vel
846 4511 959 4567 curiosi·
1012 4530 1028 4573 o
1047 4514 1200 4586 impudens,
1216 4513 1377 4585 Unigenitas
1388 4513 1433 4569 ille
1453 4521 1505 4581 cst,
1516 4510 1559 4568 cui
1572 4518 1675 4565 aeterna
1693 4523 1812 4581 genera·

159 4596 227 4664 tati;
244 4595 267 4653 si
281 4597 411 4670 denique,
427 4595 560 4670 spirituali
584 4597 730 4656 dilectione
747 4598 875 4694 flagrans,
892 4599 958 4656 nulli
1012 4606 1087 4661 tione
1103 4604 1189 4658 Patris
1216 4602 1356 4674 aequalitas
1379 4600 1477 4657 collata
1496 4607 1537 4655 est
1551 4608 1579 4655 et
1594 4614 1750 4655 consessus.
1771 4597 1811 4653 Tu

161 4685 280 4741 animum
294 4686 403 4744 dederis
420 4687 543 4744 vanitati.
1011 4694 1134 4766 rapinam
1154 4692 1278 4763 cogitans
1304 4706 1365 4746 csse
1380 4689 1493 4761 aqualis
1518 4690 1588 4760 Deo,
1616 4688 1683 4744 Filio
1696 4687 1811 4759 gloriam

197 4779 223 4830 8.
238 4776 335 4832 blerito
363 4791 428 4832 saue
456 4791 527 4831 uuus
542 4775 628 4849 etqui
642 4775 669 4830 in
685 4782 758 4832 terra
770 4777 874 4851 pariter
889 4786 916 4835 et
929 4777 957 4835 in
1010 4779 1125 4850 invides,
1146 4779 1259 4851 gloriam
1286 4778 1365 4850 qnasi
1395 4775 1528 4849 unigeniti
1547 4791 1562 4830 a
1578 4777 1665 4845 Patre,
1681 4783 1712 4831 ut
1725 4789 1761 4829 ue
1775 4774 1810 4827 ab

159 4862 228 4920 cmlo
249 4864 430 4920 testimonium
445 4864 573 4935 perhibet
589 4865 722 4937 Spiritus;
746 4867 808 4939 quia
822 4868 880 4924 sive
895 4884 957 4926 cor·
1010 4868 1070 4940 ipso
1084 4868 1192 4941 quidem
1212 4867 1396 4924 testimonium
1409 4865 1542 4922 mercaris
1560 4865 1673 4920 habere.
1685 4864 1729 4919 lln
1744 4877 1812 4920 vero

157 4953 234 5024 poris
248 4953 359 5010 afflictio
374 4954 502 5020 cessabit,
519 4953 576 5010 sive
595 4952 774 5027 lacrymarum
789 4954 851 5013 icus
870 4956 958 5014 exsic·
1012 4957 1111 5030 poterit
1126 4958 1262 5014 detestato
1275 4972 1291 5010 a
1302 4958 1419 5013 Patreat
1430 4955 1507 5023 Filio,
1529 4954 1670 5027 utriusque
1694 4950 1812 5024 Spiritus

158 5040 277 5109 cabitur3
295 5043 345 5097 sed
371 5043 488 5099 charitas
515 5059 656 5116 nunquam
675 5045 784 5101 excidit.
807 5047 957 5105 Praelibatio
1010 5047 1156 5104 attestant
1169 5047 1351 5104 Abominatur
1365 5045 1512 5118 superbum
1525 5043 1646 5115 prolecto
1661 5050 1689 5098 et
1699 5041 1811 5114 inquie-

160 5130 285 5204 quaedam
300 5135 343 5186 est
360 5131 388 5186 in
403 5133 542 5205 praesenti,
559 5136 757 5192 consummatio
773 5141 801 5192 et
815 5135 957 5209 plenitudo
1012 5145 1078 5202 tum,
1095 5137 1140 5208 qui
1152 5153 1236 5207 super
1248 5136 1369 5209 quietum
1384 5144 1411 5191 et
1429 5132 1558 5189 humilem
1574 5131 1721 5204 requiescit
1736 5146 1811 5186 ama·

159 5219 187 5276 in
201 5219 291 5277 laturo
319 5227 421 5278 manet.
450 5222 642 5281 Verumtamen
666 5223 729 5281 licet
759 5233 870 5282 maneat
897 5234 958 5299 post
1012 5237 1054 5284 tor
1068 5228 1142 5300 pacis
1156 5235 1184 5284 et
1206 5226 1315 5282 unitatis
1339 5230 1525 5289 consecrator,
1554 5222 1697 5281 adversum
1714 5229 1740 5279 te
1760 5237 1811 5295 pro

158 5325 257 5384 aquam
272 5318 300 5367 et
313 5309 475 5382 sanquinem
499 5311 615 5385 Spiritus
635 5320 718 5388 (aqua
732 5315 833 5389 quippe
849 5321 877 5373 et
891 5333 958 5374 san-
1010 5308 1121 5390 pauset
1139 5316 1243 5372 unitate
1258 5314 1370 5371 zelatur.

159 5399 219 5472 quis
246 5414 360 5472 ragnum
383 5398 434 5455 Dei
448 5414 504 5456 non
518 5402 721 5476 possidebunt).
743 5404 852 5461 interim
867 5413 958 5463 umen
1045 5411 1074 5462 2.
1085 5405 1156 5476 Quid
1170 5405 1278 5470 miram,
1294 5403 1403 5472 iratres,
1418 5403 1440 5460 si
1455 5403 1581 5462 timemus
1594 5418 1629 5460 ne
1644 5400 1715 5459 forte
1725 5399 1811 5473 pusil-

159 5495 207 5544 aut
219 5487 263 5546 vix
277 5498 324 5547 aut
341 5487 415 5546 nullo
443 5488 524 5547 modo
542 5491 666 5550 invenire
684 5501 727 5548 est
749 5493 878 5565 Spiritum
897 5495 957 5552 sine
1011 5496 1065 5552 lam
1088 5492 1178 5553 909
1204 5496 1275 5552 banc
1288 5494 1396 5552 vincam
1414 5493 1522 5552 Doudni
1540 5491 1651 5566 depasci
1663 5489 1811 5566 singularis
