3734 5948
109 255 179 317 1117
745 273 913 337 suithufius
929 275 963 337 lu
982 272 1131 336 CANTIGA.
1684 264 1754 327 1118

109 384 274 457 disponentis
287 405 425 448 sermones
436 408 501 451 suos
516 395 544 451 in
556 397 676 467 judicio,
687 408 714 455 et
729 415 818 457 rerum
834 402 899 477 glo·
916 415 940 494 Α
992 402 1018 456 1.
1034 399 1066 454 Et
1079 397 1141 455 ideo
1163 394 1339 469 semetipsum
1364 392 1509 449 exinsnisit
1530 406 1618 464 usque
1640 390 1675 446 ad
1688 390 1753 456 boc,

110 473 175 529 nam
190 477 336 533 verborum
352 481 483 539 modestia
499 486 683 557 temperantis.
955 497 983 543 ut
997 494 1155 561 pasceretur
1177 484 1236 555 ipsc
1256 482 1379 539 omnium
1403 489 1510 553 pastum
1527 489 1555 537 et
1573 480 1698 537 inventus
1712 486 1754 535 est

145 565 172 619 1.
195 563 272 621 Alius
284 577 374 625 autem
402 585 456 625 nou
481 570 589 645 ignoret
618 592 702 633 unum
725 593 796 649 esse,
813 577 902 653 etqui
956 576 1025 633 inter
1047 574 1114 641 lilio,
1130 583 1159 632 et
1180 572 1256 629 risus
1282 572 1316 626 ab
1341 569 1473 636 Ecclesia,
1486 567 1629 626 adamatus
1649 577 1691 624 est
1717 568 1753 624 ab

111 651 236 721 pascitur,
259 657 350 730 etqui
366 658 471 728 pascit;
506 659 577 717 inter
600 661 655 720 lilio
675 676 901 735 commorantem,
957 665 1038 738 inope
1052 678 1165 736 pauper,
1182 660 1271 718 iectus
1284 659 1397 716 dilectus
1411 665 1523 731 propter
1538 655 1751 713 similitudinem.

109 747 135 797 et
163 753 320 811 regnantem
343 761 423 818 super
454 746 552 805 sideru.
582 751 618 806 ht
636 752 765 812 bbentins
790 755 904 813 humilia
956 753 1018 809 Non
1045 751 1132 809 solum
1161 757 1262 817 autem,
1281 749 1331 804 sed
1359 754 1386 803 et
1413 753 1523 819 propter
1549 743 1702 813 veritatem,
1726 751 1755 799 et

110 827 198 885 dilecti
226 840 366 904 memorat,
393 843 504 908 propter
534 836 712 898 humilitatem
729 841 849 917 quidem,
874 855 903 903 ιιι
956 839 1201 905 monsuetudinem,
1217 847 1244 893 et
1265 835 1424 907 justitium:
1441 834 1513 908 quod
1531 848 1656 905 pereum
1679 830 1754 888 seili-

109 914 183 972 dixi:
200 920 285 992 magis
295 928 384 976 antem
400 922 472 995 quod
487 925 584 982 exinde
603 929 756 999 coepitosee
776 931 902 999 ddectus,
957 939 1001 989 cot
1018 929 1212 1001 promissiones
1231 926 1387 999 adimpletae
1409 933 1482 991 sunt,
1497 923 1570 994 quod
1595 920 1755 993 iniquitates

109 1021 142 1060 eu
162 1019 216 1078 qno
240 1014 267 1061 rt
281 1009 363 1080 pasci.
379 1012 433 1069 Nec
446 1014 527 1072 modo
548 1017 655 1085 exinde,
674 1018 722 1075 scd
749 1021 822 1078 inde.
837 1022 903 1077 Nem
957 1018 1079 1074 remissae
1105 1025 1179 1084 sunt,
1194 1016 1268 1088 quod
1299 1010 1409 1085 superbi
1435 1011 1575 1067 daemones
1604 1024 1658 1065 una
1690 1024 1752 1064 cnm

111 1093 156 1164 qui
174 1094 201 1151 in
221 1095 360 1166 altissimis
377 1107 417 1154 est
429 1102 573 1177 Dominus,
587 1105 616 1162 in
635 1107 696 1163 imis
713 1116 753 1163 est
768 1108 903 1178 dilectue3
957 1106 1078 1180 principe
1092 1120 1142 1162 suo
1162 1101 1277 1176 judicati
1300 1110 1372 1161 sunt.
1386 1099 1458 1157 Talis
1480 1115 1548 1173 ergo
1568 1095 1693 1170 apparuit
1706 1097 1752 1169 qui

110 1183 289 1253 supersidere
310 1203 437 1260 repuens,
456 1200 484 1249 et
511 1192 579 1250 inter
598 1195 656 1252 lilia
669 1213 774 1254 amens.
789 1199 904 1255 Amabat
957 1192 1053 1252 merito
1080 1200 1228 1263 umarctur,
1241 1207 1323 1249 verax
1347 1204 1398 1263 pro
1421 1205 1460 1260 se,
1480 1184 1554 1242 mitis
1584 1184 1751 1255 homiuibus,

109 1280 135 1325 0²
156 1274 344 1346 8111111111011.
360 1278 423 1348 (lilih
438 1296 570 1354 nusquam
599 1293 625 1342 et
645 1301 785 1359 nunqnam
816 1287 906 1360 potuit
955 1287 1044 1355 justus
1059 1296 1109 1355 pro
1122 1278 1287 1337 hominihus.
1304 1279 1327 1336 0
1342 1294 1404 1335 vero
1418 1274 1603 1333 amandumet
1615 1272 1678 1332 totis
1693 1289 1752 1331 me-

110 1376 163 1414 non
178 1377 278 1430 amore,
301 1365 363 1436 quia
377 1377 510 1425 amorest
525 1389 531 1424 :
547 1373 595 1429 scd
618 1377 705 1433 donec
724 1377 758 1434 ad
786 1376 842 1434 lilia
856 1377 905 1432 de·
957 1371 1037 1427 doliis
1065 1369 1157 1427 cordis
1182 1366 1400 1440 amplectendum
1429 1360 1574 1438 sponsuml
1599 1361 1671 1434 Quid
1696 1360 1755 1430 jhm

110 1450 223 1516 scendit,
239 1463 264 1506 rt
292 1454 363 1522 pasci
378 1456 448 1512 inter
463 1457 518 1514 lilia
531 1472 686 1531 compertus
697 1472 745 1531 est,
761 1481 811 1522 nee
825 1482 903 1523 amu·
958 1467 1101 1517 cunctetur
1113 1456 1233 1516 Ecclesia
1248 1466 1332 1515 totam
1352 1472 1382 1512 se
1397 1463 1452 1510 tota
1466 1451 1610 1509 devotione
1623 1448 1753 1505 commit-

110 1547 154 1593 tus
166 1546 217 1607 cst,
231 1556 282 1598 nee
310 1541 396 1600 iactus
409 1543 532 1603 dilectus.
555 1549 646 1619 Quid?
664 1568 721 1609 non
733 1562 776 1613 est
794 1563 901 1612 amatus
958 1556 1015 1605 lere
1029 1555 1084 1604 ism
1104 1545 1160 1604 fido
1183 1545 1326 1612 redditori,
1342 1553 1394 1601 “¹¹¹
1418 1541 1463 1617 1Ῑο
1481 1537 1623 1608 11111ῑῖ1011,
1638 1545 1693 1593 iim
1704 1537 1753 1608 ju-

110 1627 293 1696 apatrierchis
311 1641 337 1685 et
351 1633 515 1705 prophetis?
527 1638 576 1694 Est
592 1641 661 1697 :scd
676 1657 730 1697 non
745 1643 901 1715 priusquam
955 1646 996 1693 sto
1016 1635 1234 1710 propugnatorii
1249 1635 1333 1693 Porro
1355 1630 1526 1705 premiserat
1551 1625 1694 1700 [aepheta.
1710 1625 1753 1681 di·

109 1718 183 1773 risus
196 1725 237 1776 est
257 1729 284 1777 et
305 1721 339 1775 ah
354 1722 422 1794 ipsis
449 1725 517 1781 inter
531 1726 585 1784 lilia
601 1729 689 1799 pasci.
715 1731 807 1803 Neque
829 1733 901 1787 enim
956 1741 1019 1783 oens
1034 1743 1041 1780 ε
1057 1724 1152 1797 Specie
1167 1728 1218 1781 tun
1231 1727 1260 1780 ct
1267 1720 1484 1797 pulchritudine
1500 1714 1677 1775 traiciendo
1690 1731 1754 1786 pro-

108 1819 162 1860 non
195 1804 328 1873 viderunt,
352 1826 432 1881 quern
461 1813 662 1883 praecurrunt:
692 1815 743 1872 nisi
774 1817 813 1873 ita
840 1818 904 1890 quis
956 1831 1046 1887 spere.
1061 1812 1137 1870 Unde
1165 1810 1269 1883 species
1293 1820 1351 1867 haec
1368 1817 1395 1864 et
1418 1805 1611 1880 pulchritudo?
1627 1804 1704 1871 Puto,
1720 1819 1754 1860 ex

108 1894 208 1966 ubsque
230 1894 381 1969 spiritusit,
398 1905 426 1953 ut
439 1899 578 1958 videntem
605 1902 750 1977 inspiritn,
766 1914 841 1976 putet
864 1905 905 1963 ri·
957 1902 1030 1961 lilius.
1060 1898 1129 1971 Quid
1158 1897 1216 1956 lilio
1240 1897 1411 1970 speciosius?
1440 1896 1485 1953 Sic
1511 1895 1579 1953 nihil
1607 1890 1755 1949 lor-mosius

108 1982 171 2036 dere
186 1981 261 2037 nihil.
278 1984 353 2041 Unde
374 2001 439 2058 ergo
454 1989 593 2053 videntes,
622 2009 683 2049 nam
712 1993 750 2049 sic
766 1994 905 2066 prophetie
957 1989 1151 2064 specquuae
1174 1997 1324 2061 suntergo
1347 1980 1753 2056 111ι11111,0(111111111110198

107 2069 234 2140 appellati
256 2081 319 2131 sunt
350 2075 376 2143 (l
399 2077 465 2147 liep.
489 2093 532 2146 ιι,
553 2080 591 2153 9),
613 2082 635 2136 si
658 2081 724 2139 nihil
753 2082 903 2140 uiderunt?
956 2080 1063 2138 decoris
1090 2080 1169 2151 ejus?
1189 2077 1320 2143 Procede,
1345 2073 1495 2149 inquitet
1522 2088 1610 2145 repen
1636 2072 1752 2142 propter

108 2158 174 2213 lnde
201 2168 253 2228 est,
272 2161 500 2234 qnodroluerunt
522 2167 623 2237 ridere,
652 2187 732 2242 quem
755 2187 810 2228 non
834 2173 906 2229 vide·
956 2170 1117 2235 ominium,
1131 2172 1160 2229 ct
1173 2163 1435 2230 mansuetudinem,
1451 2165 1479 2221 ct
1489 2160 1638 2235 justitiam
1661 2157 1752 2227 libel.

108 2249 247 2306 runt.Nee
264 2250 336 2309 enim
367 2249 472 2310 1511
505 2265 630 2326 poterant
661 2260 729 2318 uelle
757 2260 849 2320 ridere
875 2262 904 2318 in
959 2275 1038 2329 surr,
1056 2256 1096 2330 h).
1111 2256 1180 2315 Lilia
1200 2266 1273 2324 sunt,
1295 2253 1360 2322 litia,
1383 2253 1506 2325 inquam,
1528 2256 1587 2305 orte
1611 2247 1645 2302 de
1670 2254 1751 2316 terra,

105 2351 229 2407 corpore,
245 2354 328 2410 quern
341 2340 369 2395 in
393 2342 488 2412 spiritu
512 2359 567 2401 non
587 2346 728 2405 uidissent.
746 2349 801 2405 Sed
821 2350 901 2407 dim:
958 2346 1069 2404 nitentia
1092 2361 1175 2418 super
1195 2352 1304 2411 terram,
1318 2338 1464 2399 errrincntia
1488 2336 1516 2394 in
1535 2334 1645 2393 lloribus
1662 2344 1751 2400 terrm,

105 2425 234 2496 Numquid
262 2442 356 2484 omnes
382 2432 546 2502 prophetae?
577 2433 662 2503 Quasi
691 2451 787 2493 omnes
810 2437 905 2494 videre
959 2435 1108 2508 fragrantia
1133 2450 1216 2507 super
1250 2433 1361 2490 odorem
1390 2437 1550 2488 aromatum.
1580 2424 1655 2501 Ergo
1683 2421 1753 2479 inter

107 2514 249 2582 soluerint,
264 2524 310 2572 aut
333 2516 413 2574 luerit
433 2519 550 2576 nmmum
583 2521 660 2579 tides.
684 2524 738 2582 Sed
759 2526 832 2582 enim
858 2522 906 2598 qui
959 2527 1016 2581 haee
1038 2523 1092 2582 lilia
1117 2538 1245 2596 sponsus,
1264 2532 1292 2578 et
1320 2520 1431 2577 omnino
1454 2533 1489 2575 ex
1508 2516 1550 2573 his
1568 2511 1709 2588 speciosus
1724 2519 1752 2568 et

105 2602 236 2667 uiderunt,
259 2614 304 2659 aut
317 2608 453 2682 prophetie
477 2606 597 2676 inerunt,
625 2622 671 2667 aut
693 2615 833 2685 prophetis
860 2631 905 2685 ap·
958 2613 1080 2684 pulcher.
1098 2611 1176 2671 Alias
1197 2611 1271 2667 enirn
1294 2609 1377 2682 (quod
1404 2606 1514 2681 quidum
1536 2604 1571 2660 ad
1595 2598 1685 2661 cornis
1707 2598 1751 2654 in-

103 2691 284 2762 quiescentes.
301 2693 333 2749 lit
355 2694 502 2752 credidisse
530 2698 612 2765 enirn,
643 2700 744 2759 uidisse
766 2716 818 2762 ast.
842 2706 904 2763 Non
958 2702 1035 2757 firma
1048 2702 1163 2773 spectat)
1178 2713 1233 2756 uon
1247 2705 1304 2755 erut
1319 2696 1343 2754 ei
1363 2693 1469 2768 species
1482 2707 1573 2767 neque
1587 2690 1669 2746 decor
1682 2688 1750 2761 (isa.

103 2782 186 2838 modo
204 2796 317 2855 namque
334 2783 381 2856 qui
404 2799 452 2856 per
472 2787 618 2859 prophetiae
644 2791 779 2864 spiritum,
801 2795 848 2851 sed
877 2807 905 2855 et
956 2805 1014 2858 uus,
1029 2789 1068 2862 1).

104 2870 151 2943 qui
161 2885 209 2941 per
219 2870 300 2928 fidem
310 2873 391 2941 ridet,
410 2873 433 2930 si
452 2874 513 2946 quis
522 2875 614 2948 ipsum
635 2895 744 2952 quoque
767 2882 838 2941 dicet
859 2885 901 2943 ui·
991 2882 1019 2935 5.
1035 2878 1140 2937 Bonum
1161 2885 1251 2934 sutem
1275 2875 1361 2932 lilium
1384 2873 1494 2943 veritas.
1509 2869 1625 2928 wld0f⁸
1639 2864 1751 2936 limbi·

104 2961 169 3018 dere
182 2959 210 3017 in
225 2961 331 3033 spiriru,
345 2962 413 3021 m'dui
426 2979 480 3020 non
493 2965 602 3022 videtur
615 2983 720 3026 errare.
916 2966 939 3047 c
953 2984 1045 3035 cuum,
1059 2968 1144 3024 odore
1167 2965 1350 3038 precipuum3
1369 2961 1487 3034 denique
1509 2959 1611 3017 candor
1630 2964 1671 3012 est
1684 2955 1752 3013 lucis

137 3053 164 3108 3.
178 3049 216 3105 lla
230 3065 297 3123 ergo
315 3053 388 3122 quod
402 3053 437 3108 ad
450 3052 698 3125 liiiadesnendore,
713 3068 742 3116 et
766 3058 904 3121 interliliu
956 3060 1076 3123 aeternse,
1091 3053 1221 3127 splendor
1247 3061 1274 3110 ιι
1305 3050 1392 3126 ligura
1412 3048 1572 3106 substantiae
1602 3044 1648 3101 Dei
1673 3045 1750 3117 (sap.

102 3139 174 3211 pasci
192 3138 320 3211 dignutus
344 3140 428 3198 estis
456 3143 504 3216 qui
529 3158 625 3201 omnes
648 3145 744 3216 pascit,
776 3147 904 3209 ᾱῑιιιιωῃ
956 3162 1007 3215 vn,
1022 3146 1079 3216 16).
1094 3142 1193 3200 lilium
1217 3141 1307 3214 plane,
1320 3138 1395 3211 quod
1416 3137 1451 3193 ad
1470 3136 1566 3194 noram
1582 3132 1752 3191 benedictio·

101 3227 167 3284 feeit
182 3227 269 3295 illum,
289 3229 515 3305 quianoopotuit
535 3241 598 3289 anto
613 3232 790 3309 diligiquam
813 3254 902 3313 agno-
956 3251 1019 3293 nem
1037 3242 1107 3289 terra
1131 3237 1223 3288 nostra
1246 3226 1382 3302 produxit,
1397 3235 1424 3283 et
1446 3224 1552 3299 pararit
1573 3232 1633 3279 ante
1656 3219 1751 3279 faeiem

102 3316 152 3376 sci.
168 3318 208 3374 10
227 3334 274 3389 per
287 3320 340 3375 hoc
361 3333 423 3376 cum
456 3319 491 3378 de
512 3319 692 3380 (1100101100
717 3332 758 3381 est
786 3327 901 3399 mentio,
955 3322 1075 3380 omnium
1098 3319 1272 3393 populorum,
1286 3317 1379 3374 lumen
1401 3314 1435 3371 ad
1459 3310 1650 3372 revelationem
1678 3326 1752 3384 gen-

101 3405 211 3476 pulchre
234 3413 261 3462 ct
275 3406 339 3462 illud
361 3419 539 3466 memoratum
566 3421 616 3476 est,
648 3412 720 3485 quod
748 3414 902 3477 dilectionis
957 3411 1022 3469 tium
1038 3413 1114 3483 (huc.
1130 3425 1161 3478 ιι,
1175 3411 1221 3477 31,
1237 3408 1294 3479 31).
1308 3408 1399 3465 Donec
1413 3406 1464 3461 sub
1476 3401 1622 3462 maledicto
1636 3398 1753 3458 luither-

101 3504 127 3550 et
157 3494 305 3566 uguitionis
322 3496 423 3553 exstitit
455 3513 547 3555 causa.
568 3498 719 3570 Querende
747 3503 777 3559 in
803 3506 902 3577 spiritu
954 3516 993 3567 ra,
1010 3499 1103 3574 spinas
1120 3507 1147 3555 et
1170 3496 1284 3556 tribulos
1307 3492 1475 3571 germinavit.
1490 3492 1527 3550 dt
1551 3507 1623 3548 nune
1645 3488 1753 3551 Veritas

102 3582 211 3640 reiectio
231 3580 297 3640 'heo
318 3582 389 3641 intor
411 3584 486 3641 lilia:
512 3603 575 3643 nsm
598 3603 756 3662 corpoream
778 3593 900 3667 ωςῑιιιι
953 3590 987 3647 de
1001 3598 1073 3647 terra
1087 3595 1148 3645 ertu
1160 3586 1327 3647 estDomino
1337 3584 1512 3641 benedicente
1527 3582 1617 3655 (Psoi.
1628 3595 1752 3648 cxxxiv,

102 3671 243 3728 ridiculum
260 3681 312 3728 est.
326 3669 397 3740 Quin
413 3675 473 3744 ipsa
490 3673 545 3731 lilia
571 3676 733 3748 spiritualis,
753 3680 900 3753 siquidem
956 3681 999 3743 11.
1016 3680 1060 3748 13,
1076 3680 1115 3750 u),
1131 3676 1270 3749 speciosus
1285 3674 1395 3730 omnino
1415 3670 1527 3744 quidam
1543 3668 1593 3725 llos
1606 3666 1706 3740 osmpi,
1724 3675 1753 3726 et

103 3760 278 3831 potuerimus,
292 3761 501 3818 demonstranda
527 3764 735 3824 anobiserunt.
752 3770 831 3841 Puto,
847 3771 900 3828 boe
953 3764 1041 3823 lilium
1060 3764 1233 3824 conscilium.
1248 3764 1375 3837 Agnosce
1398 3757 1485 3817 lilium
1509 3774 1545 3815 ex
1557 3755 1687 3825 candore,
1703 3757 1751 3828 qui

102 3863 213 3920 quoque
222 3847 311 3904 dicere
324 3862 373 3904 nos
382 3849 526 3921 oportebit,
538 3852 611 3909 unde
621 3851 690 3910 inter
704 3853 759 3911 lilia
772 3863 900 3930 poscatur
954 3870 1016 3913 ιιιοι
1028 3855 1059 3911 in
1071 3854 1131 3925 ipso
1145 3860 1241 3911 exortu
1259 3851 1339 3921 ¹lloris
1361 3847 1515 3921 posteribus
1538 3847 1572 3905 de
1586 3854 1664 3903 nocta
1678 3845 1750 3901 emi-

100 3937 227 4007 dilectus,
251 3936 350 3995 liliisne
374 3937 451 4009 ipsis,
474 3954 508 3994 an
529 3940 591 3997 aliie
617 3941 687 3999 inter
715 3942 771 3999 lilia
808 3960 899 4003 recen
952 3943 1016 4010 cuit,
1031 3943 1138 4001 dicente
1151 3940 1301 4016 Evangelio
1322 3939 1385 4012 quia
1407 3938 1526 4013 ueprius
1539 3936 1655 3995 Domini
1667 3936 1749 3995 stetit

101 4026 163 4081 ditis
181 4026 273 4083 herbis
286 4025 329 4085 sol
352 4026 487 4084 lloribnsi
500 4029 536 4086 Et
550 4028 577 4084 in
598 4028 641 4086 his
669 4029 734 4087 illud
748 4031 815 4087 mihi
830 4030 899 4088 diiii·
947 4034 1041 4104 jeeia
1053 4032 1129 4099 ilios,
1143 4036 1172 4090 si
1184 4031 1303 4091 otarius
1316 4031 1367 4091 uer·
1381 4027 1575 4099 circumfulsit
1590 4026 1655 4083 illos
1671 4024 1749 4096 [huc.

101 4116 178 4171 cilius
192 4127 314 4186 apparet,
329 4117 401 4190 quod
415 4119 500 4187 pasci,
517 4134 571 4175 uon
596 4133 708 4190 pascere
730 4121 898 4193 perhibetur.
954 4136 987 4192 tr,
1002 4120 1041 4194 9).
1054 4122 1127 4179 Bene
1147 4121 1208 4187 uei,
1223 4118 1288 4192 quia
1310 4134 1366 4175 nou
1389 4114 1490 4189 angeli,
1505 4116 1554 4175 sed
1577 4115 1624 4171 lilii
1638 4112 1749 4171 candor.

101 4205 250 4277 Numquis
268 4216 359 4277 pascat
373 4207 485 4264 dubium
509 4224 564 4264 nnn
591 4217 645 4275 est,
669 4224 719 4266 nec
744 4210 816 4267 enim
825 4210 898 4269 iudi·
915 4238 938 4320 ὓ
953 4210 1000 4269 llle
1013 4208 1119 4279 oderat,
1134 4210 1184 4266 sed
1201 4208 1269 4265 illud
1294 4207 1411 4267 micabat
1431 4208 1466 4263 ab
1484 4221 1572 4276 usque
1584 4201 1749 4260 Bethlehem.

101 4308 185 4367 gnum
207 4295 248 4350 ei:
263 4304 290 4351 ιι
315 4296 399 4368 pesei,
427 4295 605 4371 indigentiam
634 4305 723 4364 sonat,
751 4308 777 4355 et
797 4299 900 4370 nespi-
954 4298 1082 4371 Agnosce
1105 4297 1190 4354 libum
1211 4305 1294 4353 etex
1312 4295 1476 4366 odoreque
1500 4299 1527 4349 et
1549 4292 1631 4365 longe
1654 4289 1750 4365 positis

101 4383 231 4440 ritualiter
259 4383 368 4455 quidem
387 4383 446 4441 sine
472 4385 572 4456 injuria
593 4387 743 4459 maiestatis
760 4386 840 4445 lacile
858 4386 899 4444 illi
954 4387 1069 4446 innotuit
1096 4385 1194 4460 magis.
1223 4385 1256 4441 lit
1282 4383 1392 4458 quidem
1428 4379 1505 4438 stella
1533 4379 1673 4452 apparuit;
1703 4376 1752 4434 sed

100 4486 183 4544 posse
204 4471 337 4543 meiguod
374 4469 487 4529 uidetur.
517 4475 574 4531 Neo
605 4489 657 4548 epo
684 4492 749 4533 sanc
772 4480 900 4535 recordor
955 4474 1066 4535 1511
1079 4491 1139 4532 eem
1153 4473 1263 4531 minime
1276 4473 1327 4530 siri
1341 4487 1437 4548 praees
1450 4470 1538 4529 secuti
1554 4470 1681 4534 luissent,
1700 4468 1750 4526 nisi

102 4575 187 4632 rrsqrre
201 4558 282 4617 modo
299 4558 448 4616 advertisse
475 4576 519 4617 me
532 4561 559 4617 in
575 4562 629 4620 hoo
656 4562 760 4623 eunuco
792 4572 900 4637 pastum
954 4565 1048 4624 intima
1075 4564 1188 4637 quadam
1213 4560 1394 4619 suaveolentia
1417 4558 1471 4619 orti
1494 4558 1544 4615 lilii
1570 4559 1747 4614 traherentur.

102 4649 206 4719 uspiam
214 4647 360 4721 perhiberi,
389 4664 450 4705 curn
467 4660 635 4722 pascentem,
663 4660 742 4723 puto,
771 4655 900 4711 recorde·
954 4656 989 4713 111
1009 4670 1073 4711 vere
1095 4652 1182 4710 lilium
1209 4652 1410 4721 verites,cu1us
1438 4648 1507 4708 odor
1531 4649 1631 4704 enimet
1657 4646 1747 4713 tideus,

103 4738 166 4793 mini
181 4747 210 4794 et
237 4751 285 4794 ros
321 4752 436 4794 mecum.
459 4737 584 4811 Denique
611 4739 757 4811 postulauit
777 4740 900 4800 sibiali·
953 4741 1084 4816 splendor
1105 4740 1273 4801 intellestum
1293 4738 1435 4796 illruninat.
1451 4739 1522 4795 hera
1544 4736 1625 4793 etium
1653 4732 1748 4793 oeulos

100 4827 208 4899 quando
222 4826 411 4895 demonstrari,
428 4827 474 4883 uhi
491 4827 519 4882 in
539 4827 649 4886 moridie
666 4837 788 4901 pasceret
801 4839 828 4888 et
853 4847 899 4889 cu·
954 4830 1067 4890 nuncin
1082 4830 1168 4904 ipsam
1191 4843 1333 4903 personam
1349 4827 1469 4896 Domini,
1485 4825 1532 4899 qui
1553 4826 1583 4882 in
1597 4824 1748 4897 Evangelio

102 4917 178 4973 barat
195 4917 292 4989 (Cant.
309 4933 329 4984 ι,
352 4918 390 4989 6).
407 4918 441 4974 Ει
463 4933 535 4975 nuno
548 4918 667 4989 quidom,
695 4921 768 4992 quod
782 4921 899 4979 necdum
952 4921 1071 4996 loquitur
1089 4937 1097 4976 r
1122 4923 1176 4994 Epo
1195 4935 1261 4977 sum
1274 4920 1378 4979 uentus
1392 4919 1485 4992 (loun.
1502 4932 1560 4988 ιιι,
1575 4913 1612 4986 6).
1628 4914 1662 4970 lit
1683 4911 1748 4971 ride

102 5003 214 5073 dixerut,
230 5005 352 5076 perhibet
369 5009 455 5078 pneci,
476 5006 525 5062 sed
547 5023 602 5064 nou
629 5006 753 5067 similiter
781 5010 900 5081 postulat
953 5026 1034 5083 quarn
1055 5016 1241 5080 competenter
1262 5006 1361 5065 ueritas
1382 5005 1443 5065 lilio
1455 5011 1635 5077 comparetur.
1650 5001 1680 5059 si
1695 5017 1747 5058 non

102 5093 190 5149 locum
215 5093 330 5150 indicari
346 5094 416 5163 sibi;
445 5096 493 5152 sed
515 5097 573 5168 ipsa
604 5096 716 5163 indieat,
745 5096 898 5171 nsupnuns,
953 5097 1230 5167 adversemurtrerte
1250 5095 1389 5153 demedio
1407 5092 1482 5151 llorie
1506 5093 1589 5164 hujus
1603 5090 1680 5165 quasi
1695 5090 1750 5145 uir·

101 5183 178 5237 inter
198 5183 271 5240 litia.
287 5183 368 5240 Novit
394 5185 455 5253 hoe,
471 5183 538 5242 illud
553 5199 608 5243 non
622 5185 715 5257 nerit;
731 5186 794 5258 quia
821 5202 899 5259 aeque
953 5187 1029 5261 gulas
1055 5203 1152 5243 aurens
1177 5188 1400 5257 prosecuisset
1427 5185 1528 5241 cinctas
1555 5178 1749 5241 candidissimo

102 5279 200 5342 praesto
226 5287 355 5329 essenon
371 5280 459 5346 potest
474 5275 548 5347 quod
567 5274 694 5332 subtimes
707 5282 736 5332 et
753 5274 781 5331 in
789 5274 901 5333 sublimi
953 5274 1030 5343 llere,
1044 5274 1157 5348 pulchre
1171 5289 1204 5333 ae
1221 5274 1350 5333 decenter
1368 5271 1499 5346 disposite
1514 5269 1542 5328 in
1557 5284 1685 5328 coronam
1700 5275 1749 5335 :rt

101 5367 152 5427 est,
168 5367 196 5415 et
208 5362 280 5430 quod
297 5362 395 5419 humile
411 5372 438 5419 ct
452 5379 534 5435 super
548 5367 659 5422 terram.
671 5364 800 5422 Sublimo
816 5379 898 5436 opus,
952 5379 1070 5442 apnmee
1091 5377 1201 5420 sursum
1227 5362 1256 5419 in
1283 5361 1390 5419 Curium
1418 5359 1601 5429 divinitatem,
1625 5360 1749 5416 humanae

100 5447 226 5505 sublimis
239 5459 268 5505 ct
281 5449 356 5506 locus
370 5468 378 5508 a
394 5466 578 5510 ncescrccsus
591 5454 624 5510 sd
637 5470 699 5512 eum
709 5468 798 5527 usque
812 5452 899 5510 rdhuc
954 5461 1110 5511 ‹toronatsm
1124 5452 1241 5527 puritrts
1264 5461 1377 5521 natura,
1393 5451 1421 5509 id
1435 5458 1479 5509 est
1496 5449 1634 5509 Christum
1649 5449 1677 5505 in
1692 5448 1750 5505 dis-

104 5539 144 5594 sei
158 5537 211 5609 ipsi
220 5553 339 5613 sponse.
953 5545 1069 5617 demate,
1082 5559 1137 5617 quo
1149 5541 1289 5604 coronarit
1308 5557 1372 5601 enm
1386 5548 1473 5600 mater
1491 5554 1551 5599 sna.
1567 5540 1638 5600 Nam
1652 5537 1680 5596 in
1694 5551 1749 5611 quo
