3734 5948
177 229 246 290 itti
657 219 684 276 S.
704 216 875 277 catulam
893 214 1032 278 ARBATIS
1046 219 1360 281 GLle'd-i'bbltllNSlS
1760 224 1829 286 trba

175 358 242 423 titia,
268 351 399 425 sapientia
428 349 461 404 de
484 344 625 417 sapientia,
651 344 749 401 veritas
772 344 807 398 de
844 344 969 414 veritate,
985 348 1009 426 fl
1025 362 1041 400 a
1055 363 1153 419 magno
1168 361 1273 404 rectove
1288 347 1406 404 Verbum
1429 350 1517 412 cadat,
1541 350 1614 421 quad
1630 349 1668 406 sic
1686 351 1829 422 cautique

176 436 528 518 qnasidelumineiumen,
545 433 864 490 remuneraturum
881 448 970 488 rerum
1025 437 1116 504 babet,
1134 446 1162 492 ut
1176 436 1210 491 sit
1237 453 1296 508 quae
1325 437 1424 493 habeta
1441 439 1486 493 l'el
1504 437 1566 494 ideo
1584 451 1724 510 exparte,
1756 445 1849 501 nesi.

177 533 246 591 nihil
260 539 301 586 eat
315 528 415 592 anima,
431 525 560 597 quoniam
575 537 628 579 uon
643 530 686 578 est
704 521 804 596 imago.
820 523 867 578 Est
882 533 970 577 tamen
1025 531 1081 581 toto
1096 524 1254 595 privaretur,
1270 541 1324 581 non
1337 533 1491 597 superesset
1513 542 1575 598 spes
1589 527 1694 585 saluus.
1725 530 1829 586 Namsi

177 620 335 679 earumdem
358 632 452 687 capax,
478 622 661 686 appetensque
675 619 701 666 et
716 610 778 667 inde
801 609 924 666 fortassis
938 610 972 664 nd
1024 611 1131 669 desinat
1144 628 1241 685 taragna
1256 628 1324 684 esse,
1341 620 1368 668 et
1382 627 1476 685 capax.
1493 611 1600 688 Quippe
1615 616 1649 672 de
1660 618 1828 688 capacitate,

176 710 333 783 imaginem.
364 705 444 762 Celsa
475 709 609 766 creatura,
634 699 831 770 incapacitate
861 698 969 770 quidem
1025 711 1056 759 ut
1069 703 1134 770 dixi,
1147 701 1296 758 aestimatur
1308 704 1405 759 anbnae
1419 704 1668 780 magnitudo.de
1683 721 1754 766 raro
1768 724 1828 779 spe

177 797 334 869 majestatis,
353 795 379 850 in
394 792 547 867 appetentia
566 797 656 846 autem
681 788 848 845 rectitudinis
867 787 973 860 insigne
1025 806 1085 846 rare
1095 801 1198 861 posset,
1215 793 1293 861 cujus
1306 808 1390 863 capax
1405 807 1460 850 non
1474 792 1554 855 toret.

176 887 335 962 preferens.
360 884 489 956 Legimus
511 882 574 955 quia
599 880 674 934 Deus
692 877 832 934 bominem
868 885 972 934 rectum
1061 883 1085 936 t.
1100 882 1191 953 ltaque
1206 897 1254 954 per
1267 882 1490 954 magnitudinem,
1508 900 1587 956 quam
1604 893 1725 943 retentat
1751 888 1827 944 etiam

177 976 241 1033 iecit
255 976 357 1047 (decla
381 989 430 1041 tu,
446 971 501 1042 30),
528 970 603 1040 quod
627 976 654 1022 ct
675 982 802 1040 magnum
826 966 969 1037 capacitas,
1026 971 1130 1042 perdita
1158 971 1328 1038 rectitudine,
1357 972 1385 1027 in
1409 972 1528 1046 imagine
1555 974 1703 1045 pertransit
1735 976 1826 1043 homo,

176 1072 209 1121 'ut
222 1065 323 1120 dictum
338 1069 391 1130 est,
405 1060 512 1132 probat.
538 1057 653 1129 Oportet
673 1071 788 1127 namque
802 1054 829 1108 id
843 1053 915 1124 quod
940 1054 972 1106 ad
1025 1073 1080 1114 una
1091 1058 1168 1130 qnasi
1186 1058 1341 1115 claudicans
1362 1060 1443 1131 pede,
1476 1069 1504 1117 ει
1520 1059 1607 1117 iactus
1621 1061 1696 1117 bliua
1711 1064 1826 1119 alienus.

179 1154 326 1226 imaginem
349 1160 400 1218 est,
424 1166 485 1206 curn
509 1147 628 1220 imagine
651 1145 804 1210 convenire,
818 1152 845 1199 et
870 1158 923 1200 nan
947 1145 973 1198 ia
1027 1146 1066 1202 lie
1086 1147 1183 1204 talibus
1203 1147 1276 1204 enim
1294 1162 1357 1205 reor
1370 1147 1487 1206 dictum:
1514 1150 1582 1206 attat
1605 1153 1697 1208 atiani
1710 1155 1827 1210 mentiti

178 1259 292 1301 vacuum
307 1240 467 1313 participare
481 1252 582 1295 nomen
602 1233 737 1309 imaginis,
748 1233 973 1303 quemadmodum
1027 1237 1193 1305 cantaridi,
1208 1237 1265 1308 filii
1276 1237 1365 1295 alicui
1374 1238 1527 1295 inveterati
1540 1243 1622 1306 aaut,
1634 1245 1664 1298 et
1679 1241 1827 1298 ctartdr'aa·

178 1348 229 1388 nce
252 1331 344 1402 imago
366 1330 426 1399 ipsa
451 1329 510 1383 solo
535 1326 578 1381 tel
603 1339 688 1380 vacuo
711 1323 819 1379 nomine
844 1323 976 1379 vocitatur
1028 1329 1130 1381 aeratat
1145 1325 1352 1382 caecutientis
1380 1325 1468 1395 (Paul.
1483 1341 1554 1394 xvir,
1569 1328 1626 1398 ta).
1652 1327 1773 1384 rotome
1787 1346 1827 1400 ap

178 1423 280 1495 imago.
297 1419 385 1476 ilabes
399 1432 465 1475 vero
488 1417 523 1472 de
538 1429 571 1470 eo
586 1414 633 1485 qui
648 1414 739 1485 imago
760 1421 811 1477 est,
828 1413 891 1483 quia
910 1427 974 1467 cam
1028 1409 1120 1480 pellati
1133 1416 1197 1465 sunt
1211 1411 1267 1478 filii
1281 1410 1371 1465 altera
1380 1428 1389 1464 :
1404 1425 1465 1464 narn
1482 1410 1549 1479 filii,
1564 1415 1680 1481 propter
1695 1420 1826 1468 retentam

180 1509 383 1581 imperatori
397 1511 469 1562 earet
481 1501 851 1576 aaarapinamarbitratas
864 1505 974 1557 estesse
1028 1497 1253 1570 magnitudinem
1278 1499 1377 1563 alieni,
1405 1506 1515 1568 propter
1535 1498 1661 1554 amissam
1687 1501 1826 1558 rectitudi-

181 1613 210 1654 se
220 1599 361 1669 equalem
372 1599 424 1652 lien
440 1594 573 1664 (Philipp.
587 1606 618 1659 ιι,
633 1591 671 1662 6).
688 1589 737 1645 Ubi
752 1589 902 1660 tibiutique
915 1591 975 1658 ejus
1028 1601 1101 1641 nem.
1116 1588 1173 1641 Nee
1182 1587 1303 1658 dixisset,
1314 1586 1558 1659 claudicaverunt,
1567 1587 1635 1643 aad:
1652 1587 1826 1654 Corrnerunt,

179 1695 206 1743 et
219 1687 247 1741 in
269 1686 357 1740 tonna
371 1684 421 1739 Dei
435 1681 554 1737 innuitur
577 1680 718 1743 rectitudo,
740 1687 766 1732 et
781 1678 809 1732 in
824 1675 975 1748 equalitate
992 1686 1013 1763 g
1028 1683 1074 1730 aut
1083 1675 1223 1746 quidpiam
1236 1674 1336 1743 simile,
1348 1676 1371 1730 si
1384 1690 1418 1732 cx
1428 1683 1486 1731 toto
1500 1673 1629 1731 bomiuea
1645 1675 1734 1748 [atius
1744 1678 1827 1734 borni·

179 1777 308 1844 majestas
323 1796 329 1831 :
347 1780 377 1828 ut
400 1775 464 1828 dnm
478 1768 633 1826 rectitudini
657 1767 802 1833 rectitudo,
827 1776 853 1821 et
867 1765 973 1835 magni·
1029 1761 1082 1835 nis]
1096 1761 1240 1833 imaginem
1256 1762 1404 1819 exuissent.
1431 1764 1510 1820 Nunc
1522 1779 1587 1822 vero
1605 1766 1761 1822 secundnm
1775 1782 1827 1821 ma·

179 1866 245 1920 tudo
269 1860 445 1935 magnitudini
470 1869 651 1930 comparatur,
674 1864 854 1912 consonanter
867 1855 918 1909 sibi
934 1852 975 1907 al·
1028 1851 1198 1924 gnitudinem
1223 1850 1335 1924 quidem
1354 1851 1382 1906 in
1408 1852 1527 1926 imagine
1556 1854 1703 1926 pertransit
1730 1855 1826 1924 bomo;

180 1953 315 2008 trinsecus
339 1948 503 2020 respondere
527 1957 653 2017 appareat
676 1946 748 2016 quod
772 1943 806 1998 ad
830 1942 975 2017 imaginem
1027 1949 1155 2013 quantum
1183 1955 1248 1997 vero
1267 1940 1303 1995 ad
1328 1941 1530 2012 rectitudinem,
1555 1942 1638 1999 relati
1662 1943 1826 2007 ειιιιιιιεειιι,

180 2049 233 2105 eat,
249 2052 276 2095 et
290 2036 451 2110 imaginem3
468 2035 539 2090 sicut
553 2035 642 2105 imago
666 2047 776 2104 quoque
800 2030 976 2087 nibilominus
1030 2031 1204 2086 conturbatur
1219 2039 1246 2086 et
1263 2031 1420 2087 deturbatur
1434 2032 1469 2087 ab
1487 2032 1614 2106 imagine,
1639 2033 1783 2106 Scriptura
1795 2035 1827 2090 ita

181 2130 336 2200 inutraque
352 2124 501 2197 respondet
524 2122 562 2177 illi
584 2122 664 2191 cujus
690 2121 780 2193 imago
804 2128 853 2177 est.
871 2119 976 2191 Nempe
1031 2119 1152 2176 dicente:
1171 2122 1368 2177 Verumtamen
1381 2123 1714 2194 iaimapiaepertraasit
1728 2122 1827 2192 doato,-

182 2218 240 2289 ipse
255 2225 306 2281 est,
321 2217 354 2271 tle
368 2229 423 2287 quo
447 2221 569 2268 sanctum
585 2209 672 2266 Dauid
687 2209 802 2266 audistis
817 2211 844 2264 in
865 2208 977 2278 psalmis
1032 2209 1117 2266 sedet
1131 2212 1242 2280 [rastra
1264 2210 1466 2267 conturbatur.
1481 2211 1592 2268 Frustra
1605 2210 1731 2268 omnino:
1765 2229 1827 2267 nam

179 2310 330 2369 canentem,
346 2317 419 2357 nunc
441 2300 548 2373 quidem
567 2316 573 2352 :
593 2299 855 2370 ilagaasliomiaue
869 2300 976 2363 parter,
1031 2298 1168 2370 sequitur:
1189 2300 1382 2367 Tberaariaat,
1399 2305 1427 2357 et
1441 2303 1555 2374 ignorat
1578 2305 1628 2359 aui
1653 2302 1827 2374 congregabit

179 2397 322 2463 etmagaa
337 2391 498 2459 virtusejus
523 2388 611 2457 (Psai.
634 2402 727 2451 cxcvi,
744 2385 787 2456 5),
804 2401 875 2440 nuno
888 2398 952 2440 uero
969 2403 975 2438 z
1032 2389 1340 2459 attrectantium).
1357 2388 1535 2462 Curigncrat‚
1551 2391 1602 2445 nisi
1617 2390 1683 2462 quia
1695 2389 1826 2447 inclinans

180 2484 281 2539 diaetae
296 2481 431 2536 Dominae
445 2479 625 2534 Deasaostcr
635 2480 663 2531 at
674 2480 784 2531 nonest
799 2476 936 2548 iniquitas
947 2475 978 2528 ia
1032 2492 1062 2532 se
1072 2477 1106 2532 ad
1121 2478 1180 2532 hoee
1207 2476 1298 2533 infima
1313 2487 1339 2532 ct
1364 2485 1480 2546 terrena,
1508 2479 1671 2535 thezaurisat
1693 2479 1747 2535 sibi
1770 2487 1825 2535 ter·

180 2584 210 2625 ea
232 2568 319 2639 (Paal.
335 2580 394 2631 xci,
413 2567 467 2637 ra).
485 2566 524 2620 ab
539 2564 590 2619 isto
614 2571 688 2619 recto
702 2573 728 2620 ει
743 2565 911 2636 magnoDco
926 2565 976 2618 ba·
1031 2566 1111 2622 rami
1125 2567 1240 2624 Prorsus
1261 2568 1417 2639 ignaratde
1436 2567 1479 2623 bIs
1493 2584 1554 2639 qnae
1577 2576 1656 2624 terrae
1676 2568 1825 2633 committit,

180 2657 226 2712 bet
240 2658 332 2727 imago
347 2656 417 2724 ejus,
434 2661 463 2708 ut
478 2661 504 2710 et
521 2653 583 2725 ipsa
598 2658 683 2720 recta,
705 2659 732 2709 ει
745 2668 846 2723 magna
856 2654 891 2709 sit
906 2671 914 2709 r
929 2654 978 2707 ba·
1032 2658 1077 2712 cui
1106 2657 1282 2732 congregabit
1309 2672 1352 2725 ea,
1373 2656 1488 2714 tineaene
1517 2656 1682 2727 demolienti,
1712 2673 1749 2714 ιιι
1781 2657 1825 2713 iuri

181 2745 226 2800 bct
244 2743 345 2810 anima,
366 2757 425 2816 qnae
439 2741 474 2796 ad
489 2740 637 2813 imaginem
660 2749 710 2796 est.
1031 2743 1188 2811 eiicdienti;
1218 2745 1288 2799 hasti
1312 2743 1464 2818 deripienti,
1481 2761 1515 2800 an
1540 2746 1597 2821 igni
1621 2745 1774 2803 devoranti.
1800 2746 1825 2801 lit

217 2831 385 2887 aspidica
402 2829 533 2885 :Nihilne
557 2845 624 2902 ergo
650 2828 767 2901 amplius
788 2829 870 2885 babet
887 2831 977 2904 imago
1023 2832 1095 2889 inde
1108 2833 1207 2889 misero
1232 2832 1336 2889 bomini
1362 2833 1514 2890 incurvanti
1527 2850 1566 2906 se,
1579 2843 1606 2891 ει
1634 2834 1777 2892 incubanti
1793 2834 1826 2888 bis

146 2949 156 2966 ο
179 2923 215 2978 ab
229 2919 321 2976 anima
334 2934 396 2992 quae
412 2919 447 2974 ad
469 2917 617 2991 imaginem
636 2925 687 2985 est,
709 2918 773 2986 quia
792 2926 818 2973 ει
833 2917 895 2975 buia
919 2935 977 2974 ma·
1030 2936 1091 2993 quae
1104 2921 1132 2976 in
1147 2929 1218 2976 terra
1231 2926 1303 2988 sunt,
1318 2919 1419 2976 flebilia
1431 2937 1482 2978 vox
1497 2921 1542 2978 illa
1558 2923 1592 2978 de
1603 2923 1730 2994 psalmo:
1754 2923 1825 2980 aaa

179 3026 264 3082 gnum
287 3016 447 3081 rectumque
466 3006 665 3079 assignamus?
687 3005 719 3061 Et
732 3008 888 3077 plurimum.
914 3008 976 3064 llaec
1031 3012 1125 3082 saetas
1139 3025 1211 3076 sam,
1234 3011 1263 3066 et
1282 3014 1417 3064 curuatas
1430 3026 1496 3065 sum
1506 3026 1593 3082 usqae
1608 3013 1641 3066 in
1651 3011 1762 3082 finem:
1777 3015 1823 3067 tata

179 3100 214 3156 ad
232 3113 389 3154 mensuram
404 3095 518 3167 accepit,
535 3095 582 3150 illa
606 3095 640 3150 ad
655 3095 848 3166 aequalitatem.
864 3100 907 3152 an
922 3112 977 3151 uon
1030 3097 1074 3152 die
1102 3097 1289 3153 contristatas
1320 3096 1499 3168 ingrediebar
1513 3097 1599 3165 (Pani.
1616 3113 1734 3167 xxxvii,
1749 3100 1786 3172 ι).
1802 3097 1823 3151 ιι

179 3187 242 3261 plus
256 3186 333 3242 itaci
347 3186 466 3242 adverte
482 3193 508 3241 et
518 3183 601 3238 aliud.
612 3184 679 3239 Huic
689 3193 835 3257 utrumque
844 3193 890 3240 aut
901 3200 977 3241 crea·
1031 3185 1177 3255 semetipso
1191 3185 1324 3256 siquidem
1338 3184 1475 3256 experitur
1484 3184 1622 3242 tentatam
1636 3184 1719 3242 illius
1731 3196 1825 3243 aenim-

179 3276 227 3342 tio,
244 3282 291 3329 aut
310 3273 433 3345 dignatio
457 3272 587 3340 contulit;
608 3271 647 3328 illi
673 3274 824 3343 generatio.
845 3276 936 3342 Atque
950 3274 977 3328 id
1032 3274 1078 3329 tiae
1092 3273 1230 3346 Sapientis
1247 3275 1338 3330 :Data
1352 3275 1613 3331 rectamltamiaera
1623 3275 1710 3346 fecit,
1721 3277 1826 3351 ipseru-

178 3362 397 3436 magnilieentlus
422 3377 483 3417 esse
507 3376 563 3416 non
587 3360 700 3415 dubium
725 3370 776 3420 est.
798 3361 850 3418 Sed
867 3379 901 3418 ne
925 3362 978 3419 boc
1035 3365 1091 3417 ιειιι
1101 3376 1130 3419 aa
1139 3362 1287 3433 implicuit
1314 3362 1456 3419 doloribus
1479 3362 1759 3436 actualitatem,
1778 3365 1824 3432 tt).

179 3451 290 3523 quidem
304 3451 468 3506 eminentius
482 3465 545 3504 esse
569 3449 632 3521 quis
654 3452 764 3517 abnuat,
789 3452 861 3521 quod
876 3466 938 3506 cum
963 3467 979 3505 a
1032 3451 1069 3506 Et
1089 3450 1217 3506 continno
1244 3464 1297 3508 ιοι
1325 3450 1434 3507 ludibrii
1457 3450 1492 3505 ad
1520 3467 1602 3507 eum:
1629 3451 1784 3512 lacaraare
1799 3455 1826 3507 at

179 3540 239 3597 Dea
254 3539 328 3607 buia,
346 3537 384 3595 illi
399 3547 425 3594 et
439 3540 474 3595 de
487 3537 544 3593 Deo
560 3545 706 3609 utrumque
721 3539 765 3605 sit,
783 3537 809 3593 id
827 3547 869 3595 est
882 3539 916 3594 de
930 3539 980 3595 Dei
1037 3545 1222 3598 transeamus
1237 3542 1302 3611 (isa.
1319 3555 1355 3605 ιι,
1370 3542 1428 3610 23).

181 3629 344 3686 substantia.
357 3627 406 3683 Est
415 3629 490 3684 enim
499 3626 739 3683 consubstantialis
749 3626 807 3683 Deo
818 3627 910 3701 imago
920 3645 978 3697 sna,
1072 3631 1102 3686 5.
1120 3628 1172 3685 Sed
1188 3628 1261 3684 unde
1275 3627 1399 3684 venimus
1411 3629 1488 3685 buci
1503 3628 1607 3700 Nempe
1620 3627 1700 3699 iude,
1715 3629 1825 3687 cumda

180 3727 301 3777 etomne
315 3718 387 3790 quad
404 3717 492 3774 eidem
511 3713 621 3773 aaut
643 3732 699 3772 sum
719 3716 832 3790 imagini
848 3716 981 3788 impertiri
1036 3734 1097 3776 cere
1129 3718 1271 3785 vellemus,
1301 3725 1403 3774 rectum
1425 3733 1610 3790 magnumque
1636 3723 1704 3790 (quo
1727 3717 1827 3792 gemino

181 3807 298 3874 ridetur,
315 3807 447 3864 ambobus
468 3815 509 3862 est
532 3805 720 3875 substantiale,
737 3823 792 3862 non
806 3806 981 3863 accidentale.
1037 3807 1111 3864 bono
1147 3805 1337 3862 definieramus
1364 3807 1522 3878 imaginem)
1548 3822 1598 3864 nea
1619 3806 1648 3864 in
1667 3807 1760 3865 anima
1775 3822 1830 3864 cate

181 3895 281 3950 Adbuc
304 3910 386 3948 unum
411 3895 528 3960 attende,
555 3894 662 3967 inquo
692 3895 783 3970 imago
807 3911 862 3950 non
884 3911 982 3969 parum
1037 3911 1130 3966 unum,
1145 3912 1196 3953 nec
1223 3896 1399 3964 cumanima,
1416 3894 1643 3968 quemadmodum
1657 3893 1687 3951 in
1706 3894 1831 3953 reboet

182 3982 292 4040 eminet.
311 3983 436 4053 tlognum
452 3990 479 4037 et
493 3991 602 4037 rectum
615 3984 680 4054 (ista
703 3983 758 4040 duo
782 3992 880 4040 natura
894 4001 909 4038 a
922 4001 984 4042 sese
1037 4001 1098 4040 cum
1107 3985 1197 4042 Verbo
1212 4001 1245 4041 ea
1259 4001 1341 4040 unum
1355 3998 1417 4040 ease
1428 3983 1502 4039 iideli
1519 3998 1597 4058 eque
1611 3981 1762 4041 ιειειιίιιιιε
1783 3983 1828 4041 da

182 4072 341 4142 discrepare
356 4072 418 4143 qu'u
436 4069 542 4126 nesciat
562 4071 587 4141 i)
607 4072 636 4126 in
659 4072 778 4146 imagine
801 4090 887 4129 unum
909 4082 983 4134 sunt.
1037 4073 1152 4129 enimus.
1170 4075 1206 4130 Et
1218 4072 1252 4130 de
1267 4072 1435 4129 rectitudine
1450 4072 1557 4146 quidem
1571 4088 1603 4128 er
1625 4071 1669 4129 bis
1691 4071 1830 4146 quaediett

182 4162 277 4233 Ncqne
305 4160 358 4216 boc
379 4159 487 4216 solnm:
515 4175 599 4213 unum
624 4168 685 4214 sunt
705 4168 731 4214 et
761 4177 821 4216 cum
854 4162 982 4235 imagine.
1037 4169 1110 4226 sunt,
1130 4161 1217 4234 liquet
1230 4161 1302 4234 quod
1325 4160 1430 4218 diversa
1444 4168 1472 4216 et
1498 4161 1648 4218 abaciam
1675 4161 1722 4232 sit,
1740 4170 1770 4220 et
1801 4160 1831 4218 ab

184 4250 298 4322 imagini
320 4249 392 4305 enim
412 4264 468 4304 non
481 4248 565 4303 modo
580 4249 609 4303 id
627 4256 735 4305 rectum
760 4257 801 4303 est
816 4265 887 4318 esse,
910 4251 981 4322 quod
1038 4251 1134 4306 auimae
1148 4247 1345 4323 magnitudine:
1371 4248 1591 4323 qnandoquidem
1618 4263 1652 4307 ει
1678 4260 1764 4308 ειιιιιι
1785 4266 1832 4307 ιιι

184 4354 313 4411 magnmu
340 4355 410 4405 esse,
439 4336 583 4393 sedetiam
608 4337 634 4392 id
669 4352 796 4411 magnum
825 4325 983 4411 rectumque
998 4346 1022 4422 ῃ
1038 4341 1181 4407 existente,
1203 4347 1229 4394 ει
1257 4338 1349 4394 ειιίιιιι
1374 4349 1473 4411 manet,
1489 4347 1516 4397 et
1531 4354 1636 4415 magna.
1655 4339 1764 4398 Verum
1780 4356 1831 4396 rat·

182 4443 254 4494 esse,
279 4428 349 4497 quod
377 4443 448 4484 esse.
473 4425 580 4482 ,anima
603 4442 659 4483 non
687 4426 735 4482 ita.
763 4426 796 4483 lit
824 4427 982 4498 magnitudo
1037 4427 1182 4500 gnitudinis
1223 4426 1373 4501 animaeque
1400 4428 1543 4485 diversitas
1566 4428 1638 4485 unde
1667 4429 1832 4486 docebitur?

183 4517 255 4587 eius,
270 4524 297 4570 et
312 4515 444 4572 rectitudo
468 4515 552 4586 ipsius
575 4516 689 4572 diversae
703 4515 738 4570 ab
758 4531 800 4583 ea,
816 4515 930 4573 uiversae
950 4519 983 4572 ab
1039 4517 1102 4573 Non
1118 4517 1193 4573 enim
1207 4517 1272 4574 inde
1291 4526 1393 4587 potest,
1409 4517 1481 4572 unde
1504 4516 1674 4574 rectitudinis
1687 4519 1832 4591 miraeque

184 4603 301 4659 invicem
317 4612 389 4658 sunt.
411 4604 439 4660 Si
465 4604 548 4673 enim,
574 4613 603 4658 ut
623 4620 708 4676 supra
732 4605 824 4672 docui,
846 4621 879 4659 eo
894 4607 984 4661 anima
1039 4612 1189 4662 monstrata
1202 4612 1252 4674 est,
1268 4621 1397 4662 cumnon
1412 4606 1481 4662 sicut
1496 4605 1667 4672 rectitudine,
1682 4606 1723 4663 ita
1742 4615 1829 4664 etm-

185 4709 285 4767 magna
308 4704 359 4760 est,
376 4709 429 4763 quo
455 4708 542 4764 capax
566 4702 796 4764 aeternorumgeo
816 4703 900 4760 recta,
930 4709 984 4766 quo
1039 4693 1240 4767 gnitudiuesua
1256 4693 1353 4763 pritari
1368 4693 1457 4747 anima
1480 4691 1575 4762 possit.
1592 4691 1656 4748 Non
1673 4701 1720 4749 eat
1751 4700 1827 4752 tm

186 4788 320 4856 appetens
335 4798 539 4853 supernarum:
565 4798 626 4853 quie
640 4798 695 4837 nou
720 4781 817 4854 quaerit
839 4798 891 4840 nec
914 4783 985 4854 sapit
1038 4798 1089 4838 sua
1104 4782 1261 4854 magnitudo
1280 4781 1380 4837 anima.
1399 4781 1467 4836 Nam
1481 4780 1533 4836 etsi
1545 4781 1633 4835 anima
1648 4796 1706 4837 uon
1731 4783 1824 4840 inved-

185 4886 247 4943 quae
262 4886 372 4927 sursum
388 4879 460 4939 sunt,
477 4871 692 4942 sedquresuper
707 4878 818 4937 terram,
834 4887 889 4927 non
903 4872 985 4943 plane
1039 4880 1082 4927 tur
1111 4873 1211 4943 absque
1238 4868 1421 4943 magnitudine
1446 4885 1505 4936 ana,
1522 4869 1581 4941 ipsa
1599 4876 1693 4926 ιειιιειι
1708 4880 1739 4928 et
1768 4879 1824 4930 eati

184 4968 226 5016 cat
250 4969 334 5027 recta,
354 4959 409 5016 sed
431 4975 525 5025 curta,
550 4974 612 5015 cum
637 4966 729 5015 tamen
752 4975 800 5030 pro
826 4958 985 5029 bitiusmodi
1038 4958 1152 5014 animam
1185 4960 1324 5029 reperitur.
1353 4957 1457 5027 Quum
1483 4957 1547 5012 ubii
1579 4957 1610 5013 ln
1637 4960 1764 5032 angelis.
1779 4957 1823 5016 lna

184 5063 287 5125 magna
301 5066 363 5106 esse
377 5065 432 5106 non
446 5048 560 5117 desinat,
587 5063 699 5104 manens
723 5046 817 5119 utique
841 5047 924 5105 etiam
946 5050 985 5106 sic
1037 5047 1137 5119 quippe
1155 5046 1245 5120 magni
1259 5055 1321 5103 snut
1334 5046 1432 5120 angeli,
1458 5047 1529 5103 unde
1555 5045 1655 5103 animae
1679 5045 1824 5126 magnitait

185 5138 343 5196 aternitatis
358 5153 453 5210 capax.
471 5138 564 5211 Neque
584 5137 655 5194 onim
675 5136 748 5193 illius
768 5137 915 5209 aliquando
930 5155 985 5196 non
1038 5136 1239 5207 comprobatur,
1255 5151 1287 5192 err
1302 5145 1383 5208 captu
1395 5135 1523 5192 uidelicet
1537 5134 1711 5193 aternitatis.
1727 5131 1826 5208 Qodti

185 5243 276 5299 capax
291 5227 353 5297 erit,
375 5227 482 5287 etiamsi
505 5243 646 5299 nunquam
661 5226 773 5298 capiens
794 5225 886 5294 inerit,
911 5236 941 5284 ut
951 5229 984 5298 si,
1038 5242 1072 5283 eo
1087 5227 1208 5284 constitit
1234 5229 1351 5282 animam
1365 5226 1519 5297 discrepare
1542 5227 1685 5282 tracuus
1696 5226 1749 5286 iae
1783 5241 1826 5286 att.

184 5316 532 5390 quomodoscriptumest:
551 5318 747 5376 Verumtamen
758 5318 789 5373 ia
799 5318 987 5390 imapiaeper·
1039 5317 1112 5388 quod
1135 5332 1167 5371 ea
1185 5330 1278 5372 carere
1297 5315 1395 5385 pressit:
1412 5315 1508 5387 quidni
1539 5328 1618 5386 equa
1637 5313 1756 5388 ligneas
1781 5327 1826 5372 ent

186 5408 291 5462 transit
304 5406 480 5478 boawiPsai.
503 5421 628 5474 xxxviii,
644 5406 691 5479 7);
703 5422 736 5463 ex
751 5414 828 5478 parte
843 5415 941 5474 tamen,
957 5414 986 5461 ut
1041 5404 1175 5462 diversam
1191 5412 1246 5458 eta
1263 5419 1310 5457 sun
1323 5402 1515 5475 magnitudine,
1532 5417 1613 5474 quam
1628 5402 1683 5459 sibi
1704 5405 1825 5480 proprian

183 5492 985 5568 eminentiaVerbiappareatdeipsaiutegritate.Quoenim
1039 5492 1179 5551 uindicare
1193 5510 1245 5550 noo
1264 5491 1374 5565 possiti
1394 5493 1462 5550 Cum
1476 5495 1628 5567 iuqueaec
1642 5490 1693 5551 itta
1714 5495 1746 5554 in
1759 5490 1824 5555 aaut
