3734 5948
165 223 221 293 m
645 217 1340 290 s.ssutttutsnssttsuutnnt·vntuunsts
1765 228 1819 292 aas

166 359 243 433 eifob
256 357 310 414 hcc
327 355 451 422 tutcjam
469 349 717 408 administreturad
735 349 840 407 laudem
858 356 886 406 et
900 348 963 422 glo·
978 360 1004 439 ⁸
1018 348 1171 422 randasquc
1202 348 1230 406 in
1262 366 1345 409 manu
1378 356 1500 428 ipsorum
1534 357 1614 429 dirigi
1646 356 1819 427 efficientias,

168 448 235 504 riam
248 441 355 501 Domini
378 439 463 497 nostri
486 439 551 495 lesu
571 437 682 504 christi,
702 437 749 509 qui
768 453 829 495 cum
845 440 921 496 Patre
935 444 964 493 et
1054 439 1080 492 3.
1096 437 1147 494 Sed
1163 449 1190 496 et
1203 439 1240 496 illi
1254 441 1375 513 spiritus,
1398 445 1445 515 qui
1467 453 1611 517 potetates
1627 447 1815 515 nominantur,

169 535 272 607 Spiritu
284 538 378 589 sanem
393 528 457 586 tivit
473 537 499 585 et
512 536 606 602 regnat
625 529 700 586 Deus
713 527 741 585 in
760 529 860 586 secula
875 542 962 584 saecu·
1017 521 1082 579 dum
1106 526 1231 584 (lmcifixi
1255 531 1340 587 nostri
1364 532 1481 591 divinam
1501 536 1725 606 omnipotentiam
1753 537 1817 593 ubi·

168 624 266 680 lorum.
280 620 378 677 brnen.
460 688 464 695 Α
1017 630 1069 686 que
1097 615 1201 674 fortiter
1233 620 1411 694 attingentem
1443 623 1541 680 intueri
1573 641 1605 681 ae
1636 626 1817 700 magnificare

460 722 578 781 sssppqo
604 723 669 780 xlx
1017 703 1194 774 delectantur,
1210 710 1354 767 exturbare
1367 711 1504 770 debellare
1518 721 1546 768 et
1560 715 1717 771 demonum
1730 716 1817 772 homi·

168 837 330 899 mactare,
342 831 432 902 modo,
447 847 480 888 oc
493 829 715 904 proprietatibus
727 833 831 889 umoris
841 826 964 903 eupolini
1018 807 1139 893 ΨΜ
1165 799 1315 900 ⁰⁰F¹f⁸¹i³⁸
1343 808 1503 902 &ime-⁸2·
1524 817 1572 872 Pf⁰
1595 804 1637 859 ¹¹5⁸
1659 803 1709 877 qni
1728 806 1817 861 ΜΝ·

204 920 269 978 erqn
288 906 387 969 Deum,
403 905 495 975 juata
516 902 644 975 sinqalos
666 902 832 973 nunciorum
849 900 962 959 ordines
1017 880 1126 938 ‘¹¹¹⁸i0m
1152 893 1262 957 “Plini
1287 887 1391 952 lilim&
1420 899 1555 964 ²⁰0¹P¹¹¹⁰²
1582 899 1754 963 Ρθῑθθῑιῑθῦὶι
1784 893 1819 951 Εῑ

203 976 329 1033 disserit.
1017 969 1046 1026 hi
1058 985 1148 1028 noune
1158 971 1339 1042 justissimam
1354 976 1588 1045 babenteansam,
1600 989 1630 1036 ut
1639 979 1755 1055 diligant
1766 982 1819 1039 Do·

206 1069 233 1123 i.
250 1063 346 1122 Adhuc
365 1077 463 1133 sponse
484 1059 615 1118 amatoria
629 1058 758 1131 loquitur,
773 1059 861 1116 adbuc
873 1059 964 1133 pergit
1017 1058 1120 1116 minum
1133 1062 1246 1119 desumi
1261 1065 1330 1120 Sunt
1343 1075 1371 1122 et
1390 1082 1471 1138 snper
1493 1069 1563 1124 istos
1581 1068 1756 1142 principatus,
1773 1074 1818 1145 qui

169 1152 285 1225 amplius
306 1149 436 1224 prosequi
451 1149 546 1207 laudes
569 1146 677 1221 sponai;
693 1154 723 1205 et
735 1149 849 1219 qratiam
868 1164 964 1220 provo·
1017 1146 1105 1219 ipsum
1120 1149 1203 1207 altius
1216 1153 1400 1224 mentientes,
1412 1161 1438 1211 et
1452 1154 1556 1228 liquido
1570 1157 1745 1223 pervidentes
1758 1162 1818 1216 nni-

168 1249 221 1307 cnt,
240 1241 304 1298 dunt
332 1247 465 1297 monstrat
485 1254 556 1308 eunt,
584 1253 665 1310 quam
691 1237 747 1308 J‘am
761 1248 910 1309 acceperat,
935 1237 964 1295 in
1017 1237 1153 1294 versitatis
1162 1254 1222 1295 esse
1238 1240 1412 1314 principium,
1428 1252 1456 1298 et
1473 1242 1685 1315 primogenitum
1705 1245 1819 1306 taes

168 1345 199 1387 ae
210 1344 324 1389 escuem
338 1343 394 1386 non
408 1327 503 1384 luisse.
517 1326 587 1383 Audi
602 1326 702 1385 etenim
721 1325 789 1399 quid
806 1337 897 1383 secuta
911 1326 963 1383 ad÷
1017 1326 1106 1384 omnis
1119 1335 1257 1396 creaturae,
1274 1339 1346 1387 tanta
1370 1330 1485 1402 proinde
1503 1332 1671 1405 principatus
1684 1335 1820 1409 dignitate

167 1419 449 1494 tungttzsropterea,
459 1414 555 1488 inquit,
568 1415 786 1474 umbrositate
795 1415 963 1474 dilcncmtnl
1017 1415 1160 1484 donantur,
1183 1426 1214 1474 ut
1237 1416 1338 1492 ubique
1361 1427 1494 1477 terrarum
1508 1421 1630 1480 habeant
1644 1431 1818 1495 potestatem,

171 1511 198 1565 ie
216 1509 304 1565 ιιίιηίι
317 1506 414 1573 (Cant.
428 1521 449 1571 r,
466 1504 502 1577 2).
516 1504 601 1574 Quasi
614 1504 687 1561 dicat
703 1521 709 1559 :
725 1505 785 1561 Non
799 1505 899 1561 irustra
914 1520 965 1560 nec
1018 1504 1097 1575 quasi
1123 1504 1285 1562 desummo
1313 1509 1430 1579 quodam
1459 1525 1550 1566 rerum
1574 1510 1694 1575 cardine,
1722 1527 1819 1585 regua,

169 1597 285 1654 inaniter
299 1610 398 1653 nomen
417 1603 493 1652 tunm
515 1593 680 1651 exinanitum
694 1603 777 1660 esto
799 1609 907 1666 sponse,
923 1602 964 1650 at-
1017 1599 1045 1648 et
1072 1593 1247 1665 principatus,
1276 1606 1303 1651 et
1330 1597 1467 1669 quaslibet
1496 1615 1546 1670 pro
1573 1599 1684 1656 arbitrio
1714 1607 1820 1660 mutare

169 1699 222 1759 que
239 1683 357 1742 eliusunr
379 1683 408 1739 in
428 1682 511 1738 ubera
530 1697 607 1752 mea3
637 1689 777 1752 propterea
800 1681 874 1738 euim
901 1681 967 1739 adu·
987 1686 1046 1765 flet
1072 1680 1197 1738 ordinare
1224 1683 1397 1756 dignitates3
1433 1703 1481 1757 pro
1514 1702 1685 1760 quorumque
1715 1688 1820 1746 meritis

169 1773 325 1832 lescentulae
343 1771 495 1828 dilexerunt
513 1780 540 1826 te
553 1771 643 1827 nimis.
661 1771 773 1843 Propter
787 1769 877 1844 qnidi
900 1773 967 1828 Pro-
1020 1770 1107 1826 iacere
1132 1769 1234 1839 primos
1263 1773 1434 1841 notissimos,
1458 1784 1487 1832 et
1509 1775 1672 1834 novissimos
1698 1777 1820 1850 primosa

170 1870 230 1936 pter
243 1876 340 1919 nomeu
350 1859 478 1924 eibrsnm.
493 1867 520 1916 et
530 1865 639 1931 propter
653 1858 738 1914 ubera
748 1874 781 1915 ex
796 1873 830 1916 eo
845 1846 965 1930 perfusa.
1020 1857 1155 1929 deponere
1179 1866 1301 1930 potentcs
1323 1861 1358 1918 de
1381 1864 1456 1936 sede,
1471 1871 1498 1920 et
1512 1864 1629 1922 exaltare
1644 1866 1771 1923 humiles.
1787 1869 1820 1925 lit

170 1951 236 2007 lnde
250 1949 350 2022 quippe
374 1948 495 2006 excitatae
517 1957 581 2005 sunt
600 1947 629 2003 in
643 1963 763 2004 amorem
784 1948 887 2020 sponsi,
903 1948 966 2006 inde
1021 1947 1079 2004 baec
1087 1946 1146 2002 istis
1159 1964 1267 2019 quoque
1276 1952 1343 2007 ratio
1352 1951 1493 2027 diligendi.
1505 1953 1558 2010 Sed
1570 1953 1688 2026 diligunt
1700 1967 1728 2010 et
1736 1956 1821 2013 domi·

170 2048 345 2113 sumpserunt
377 2047 408 2094 ut
429 2037 554 2114 diligent.
583 2035 688 2109 Sponsa
717 2035 834 2094 inlusum
869 2054 967 2095 munus
1021 2034 1152 2091 nationes.
1168 2035 1243 2092 Curi
1266 2038 1359 2095 nescio
1383 2040 1450 2112 quid
1471 2041 1597 2099 subtilius
1620 2041 1819 2121 sublimiusque

170 2126 332 2199 excipiente,
347 2125 399 2182 illae
409 2141 471 2183 mor
485 2141 596 2182 sensere
609 2124 795 2197 fragrantiam,
810 2142 872 2199 quae
886 2127 968 2202 longe
1020 2124 1150 2196 indagare
1162 2124 1197 2180 de
1209 2125 1308 2183 Christi
1325 2126 1518 2186 interminabili
1541 2138 1622 2202 atque
1636 2130 1819 2205 irrefragabili

172 2223 285 2273 amatre
301 2213 411 2270 minime
430 2229 490 2269 esse
514 2219 652 2283 poterant;
671 2220 753 2286 atque
776 2213 822 2268 illa
837 2213 967 2271 suavitate
1020 2212 1172 2278 dominatu,
1189 2212 1314 2270 laudabili
1323 2216 1441 2286 quadam
1450 2219 1663 2291 presumptione
1675 2220 1818 2279 feruntur:

172 2304 283 2377 repletae
291 2302 402 2360 diurnt:
416 2302 606 2361 clamasunt
618 2301 783 2374 diffament
796 2303 829 2361 in
841 2304 968 2362 cordibae
1022 2302 1094 2370 quod
1109 2300 1211 2358 scilicet
1225 2301 1327 2375 ubique
1341 2303 1523 2362 uniuersitatis
1537 2323 1593 2363 non
1609 2306 1696 2364 solum
1711 2317 1818 2380 potens,

170 2394 275 2453 nostris
284 2409 336 2465 per
351 2393 494 2464 Spiritum
506 2395 649 2461 sanctam,
669 2394 720 2465 qui
734 2392 819 2450 destas
833 2397 875 2450 est
889 2392 967 2450 nolis
1021 2390 1070 2446 sed
1094 2397 1122 2447 et
1143 2405 1275 2461 presens,
1290 2408 1373 2464 supra
1397 2393 1520 2467 infraque
1533 2396 1649 2469 obsequi
1663 2396 1819 2454 rectissimas

172 2485 264 2556 (stom.
279 2498 308 2546 v,
323 2481 362 2552 5).
372 2482 447 2554 Ergo
461 2480 580 2551 ipsarum
592 2479 763 2538 servationem
778 2497 880 2554 sponsa
893 2497 968 2540 eom-
1021 2476 1152 2535 voluntati
1176 2494 1234 2534 ause
1259 2495 1356 2537 cursus
1381 2491 1544 2553 temporum,
1560 2493 1649 2540 motus
1662 2497 1817 2555 corporum,

173 2571 303 2628 mandans
330 2586 337 2627 :
366 2570 426 2636 llio,
454 2567 553 2642 iuquit,
573 2569 687 2638 iructus,
710 2586 727 2626 o
753 2587 864 2643 sponsa,
888 2570 968 2627 eiiusi
1022 2573 1103 2622 nutus
1123 2566 1264 2637 mentium,
1289 2569 1386 2625 ordine
1406 2570 1498 2643 utique
1521 2570 1702 2640 pulcherrimo
1724 2581 1817 2644 cogat3

173 2655 292 2716 nominis
313 2659 364 2725 tui,
388 2658 462 2729 quod
477 2664 621 2730 propterea
637 2657 846 2716 adolescentulae
869 2659 969 2717 dilette-
1021 2654 1103 2727 idque
1116 2669 1180 2711 curt
1193 2663 1247 2713 tam
1261 2654 1348 2731 vigili,
1363 2667 1394 2715 ut
1407 2675 1441 2714 ne
1455 2667 1556 2731 puncto
1571 2659 1679 2730 quidem
1694 2668 1742 2716 aut
1755 2660 1817 2725 iota,

173 2756 237 2804 runt
250 2753 287 2802 te.
306 2743 429 2802 liliosum
448 2745 579 2818 siquidem
593 2745 724 2814 sentiunt,
739 2748 811 2822 qnod
832 2747 967 2820 integrum
1022 2742 1079 2811 uni,
1096 2751 1125 2799 ut
1138 2742 1247 2810 dicitur,
1263 2746 1362 2802 horum
1380 2748 1503 2804 omnium
1525 2747 1646 2803 debitum
1661 2749 1818 2805 subtrahere

174 2849 274 2910 capere
286 2849 341 2892 uun
359 2833 504 2906 valebant3
523 2842 666 2908 propterea
681 2836 832 2893 dilexerunt
844 2847 881 2894 te.
898 2836 970 2894 tiua-
1023 2831 1181 2890 iamulatum
1195 2835 1329 2891 ullatenus
1350 2836 1443 2906 liceat3
1460 2849 1543 2908 opera
1566 2844 1721 2893 tumentem
1737 2836 1819 2904 iacili,

173 2923 215 2982 sie
241 2923 343 2997 quippo
370 2938 468 2980 nomen
499 2920 562 2980 iacit
587 2923 718 2994 capabile,
746 2933 842 2998 captus
874 2924 968 2997 lolius,
1023 2929 1053 2978 ut
1076 2921 1253 2978 turbationem
1277 2939 1326 2979 seu
1348 2924 1511 2981 anxietatem
1531 2924 1615 2980 ullam
1639 2924 1752 2981 omnino
1766 2942 1819 3000 qu-

172 3012 290 3086 crptutn]
328 3008 455 3078 amabile,
497 3011 545 3068 sod
583 3011 791 3071 adolescentulis
831 3013 968 3070 curarat.
1023 3009 1149 3065 bernator
1171 3023 1224 3064 non
1247 3010 1353 3065 sentiat.
1379 3011 1515 3066 lntuentes
1528 3026 1595 3084 ergo
1614 3012 1761 3069 hominnm
1777 3028 1822 3068 sa-

171 3100 226 3170 Qni
251 3099 407 3173 capaciores
430 3111 495 3158 suut
512 3100 619 3173 integro
641 3100 772 3173 gaudem,
797 3099 884 3158 eiiuso
915 3117 970 3158 non
1024 3098 1107 3155 baoth
1122 3105 1194 3152 tanta
1207 3113 1268 3152 cum
1282 3097 1462 3170 tranquilitate
1476 3099 1567 3154 otnuia
1580 3100 1760 3170 judicantem,
1777 3101 1821 3158 in·

173 3188 304 3264 indigent.
1024 3184 1183 3242 tentissime
1205 3185 1423 3256 saevissimeque
1445 3184 1685 3255 contemplationis
1708 3198 1824 3258 stupore

207 3280 236 3359 i.
265 3277 396 3350 angelica
422 3286 544 3332 creatura
575 3276 761 3348 irrepercussa
788 3279 887 3334 mentis
914 3278 971 3333 acie
1025 3272 1119 3344 nimiu,
1142 3273 1188 3329 sed
1203 3283 1311 3330 senseto
1334 3273 1404 3344 rapti
1428 3273 1457 3330 iu
1475 3272 1540 3328 illud
1564 3271 1661 3328 diuinae
1690 3272 1824 3334 claritatis

173 3365 297 3420 intuetur
323 3362 475 3420 divinorum
494 3363 662 3433 iudiciorum
689 3365 819 3433 abyssum
847 3365 969 3431 multum,
1023 3368 1077 3416 tam
1104 3360 1201 3434 ingens
1227 3360 1351 3435 pelagas,
1381 3359 1513 3433 recipiunt
1540 3375 1600 3415 sese
1628 3360 1655 3415 in
1682 3364 1823 3423 secretiori

174 3465 288 3524 morunt
320 3465 432 3507 summae
464 3450 600 3522 aequitatis
632 3449 763 3507 ineiittbili
791 3450 970 3508 delectatione
1024 3448 1140 3522 quodam
1155 3449 1231 3506 miras
1245 3448 1443 3521 tranquillitatis
1458 3464 1575 3518 recessu,
1590 3447 1636 3504 ubi
1659 3458 1732 3504 tanta
1758 3469 1822 3523 paee

173 3539 262 3605 beru,
285 3537 415 3611 gloriatur
437 3537 547 3604 iusuper
564 3537 674 3593 ellectni
698 3553 729 3593 oa
753 3537 900 3610 mancipari
924 3555 971 3609 per
1024 3553 1056 3595 ac
1078 3539 1220 3595 securitate
1240 3538 1376 3605 fruuntur,
1400 3548 1431 3595 ut
1453 3537 1656 3608 quiescentibus
1678 3537 1759 3607 ipsis,
1775 3555 1821 3611 pro

174 3643 254 3685 suunt
277 3625 466 3692 ministerium,
488 3641 520 3683 ac
544 3626 634 3699 palam
656 3627 738 3698 lieri3
770 3635 797 3684 et
827 3635 971 3699 propterea
1025 3628 1180 3683 reverentia
1201 3627 1401 3699 praerogativae,
1424 3633 1551 3697 tanquam
1575 3640 1637 3681 nere
1655 3625 1817 3684 dominana-

174 3715 265 3789 diligit
289 3715 386 3772 meritc
406 3714 551 3771 Dominum
574 3714 721 3770 Christum.
748 3716 846 3773 Nonne
863 3731 969 3781 omnes,
1026 3715 1107 3770 nibus
1121 3716 1276 3771 ministrare
1300 3724 1329 3770 et
1352 3713 1466 3770 militare
1483 3713 1604 3770 uideatur
1619 3720 1716 3770 caetera
1730 3716 1814 3772 mubi-

174 3805 223 3872 ait,
234 3803 472 3862 administratorii
483 3804 605 3877 spiritate
613 3807 692 3870 suni,
708 3806 790 3862 missi
799 3807 831 3861 t'n
840 3807 971 3863 ministe-
1027 3803 1101 3860 tudo.
1260 3805 1263 3814 ¹

176 3898 253 3952 mum
262 3899 377 3967 prepter
391 3909 436 3950 eos
450 3897 497 3969 qst'
509 3893 972 3967 hereditatamcopt'anttsulntt's?
1063 3893 1088 3946 t.
1105 3892 1135 3946 ln
1149 3889 1252 3947 thronis
1267 3889 1343 3944 sodet
1356 3890 1439 3945 Deus.
1457 3889 1489 3944 lit
1503 3898 1570 3962 puto
1585 3890 1658 3960 quod
1682 3890 1725 3946 his
1740 3890 1821 3964 spiri-

176 3983 268 4055 (llehr.
293 3999 312 4051 r,
330 3983 388 4053 il.)
403 3984 486 4040 Porro
504 3984 683 4055 archangelos
696 3985 738 4055 (ut
758 3983 797 4039 eis
811 3982 909 4054 aliquid
924 3982 973 4039 dii·
1028 3981 1202 4049 tibussupra
1224 3977 1384 4049 omnesqui
1408 3979 1547 4034 memorati
1576 3987 1648 4047 sunt,
1675 3987 1701 4033 et
1728 3978 1824 4049 justior

176 4070 310 4129 terentius
336 4072 371 4128 ah
396 4072 447 4140 bis,
473 4071 519 4143 qai
542 4070 700 4145 simpliciter
723 4071 813 4144 anqeli
835 4078 908 4143 sunt,
931 4072 975 4128 tri·
1028 4082 1119 4132 mnan,
1145 4075 1171 4122 et
1194 4066 1330 4136 copiosior
1356 4064 1393 4120 ait
1418 4066 1530 4121 materia
1553 4066 1693 4140 diligendi.
1717 4067 1823 4123 Etenim

177 4162 306 4234 boemus)
332 4159 500 4226 mirabiliter,
528 4161 611 4216 oredo
639 4161 767 4228 delectat,
800 4159 874 4232 quod
907 4160 975 4232 ipsis
1031 4157 1053 4211 si
1068 4157 1154 4210 intres
1169 4153 1285 4210 hominis
1301 4154 1374 4224 regis
1388 4154 1573 4226 cujuscunque
1587 4155 1725 4227 palatium,
1737 4171 1825 4212 nonne

177 4266 287 4324 quoque
314 4259 423 4306 aeternae
435 4248 593 4319 -Sapientiae
613 4248 733 4306 consiliis
752 4247 911 4304 familiarius
934 4248 976 4302 ad·
992 4233 1093 4310 [icum
1107 4243 1217 4316 plenum
1233 4241 1272 4296 sic
1295 4240 1381 4307 sellis,
1395 4241 1522 4308 scamnis,
1537 4243 1735 4315 cathedrisque,
1753 4243 1826 4316 regia

180 4340 327 4407 mittuntur,
352 4339 502 4410 eademque
525 4354 575 4410 per
599 4337 674 4407 ipsos
699 4337 768 4392 locis
786 4352 899 4410 quaeque
921 4338 979 4392 suis
1032 4332 1113 4386 sedes
1135 4332 1162 4386 in
1187 4327 1314 4384 eminenti
1337 4328 1424 4400 posita
1445 4329 1582 4387 cernitur?
1596 4333 1629 4387 lit
1649 4346 1703 4388 non
1722 4341 1767 4388 est
1780 4347 1825 4385 ne·

180 4434 262 4496 atque
276 4424 444 4497 temporibus
455 4440 562 4480 summo
579 4423 765 4480 moderamine
779 4423 976 4494 dispensantur.
1033 4434 1109 4477 cesse
1124 4433 1245 4489 quaerero
1258 4417 1305 4473 ubi
1320 4433 1368 4473 rex
1391 4418 1486 4474 sedere
1505 4420 1602 4475 solitus
1624 4420 1658 4476 sit
1673 4435 1682 4475 t
1699 4419 1824 4477 nimirum

180 4515 213 4571 lit
227 4517 285 4573 herc
302 4531 384 4574 causa
403 4514 476 4586 quod
500 4513 616 4586 diligunt
639 4512 788 4570 Dominum
801 4511 937 4568 Christum
952 4522 979 4567 et
1035 4523 1096 4565 mox
1119 4506 1237 4564 occurrit
1261 4507 1398 4562 manifesta
1422 4507 1594 4577 sedeamus,
1618 4509 1726 4565 caeteris
1750 4508 1827 4566 altior

179 4605 242 4678 ipsi.
267 4605 321 4662 lllae
340 4619 449 4677 qnoque
469 4602 658 4670 beatitudines,
679 4618 741 4671 qum
762 4604 877 4658 uirtutes
892 4616 926 4658 ex
945 4617 978 4657 eo
1032 4598 1206 4668 ornatiorque
1230 4595 1373 4652 sedilibus.
1403 4596 1448 4652 Sic
1479 4612 1587 4669 quoqne
1615 4599 1689 4654 omni
1721 4596 1827 4655 decoris

181 4692 293 4751 iorsitau
312 4693 452 4766 appellatae
466 4699 539 4760 sunt,
553 4693 626 4764 quod
639 4693 769 4750 virtutum
786 4706 818 4746 ac
836 4689 979 4765 prodigio-
1032 4693 1127 4742 ornatu
1139 4682 1243 4740 cunctis
1257 4682 1316 4738 aliis
1330 4683 1505 4754 praeeminere
1525 4684 1667 4755 spiritibus
1692 4684 1763 4741 istos
1783 4686 1825 4740 in-

182 4796 244 4840 rum
264 4782 384 4840 occultas
398 4791 599 4854 perpetuasque
618 4795 716 4838 causas
736 4779 808 4836 ielici
822 4779 978 4835 annositate
1032 4773 1130 4846 tellige,
1152 4772 1292 4844 inquibus
1315 4772 1425 4845 speciali
1440 4774 1557 4846 quodam
1573 4774 1713 4844 stupendae
1728 4775 1825 4846 digna-

183 4871 273 4929 rimari
294 4885 326 4927 ec
340 4869 432 4927 mirari
457 4868 588 4927 diuinitus
605 4867 749 4932 ordinatae,
764 4867 853 4938 signa,
869 4881 931 4938 quse
950 4873 978 4921 et
1032 4862 1111 4918 tionis
1128 4878 1236 4919 munere
1249 4861 1339 4917 divina
1362 4863 1443 4936 elegit
1467 4862 1583 4919 residere
1596 4863 1734 4932 maiestas.
1748 4863 1825 4931 Quod

182 4959 409 5035 quandonolnnt,
430 4974 463 5014 ex
476 4957 604 5014 omnibus
626 4955 769 5014 elementis
790 4956 869 5011 terris
885 4963 979 5027 poten-
1031 4953 1054 5008 si
1078 4951 1164 5009 sessio
1187 4950 1322 5025 siguificat
1345 4951 1546 5023 magisterium
1575 4960 1641 5023 puto
1668 4949 1757 5022 illum,
1782 4950 1827 5022 qni

181 5061 224 5108 ter
238 5047 403 5106 exhibeant:
419 5054 446 5104 et
460 5047 526 5120 ipsas
540 5044 713 5119 ergoexinde
728 5043 978 5101 nonimmcritoin·
1030 5057 1100 5097 tinus
1114 5048 1154 5096 est
1178 5040 1257 5096 nobis
1278 5040 1405 5113 magister
1429 5041 1457 5095 in
1479 5043 1550 5097 coelo
1575 5046 1603 5097 et
1625 5041 1652 5094 in
1675 5048 1758 5105 mara,
1780 5039 1827 5095 bei

179 5139 326 5195 ’ardescunt
339 5135 453 5210 diligere
467 5136 612 5192 Dominum
624 5134 762 5198 uirtutum,
778 5140 806 5188 et
819 5132 868 5188 liei
887 5132 977 5188 uirtu-
1031 5129 1194 5202 Sapientiam
1221 5129 1381 5201 Christum,
1410 5145 1471 5185 cum
1495 5129 1561 5184 alias
1587 5128 1699 5200 quidem
1728 5127 1828 5200 ubique

183 5223 237 5284 tent
252 5220 978 5296 Christuml‘lenumqnippeestsuatitatiscigretiae,
1032 5219 1146 5292 attingat
1174 5225 1285 5290 propter
1312 5217 1472 5273 munditiam
1504 5233 1590 5284 suum,
1619 5217 1764 5289 specialius
1791 5224 1831 5271 ιι·

183 5316 285 5381 ineerta
299 5324 324 5371 et
336 5315 441 5371 occulta
455 5313 597 5387 sapientiae
606 5314 634 5369 iu
646 5313 705 5386 ipsa
714 5309 848 5386 sapientia
862 5309 977 5366 intueri:
1035 5325 1094 5364 men
1123 5308 1199 5369 istos,
1229 5316 1307 5374 atque
1335 5305 1512 5376 principalius
1540 5314 1666 5377 tanquam
1695 5302 1831 5374 propriaui

185 5404 295 5472 plenum
310 5401 487 5458 nibilominus
501 5401 612 5458 honoris
626 5411 653 5458 et
667 5399 773 5474 gloriae,
790 5414 934 5456 musarum
955 5398 981 5453 iu
1035 5398 1125 5453 sedem
1148 5412 1222 5449 snam
1247 5395 1378 5451 illustrare
1402 5395 1551 5465 praesentia,
1572 5402 1602 5448 et
1621 5394 1685 5450 iude
1699 5403 1830 5468 tauquam

179 5490 236 5549 boi
266 5491 355 5549 Verbo
381 5487 596 5548 absconditarum
620 5491 721 5547 mundo
744 5483 911 5562 spectandas
928 5485 981 5543 mi·
1037 5487 1070 5541 de
1092 5484 1205 5540 solemni
1228 5481 1361 5538 auditorio
1383 5483 1480 5540 docere
1498 5482 1630 5556 angelum,
1656 5483 1758 5540 docere
1781 5483 1832 5538 ho·
