3734 5948
54 237 107 292 tta

515 231 552 291 ut
570 231 682 290 rasta
701 232 749 290 SS.
768 231 872 291 PETRI
887 229 934 290 El*
953 230 1058 289 ruunt
1076 226 1194 288 SEREO
1210 227 1257 286 111.

1655 231 1707 286 ttt

53 356 513 432 quoniamomnespeccavimus,et
521 373 633 429 egemus
642 359 691 414 bac
700 358 786 430 gloria
795 358 855 415 Dei.
871 371 896 453 Α
912 356 1010 413 enimi
1032 355 1102 412 forte
1125 355 1243 426 peccasti
1267 354 1293 408 in
1313 352 1431 422 saeculo3
1456 354 1577 425 nunquid
1591 353 1708 425 amplius

88 453 116 506 Ω.
139 449 245 506 Veram
264 447 336 517 apud
349 446 457 502 beatum
472 448 580 502 Petrum
595 446 668 502 aliud
685 448 772 504 habeo
784 447 858 520 quod
911 444 1016 502 Paulo?
1037 444 1116 515 Quod
1138 444 1160 499 si
1172 452 1206 499 ¹et
1224 443 1282 515 ipsa
1302 443 1329 498 in
1345 442 1494 514 religione3
1511 443 1631 515 nunquid
1647 444 1709 516 plus

53 553 206 611 apponant,
222 553 255 594 eo
269 535 369 601 carius,
385 551 439 608 quo
455 536 541 591 rarius
553 553 561 602 ;
575 545 665 608 etqua
684 537 856 610 singularius,

10 644 13 679 ;
54 643 87 685 eo
110 627 267 686 sublimius.
290 627 360 681 Nam
380 625 504 696 peccavit
522 626 631 691 Paulus,
658 625 708 681 sed
731 626 861 698 ignorans

54 716 119 773 fecit
134 718 164 772 in
179 714 371 772 incredulitate
386 730 433 769 sua
450 733 455 771 :
474 714 568 769 Petrus
582 731 642 770 cum
658 715 766 780 cecidit,
781 729 861 785 aper·

54 815 94 862 tos
118 806 240 861 habebat
262 804 365 860 oculos.
391 803 474 859 Porro
489 803 534 857 ubi
554 803 701 858 abundavit
721 805 859 873 delictum,

55 895 89 950 ibi
114 892 350 968 superabundavit
374 900 402 948 et
425 892 522 962 gratia.
545 893 646 949 Eorum
665 891 798 963 sidrudem
815 893 860 964 qui

56 990 174 1056 peccaut
188 991 335 1055 antequam
352 984 437 1038 Deum
458 981 594 1046 noverint,
614 989 760 1054 antequam
777 983 859 1038 mise-

55 1075 179 1130 rationes
198 1074 258 1142 eJ'us
274 1071 379 1143 experti
389 1071 452 1136 sint,
469 1078 614 1141 antequam
632 1071 799 1142 portaverint
814 1072 860 1141 ju-

54 1179 120 1237 gam
134 1178 220 1218 suave
235 1168 264 1216 et
276 1177 346 1217 onus
365 1160 436 1226 leve,
456 1158 612 1230 priusquam
629 1160 780 1215 devotionis
795 1177 859 1232 gra·

55 1253 173 1318 tism,et
201 1249 402 1306 consolationes
429 1248 585 1321 acceperint
610 1247 725 1320 Spiritus
749 1250 857 1318 sancti3

55 1350 163 1411 rorum,
195 1339 317 1412 inquam,
339 1339 447 1409 eopiosa
471 1337 625 1409 redemptio
650 1346 701 1394 est.
730 1340 763 1393 Et
793 1339 860 1395 tales

54 1446 153 1489 amnes
168 1444 220 1486 uos
235 1429 342 1484 fuimus.
361 1430 394 1484 itt
409 1444 505 1483 eorum
519 1427 565 1500 qui
576 1427 860 1498 postconversicnem

56 1536 134 1577 ruam
154 1517 276 1592 peccatis
294 1525 322 1574 et
340 1517 412 1574 vitiis
427 1516 608 1589 implicantur,
628 1516 726 1590 ingrati
741 1526 860 1589 accepta

56 1609 168 1684 gratiae,
189 1617 217 1665 et
239 1615 301 1681 post
328 1607 437 1662 missam
467 1621 575 1661 manum
591 1605 624 1659 ad
645 1613 763 1663 aratrum
786 1614 860 1663 retro

913 535 1016 591 Petro?
1051 534 1178 589 Attamen
1204 533 1241 587 illi
1268 533 1296 587 in
1327 539 1382 588 toto
1409 533 1492 588 corde
1520 533 1709 604 paenitentiam

912 633 1034 695 agentes,
1051 638 1106 679 non
1121 622 1203 680 modo
1217 622 1341 693 salntem,
1362 621 1410 677 sed
1425 629 1453 677 et
1466 624 1636 678 sanctitatem
1647 638 1711 678 con·

914 715 998 769 secuti
1019 720 1099 783 sunt;
1122 712 1245 768 etiamst
1261 712 1354 767 salutis
1374 711 1561 778 ministerium,
1577 720 1605 767 et
1619 712 1709 786 magi-

915 804 1027 858 sterium
1040 802 1131 874 adepti
1145 809 1207 855 sunt
1224 801 1383 855 sanctitatis.
1402 803 1436 854 Et
1451 808 1477 855 tu
1493 817 1563 872 ergo
1578 801 1620 856 fac
1633 800 1708 856 simi-

914 892 985 961 liter,
1011 891 1138 964 quoniam
1158 898 1269 961 propter
1288 897 1314 943 te
1329 890 1465 960 Scriptura
1489 889 1619 962 loquitur,
1638 890 1710 947 viros

914 982 974 1037 illos
993 998 1053 1036 esse
1068 980 1253 1036 misericordia
1269 995 1274 1032 :
1291 980 1385 1051 utique
1399 991 1512 1051 proptor
1530 981 1640 1036 multam
1657 978 1710 1036 mi-

914 1071 1099 1138 scricordiam,
1121 1086 1200 1141 quam
1216 1071 1345 1139 consequi
1364 1076 1530 1124 meruerunt.

949 1164 976 1215 5.
997 1162 1077 1215 Potes
1101 1168 1191 1215 tamen
1207 1158 1232 1212 in
1248 1160 1299 1213 hoc
1314 1159 1397 1214 verbo
1421 1159 1502 1213 etiam
1517 1159 1581 1213 illud
1596 1174 1649 1215 non
1666 1159 1709 1214 in-

913 1249 1108 1305 convenienter
1136 1248 1277 1320 acciperc,
1306 1247 1380 1302 viros
1408 1248 1600 1304 misericordiae
1628 1249 1710 1304 fnisse

915 1339 1060 1409 apostolos,
1087 1339 1113 1394 id
1143 1347 1183 1394 est
1212 1338 1308 1409 plenos
1335 1337 1533 1405 misericordia,
1562 1354 1610 1393 seu
1638 1339 1711 1394 viros

913 1428 1117 1494 misericordiae,
1141 1427 1168 1482 id
1192 1436 1234 1482 est
1258 1426 1470 1482 misericorditer
1492 1428 1569 1483 datos
1583 1426 1711 1483 Ecclesiae

913 1518 1057 1574 universa.
1073 1517 1179 1573 Scimus
1194 1518 1342 1588 enimquod
1354 1516 1403 1572 viri
1419 1517 1461 1572 isti
1475 1533 1526 1573 nee
1540 1517 1592 1572 sibi
1606 1518 1710 1583 vixere,

914 1624 966 1664 nec
985 1608 1035 1663 sibi
1057 1607 1155 1663 mortui
1174 1615 1246 1671 sunt,
1266 1607 1314 1661 sed
1333 1607 1420 1676 siqui
1440 1622 1489 1677 pro
1510 1608 1574 1679 ipsis
1590 1614 1713 1663 mortuus

58 1698 222 1772 respiciunt,
243 1697 326 1770 tepidi
336 1702 364 1752 et
378 1695 502 1752 carnales
517 1695 589 1762 facti,
605 1702 651 1750 aut
665 1704 726 1767 post
741 1696 860 1769 agnitam
876 1685 899 1764 Β
914 1694 1082 1770 est3'magis
1107 1705 1198 1753 antem
1222 1697 1301 1752 nobis
1334 1697 1460 1753 omnibus
1490 1709 1603 1769 propter
1627 1697 1711 1753 illum.

58 1789 129 1845 virm
141 1787 266 1845 veritatis
280 1794 353 1842 retro
368 1792 434 1843 erint
449 1791 579 1855 apostatae
592 1785 731 1841 manifesti
747 1802 860 1843 :eorum

59 1879 152 1950 ntique
176 1891 328 1949 perpaucos
346 1875 478 1942 invenias,
495 1874 541 1944 qui
557 1874 690 1946 posthaec
706 1876 819 1932 redeant
833 1875 861 1929 in

60 1966 177 2040 gradum
190 1965 346 2038 pristinum,
362 1965 411 2020 sed
426 1963 512 2035 magis
522 1961 549 2016 in
564 1963 689 2019 sordibus
708 1964 789 2035 positi
804 1979 862 2020 sor·

61 2057 176 2112 deseaut
188 2054 286 2112 adbuc.
299 2056 387 2126 Super
405 2068 474 2125 quos
486 2052 618 2124 propbeta
633 2054 774 2124 deplorat:
794 2057 863 2123 Qua

60 2147 141 2204 modo
152 2145 383 2204 obscuratamest
393 2160 508 2205 aarum,
518 2146 649 2199 mutatur
658 2151 698 2199 cst
709 2146 785 2200 color
795 2145 864 2217 opti·

61 2251 124 2291 mas
136 2233 152 2287 f
166 2238 194 2288 et
210 2249 218 2287 ε
246 2235 300 2302 Qui
314 2235 519 2289 nutriebantur
537 2235 568 2289 in
580 2234 695 2300 croceis,
707 2233 864 2304 amplexati

60 2330 126 2380 sant
145 2327 272 2380 stercora
288 2321 402 2388 (fieren.
420 2337 459 2389 rv,
477 2326 503 2392 l,
519 2324 558 2393 s).

95 2417 124 2469 3.
144 2411 204 2467 Nec
218 2418 309 2466 tamen
324 2411 346 2466 si
366 2410 426 2483 quis
448 2411 603 2482 hujusmodi
618 2421 670 2476 est,
686 2410 864 2481 desperamus

61 2501 94 2556 de
111 2515 159 2570 eo,
179 2506 283 2555 tantvm
297 2507 328 2555 ιιι
344 2515 487 2574 resurgere
506 2501 571 2558 velit
586 2501 648 2556 cito.
667 2500 775 2568 Quanto
790 2498 863 2554 enim

62 2591 166 2646 diutius
189 2589 371 2661 permanebit,
396 2597 471 2646 tanto
492 2592 590 2646 evadet
604 2588 749 2645 difficilius.
765 2588 864 2644 Beatus

61 2695 127 2736 vero
149 2679 198 2752 qui
220 2678 334 2745 tenebit,
359 2686 387 2734 et
406 2679 499 2735 allidet
518 2679 644 2751 parvulos
663 2677 808 2750 Babylonis
829 2677 863 2731 ad

61 2776 170 2842 petram
186 2767 308 2825 :etenim
325 2767 348 2823 si
367 2768 513 2838 creverint,
528 2769 571 2825 vix
587 2773 714 2840 poterunt
728 2766 861 2838 superari.

62 2857 163 2922 filioli,
183 2857 242 2913 baec
257 2857 319 2911 dico
331 2864 427 2912 utnon
443 2858 573 2927 peccetis.
588 2858 641 2914 Sed
655 2857 713 2911 etsi
729 2857 788 2929 quis
802 2871 864 2928 pec·

914 1788 1049 1858 Quantum
1066 1787 1139 1843 euim
1158 1786 1279 1858 proderit
1288 1785 1366 1843 uobis
1377 1803 1471 1844 eorum
1481 1787 1594 1857 justitia,
1605 1787 1714 1860 quaudo

914 1877 973 1949 ipsa
988 1892 1107 1950 quoque,
1123 1876 1195 1931 sicut
1207 1874 1293 1934 995
1309 1885 1448 1931 ostensum
1464 1884 1515 1944 cst,
1533 1884 1635 1931 tantum
1651 1892 1715 1947 pro-

915 1965 994 2022 fuere
1013 1965 1143 2038 peecata?
1167 1967 1219 2022 Pro
1243 1965 1321 2021 nobis
1345 1965 1408 2020 facit
1428 1980 1523 2020 eorum
1538 1965 1602 2030 vita,
1619 1981 1714 2020 eorum

917 2054 1048 2116 doctrina,
1065 2056 1146 2110 etiam
1162 2060 1187 2109 et
1204 2070 1276 2109 mors
1291 2054 1359 2124 ipsa.
1379 2053 1487 2108 Etenim
1500 2042 1526 2109 in
1536 2053 1714 2110 conversione

917 2144 1123 2211 continentiam,
1145 2144 1172 2199 in
1196 2143 1388 2216 praedicatione
1410 2143 1581 2213 sapientiam,
1596 2143 1624 2198 in
1648 2159 1714 2213 pas-

917 2233 993 2290 sione
1009 2250 1057 2289 sua
1068 2234 1214 2305 patientam
1226 2232 1305 2288 nobis
1320 2233 1391 2288 beati
1405 2231 1519 2304 apostoli
1530 2232 1713 2288 coutulerunt.

916 2322 1046 2391 Quartum
1063 2338 1147 2395 usque
1162 2321 1242 2377 bodie
1259 2321 1385 2378 conferre
1410 2337 1464 2377 non
1487 2329 1594 2377 cessant
1610 2320 1715 2376 miseri·

916 2412 1009 2468 cordia
1025 2411 1108 2483 pleni,
1123 2411 1195 2483 qnod
1211 2418 1252 2466 est
1266 2418 1418 2466 sanctarum
1434 2411 1536 2466 fructus
1550 2410 1714 2467 orationum.

917 2500 1045 2571 Quamvis
1060 2501 1129 2555 etin
1144 2501 1204 2571 ipsa
1219 2515 1313 2555 eorum
1329 2500 1383 2555 vita
1403 2500 1490 2555 adbuc
1506 2499 1628 2556 invenias
1642 2498 1716 2572 quod

917 2605 1092 2660 annumeres,
1108 2588 1233 2645 fiduciam
1247 2588 1362 2658 scilicet,
1383 2605 1463 2661 qaam
1479 2589 1558 2645 nobis
1572 2589 1716 2646 miraculo-

917 2696 977 2735 rum
1013 2678 1178 2735 exhibitione
1210 2679 1394 2750 praebacrunt,
1424 2680 1455 2733 Et
1483 2678 1544 2751 quis
1577 2687 1718 2735 enumeret

917 2784 997 2840 quam
1023 2769 1107 2823 multa
1132 2767 1211 2823 nobis
1228 2783 1277 2838 per
1296 2783 1343 2822 eos
1358 2767 1490 2823 beneficia
1505 2768 1716 2839 provenerunt?

917 2858 989 2912 liene
1013 2873 1081 2930 ergo
1097 2858 1131 2912 de
1153 2857 1193 2911 cis
1213 2856 1354 2928 Scriptura
1371 2856 1492 2927 loquitur
1508 2874 1515 2910 τ
1534 2857 1668 2924 Quoniam
1688 2857 1716 2913 fri

62 2947 178 3012 caverit,
198 2945 364 3002 Advocatum
380 2946 511 3001 habemus
526 2945 597 3017 apud
615 2946 734 3012 Patrem,
750 2945 795 3017 qui
814 2960 863 3016 po-
918 2954 986 3003 sant
1001 2950 1056 3003 uiri
1065 2945 1279 3013 accaronita,-
1290 2954 1317 2999 et
1327 2944 1447 3000 addidit:
1463 2947 1583 3014 Quorum
1593 2948 1718 3018 justitia

63 3042 116 3092 test
141 3035 215 3108 quod
231 3051 281 3091 nos
300 3034 410 3090 minime
425 3050 591 3106 possumus:
610 3043 713 3090 tantum
729 3034 775 3105 qui
789 3032 863 3089 ceci·
880 2997 902 3077 c
919 3035 1084 3093 obliuionem
1103 3049 1159 3091 oon
1174 3024 1343 3106 acceperant
1362 3033 1459 3102 (dccli.
1476 3034 1564 3104 xciv).
1614 3038 1626 3063 t

61 3126 114 3189 dit,
130 3140 188 3180 uon
206 3124 315 3195 adiiciat
329 3124 356 3178 in
371 3124 469 3178 malurn
484 3132 513 3178 nt
528 3122 688 3195 profundius
705 3122 804 3187 cadiat,
814 3122 863 3177 sed
957 3129 981 3180 6.
997 3124 1044 3179 Vis
1057 3131 1086 3178 ιιι
1101 3134 1152 3178 nee
1172 3129 1216 3177 tua
1236 3121 1350 3193 accipiat
1374 3121 1561 3178 oblivionem!
1582 3123 1605 3178 Α
1619 3121 1716 3197 triplici

62 3213 152 3285 magis
167 3220 197 3268 ut
212 3219 347 3286 resurgat,
368 3212 507 3268 confidens
523 3212 594 3284 quod
610 3228 662 3268 nec
679 3211 705 3268 ei
718 3210 864 3285 negabitur
917 3211 1111 3284 cavepericulo
1122 3228 1129 3265 ι
1142 3217 1170 3266 et
1184 3211 1290 3266 florebit
1305 3210 1332 3265 iu
1344 3219 1474 3266 aeternam
1490 3211 1714 3268 anteDominum.

62 3303 157 3368 venia,
172 3301 194 3357 si
210 3308 299 3357 tamen
315 3317 348 3357 ex
367 3300 449 3357 corde
464 3301 746 3374 confiteaturpeceata
765 3316 822 3356 sna.
835 3299 862 3355 Si
916 3301 997 3373 Legis
1007 3300 1097 3356 enim:
1113 3301 1182 3369 Quia
1193 3299 1497 3373 tepidusesirrcipiorn
1507 3306 1534 3358 te
1548 3316 1671 3358 emouere
1681 3318 1717 3359 ec

63 3392 138 3448 enim
152 3391 187 3458 is,
202 3392 237 3447 de
252 3407 306 3464 quo
325 3391 470 3463 loquimur,
488 3391 582 3446 Petrus
602 3396 664 3462 post
678 3399 732 3446 tam
751 3405 860 3465 gravem
915 3405 1031 3449 cremae
1045 3389 1139 3463 (Apoc.
1155 3403 1197 3452 nr.
1215 3389 1277 3462 16);
1294 3389 1379 3459 legis:
1393 3390 1423 3446 Si
1432 3392 1569 3448 ararem
1584 3391 1716 3463 sejustus

62 3481 173 3553 lapsum
195 3480 228 3534 ad
255 3485 356 3535 tantam
384 3479 464 3534 rediit
491 3478 666 3535 eminentiam
694 3478 860 3548 sanctitatis3
914 3482 1140 3553 ajustitiasaa,
1161 3488 1227 3544 etc,
1242 3481 1370 3535 omnium
1385 3480 1569 3552 justitraram
1585 3481 1646 3552 ejus
1661 3496 1717 3537 aon

64 3569 172 3642 quiade
186 3574 286 3625 eaetero
301 3569 438 3640 desperet,
457 3568 481 3623 si
494 3574 597 3624 tantrnn
610 3569 703 3640 egredi
716 3567 832 3624 voluerit
847 3582 862 3622 a
916 3573 1080 3628 recordabor
1101 3569 1209 3640 (Erech.
1227 3583 1309 3639 xvrn,
1331 3570 1390 3639 21);
1406 3569 1476 3644 legis
1496 3569 1656 3641 quibusdam
1671 3568 1715 3623 di-

63 3658 186 3731 pcccatis
196 3657 211 3712 1
223 3657 342 3715 attende
358 3658 430 3731 quod
446 3657 575 3729 scriptum
591 3663 632 3713 est
648 3676 654 3712 :
671 3660 804 3730 Egressus
816 3659 863 3728 fo·
917 3660 1033 3715 cendum
1047 3659 1076 3713 in
1088 3658 1189 3729 judicio
1206 3676 1211 3712 :
1235 3658 1294 3714 Noa
1309 3659 1374 3717 nori
1390 3675 1435 3715 vos
1451 3658 1562 3730 (dietih.
1583 3673 1633 3724 vn,
1654 3659 1713 3727 23);

66 3765 126 3812 ras,
137 3748 216 3818 {teuit
230 3763 327 3805 amare
337 3746 446 3817 (Eattb.
462 3761 545 3813 xxvi,
562 3748 619 3816 at).
635 3746 664 3800 ln
675 3761 788 3817 egressu
800 3760 864 3802 con·
916 3747 968 3803 illis
989 3748 1047 3803 sine
1074 3748 1168 3816 dubio,
1194 3747 1238 3819 qui
1262 3755 1425 3816 receperunt
1448 3745 1604 3800 mercedem
1627 3760 1714 3800 sunm.

65 3836 214 3892 sessionem
224 3835 290 3902 oris,
306 3835 334 3890 in
349 3851 440 3892 amaro
451 3835 515 3892 fletu
525 3835 762 3906 compunctionem
776 3834 865 3891 cordis
917 3837 991 3908 Ergo
1009 3837 1099 3893 omnis
1111 3836 1213 3906 iustitia
1227 3835 1328 3906 tepida,
1345 3834 1432 3891 omnis
1447 3834 1609 3904 transitoria,
1628 3833 1717 3889 omnis

64 3925 199 3998 intellige.
223 3926 258 3980 Et
273 3924 395 3991 attende,
409 3924 481 3997 quod
497 3931 561 3980 tunc
576 3924 693 3995 primum
707 3924 865 3980 recordatus
918 3926 1037 3992 vendita,
1053 3927 1104 3981 erit
1119 3927 1145 3981 in
1161 3925 1297 3980 oblivione
1321 3939 1412 3979 eoram
1428 3925 1497 3981 Deo.
1520 3923 1574 3980 Sed
1600 3939 1654 3980 uon
1678 3923 1717 3979 ita

66 4021 109 4071 est
118 4014 195 4072 verbi
205 4014 279 4088 quod
293 4013 400 4071 dixerat
406 4016 484 4070 lesus
499 4034 505 4068 :
519 4020 582 4068 tunc
597 4013 713 4085 primum
728 4012 803 4069 cordi
816 4012 866 4068 fuit
918 4015 1101 4086 apostolorum
1115 4013 1235 4085 iustitiae.
1246 4013 1324 4083 Quod
1337 4028 1370 4069 ex
1381 4028 1414 4069 eo
1429 4013 1494 4069 satis
1504 4021 1627 4085 apparet,
1643 4013 1716 4085 quod

66 4105 192 4174 verbnm,
203 4119 252 4176 pro
267 4102 397 4177 praedicta
407 4103 494 4158 fuerat
507 4104 566 4172 ejus
577 4101 794 4166 infirmitas‚eum
803 4118 865 4158 eva·
919 4105 1042 4178 sequitur
1058 4122 1064 4158 :
1084 4105 1154 4163 Cam
1169 4106 1275 4162 semine
1285 4121 1380 4162 comam
1389 4109 1559 4177 permanent
1570 4104 1648 4160 bona.
1660 4105 1717 4158 bla-

64 4193 125 4251 nuit
139 4202 305 4266 praesumpta
321 4193 470 4250 temeritas.
486 4193 534 4248 Vae
551 4191 607 4262 tibi,
624 4192 669 4264 qui
682 4199 743 4261 post
760 4191 865 4263 lapsum
919 4204 987 4250 nent
1013 4193 1085 4250 euim
1110 4211 1197 4267 usque
1212 4193 1293 4251 bodie
1316 4192 1343 4248 in
1368 4194 1446 4248 nobis
1469 4192 1654 4264 apostolorum
1668 4207 1717 4248 va·

64 4284 207 4342 fortiorem
219 4290 244 4339 te
259 4282 337 4339 nobis
351 4283 474 4339 exhibes.
488 4281 588 4353 thuid
605 4290 657 4338 tam
671 4280 774 4355 rigidus
793 4295 823 4336 es
836 4281 864 4335 iu
920 4283 1019 4357 stigia3
1036 4292 1172 4339 eteorum
1187 4283 1293 4354 religio,
1309 4283 1370 4355 quia
1380 4299 1413 4338 ex
1429 4284 1486 4337 Deo
1497 4289 1546 4348 est,
1560 4296 1614 4337 non
1630 4285 1719 4353 potest

66 4382 141 4431 tuam
161 4371 249 4445 ipsius
264 4371 441 4445 perniciem?
462 4371 595 4428 inclinare
611 4370 709 4442 potius,
725 4376 755 4425 ut
769 4369 865 4426 melius
921 4373 1040 4430 dissolvi.
1057 4374 1156 4445 Vestes
1170 4371 1308 4427 israelitici
1333 4372 1424 4443 popuii
1439 4371 1617 4443 quadraginta
1639 4370 1719 4426 annis

64 4461 193 4536 erigaris,
209 4468 237 4517 et
251 4477 287 4517 ne
301 4460 448 4533 prohibeas
464 4459 550 4531 frangi
566 4460 639 4532 quod
656 4459 799 4515 distortum
814 4465 865 4527 est,
920 4462 948 4517 in
963 4463 1073 4519 deserto
1091 4467 1337 4534 perseveraverunt
1350 4460 1464 4532 integrae
1480 4461 1571 4533 (Dect.
1594 4477 1652 4528 vru,
1669 4463 1717 4530 l);

63 4562 96 4609 ut
109 4551 198 4624 possit
212 4549 308 4606 melius
322 4549 445 4606 solidari.
461 4548 532 4620 Quid
548 4548 696 4623 indignaris
716 4543 868 4620 increpanti
921 4551 1004 4607 multo
1027 4549 1113 4622 magis
1136 4548 1320 4621 apostolorum
1343 4556 1433 4603 vestes
1461 4565 1544 4621 super
1565 4551 1719 4620 iumentum

64 4640 165 4714 gallo?
180 4640 227 4695 tibi
241 4640 329 4712 potius
349 4639 502 4710 indignare.
521 4640 648 4697 Pieriam
662 4640 866 4704 voluntariam,
923 4639 1068 4696 salvatoris
1091 4637 1235 4709 impositae.
1264 4638 1333 4694 Cam
1352 4640 1467 4708 semina,
1490 4637 1587 4710 inquit,
1608 4655 1718 4696 eoram.

65 4732 104 4786 ait
118 4728 272 4795 Psalmista,
290 4729 456 4802 segregabis,
475 4731 557 4795 Deus,
579 4728 740 4784 iroereditati
754 4732 822 4796 tuoe,
840 4732 868 4787 et

63 4821 219 4891 infirmata
233 4824 283 4876 cst.
299 4817 372 4874 Bona
388 4816 539 4884 infirmitas,
556 4833 616 4889 qum
634 4824 796 4890 segregatur
808 4819 866 4874 bae·

65 4908 186 4977 reditati,
198 4924 258 4980 quae
274 4907 410 4965 medicum
424 4922 479 4964 non
494 4905 612 4979 repellit.
628 4906 769 4963 Induratos
783 4907 867 4976 enim,

66 5008 196 5071 anquam
228 5013 277 5053 vas
299 4996 374 5071 figuli
401 4997 429 5052 iu
458 4995 534 5068 virga
561 4995 651 5052 ferrea
678 5003 823 5052 conteret:
840 5003 867 5053 et

66 5086 215 5146 namatus
234 5087 384 5158 infirmata
397 5090 449 5154 est,
461 5086 508 5153 ait,
527 5088 558 5140 ta
570 5099 631 5143 vero
644 5087 790 5157 perfecisti
805 5101 867 5143 eam

65 5177 157 5251 (Psal.
174 5190 260 5245 arm,
278 5175 334 5248 10).

103 5267 131 5324 1,
151 5265 272 5323 Audistis
293 5272 368 5322 certe
391 5280 472 5338 quam
496 5262 707 5320 misericordiam
730 5264 866 5321 consecuti

66 5354 123 5414 sint
146 5355 261 5430 apostoli
280 5355 377 5426 nostri,
401 5362 430 5412 ut
449 5356 506 5427 jam
530 5368 609 5411 nemo
632 5369 666 5410 ea
691 5352 770 5411 vobis
785 5369 867 5429 super

68 5440 189 5520 petenti
203 5443 348 5519 prdiedtis
361 5444 431 5503 rdtra
446 5458 526 5518 quam
536 5449 650 5502 became
664 5441 699 5500 s'it
717 5436 866 5501 confunda·

66 5543 124 5606 tut.
148 5536 178 5594 lr‘
199 5532 281 5594 crud
301 5533 475 5594 muscieutiae‘
504 5539 560 5592 sud
587 5537 773 5608 compunctus.
796 5530 867 5605 Quid

922 4729 1001 4799 Quod
1016 4737 1058 4784 cst
1070 4743 1175 4793 semen,
1197 4725 1259 4799 quia
1278 4736 1387 4782 secutus
1401 4725 1524 4802 adjungit
1540 4742 1546 4782 :
1564 4727 1719 4785 Hereditas

921 4822 1142 4890 sanctancpotcs
1152 4816 1272 4874 eornm?
1283 4815 1356 4871 ldem
1368 4815 1490 4888 profecto
1501 4824 1528 4872 et
1538 4832 1632 4872 semen
1645 4824 1718 4884 sunt,

922 4915 950 4964 ct
967 4913 1090 4979 nepotes.
1114 4905 1274 4962 Meministis
1293 4905 1375 4962 credo
1397 4923 1403 4964 ;
1423 4905 1572 4962 scientibus
1590 4905 1662 4961 enim
1677 4907 1718 4961 te-

921 5013 985 5070 gem
1002 4996 1121 5069 loquor:
1144 4993 1313 5061 meministis,
1333 4993 1454 5065 inquam,
1479 4994 1574 5070 legalis
1588 4993 1718 5063 mandati,

920 5094 950 5142 ut
975 5085 1089 5141 suscitet
1108 5084 1192 5140 frater
1212 5091 1351 5154 superstes
1374 5099 1470 5139 semen
1493 5083 1571 5141 fratri
1589 5083 1719 5142 defuncto

922 5174 980 5231 sine
1000 5174 1105 5230 semine
1122 5174 1202 5244 (Gen.
1220 5186 1343 5238 xxxvrn,
1360 5175 1391 5239 83
1407 5175 1488 5231 Dect.
1506 5190 1575 5238 ιιι,
1596 5175 1633 5246 5).
1654 5172 1719 5243 Quis

921 5264 981 5320 sinc
994 5262 1119 5319 seminet
1131 5259 1333 5334 singulariter,
1350 5260 1398 5328 ait,
1410 5279 1473 5320 aum
1483 5262 1720 5336 epodorrectrans·

920 5369 983 5410 eam
1015 5352 1103 5424 (Psoi.
1128 5366 1192 5418 aaa,
1212 5349 1266 5423 10).
1296 5349 1416 5424 ideoque
1443 5368 1608 5428 resurgens:
1638 5352 1745 5419 Vada·

921 5441 1019 5517 iuquit,
1031 5441 1075 5499 dic
1085 5440 1224 5514 fratribus
1234 5442 1304 5499 meis
1316 5441 1409 5513 (ioan.
1420 5458 1471 5509 ιι,
1484 5444 1537 5514 17).
1548 5443 1588 5500 de
1597 5442 1620 5499 si
1633 5441 1713 5500 dicat:

920 5531 1029 5591 Fratres
1042 5539 1115 5598 runt,
1137 5525 1235 5588 faciant
1248 5528 1321 5604 quod
1339 5527 1448 5587 fratres.
1471 5518 1545 5605 Ergo
1566 5548 1616 5607 par
1628 5520 1718 5592 tvan-
