3734 5948
42 282 77 340 tt
619 276 724 338 surse
746 276 864 337 vissus
881 275 948 333 εει
962 269 1115 330 sottus.
1662 282 1697 341 73

44 421 114 471 sno;
142 404 186 461 iao
211 417 273 477 quae
295 402 376 474 iubet
399 403 427 459 in
446 400 600 478 Evangelio
614 402 746 460 Dominus
763 402 884 494 lesus!
901 396 987 454 iactus
1001 404 1042 453 est
1057 397 1193 468 parvulus.
1210 403 1360 472 Parvulas,
1376 404 1423 473 ait,
1444 413 1528 465 notus
1542 413 1585 465 est
1604 408 1692 481 nobb,

44 510 106 567 quae
114 493 196 564 jubet
207 493 235 549 in
248 491 311 565 lege
326 502 354 549 ει
366 492 518 565 prophetis,
534 507 596 564 quae
604 493 681 563 iubet
694 507 746 561 per
762 491 842 548 mini·
900 493 927 545 ει
940 487 1019 557 tilius
1032 485 1116 543 datvs
1131 492 1173 545 est
1183 488 1260 546 nolis
1272 490 1348 560 (lavi.
1360 507 1397 565 rx,
1409 493 1447 565 6).
1462 494 1557 561 Nobis,
1570 484 1693 568 inquam,

46 590 119 639 stros
138 598 205 638 suos
219 581 266 654 qui
281 580 385 637 suntin
399 580 537 650 Ecclesia;
558 581 718 654 obtempera
731 581 793 650 ejas
807 580 846 637 vi·
901 590 956 631 non
979 575 1040 644 sibi,
1064 574 1111 647 qui
1135 576 1228 648 ntique
1244 585 1307 635 ante
1325 587 1448 653 tempora
1471 583 1555 639 multo
1575 580 1694 642 nobilius

46 672 127 729 mitis
142 670 298 742 praepositis
312 669 375 737 tuis,
391 685 447 727 non
457 676 560 726 tanturn
570 669 649 726 bonis
663 677 690 726 et
704 669 845 735 modestis,
901 669 981 719 natus
997 680 1030 720 ex
1045 664 1134 729 Patre,
1150 664 1226 720 nasci
1242 668 1427 739 temporaliter
1442 687 1496 726 non
1507 671 1649 746 indigebat
1661 690 1695 729 ex

47 761 96 816 sed
112 762 196 816 etiam
211 757 344 832 dyscolis;
361 765 389 814 et
401 757 477 815 disee
492 760 526 814 ab
540 758 600 830 ipso
608 759 682 824 lesu,
699 758 762 831 quia
776 757 848 813 mitis
901 760 996 812 matre.
1006 751 1067 809 Non
1081 751 1185 829 angelis
1195 768 1314 824 quoque,
1331 756 1386 828 qni,
1397 774 1461 815 cum
1471 774 1598 833 magnum
1613 760 1697 816 habe-

47 855 89 904 est
103 855 133 904 et
148 846 257 903 humilis
272 847 373 914 eorde3
396 855 424 902 ει
441 843 523 902 aas
539 845 593 902 eris
607 845 642 901 de
656 847 738 903 beato
748 845 848 918 populo
901 849 973 910 rent,
994 839 1135 913 parvulum
1153 856 1209 895 non
1223 843 1408 914 requirebant.
1423 848 1509 903 Nobis
1527 864 1593 921 ergo
1608 858 1698 918 natus,

48 937 119 1006 ejus,
137 952 220 1009 mem
235 934 320 1008 elegit
337 935 366 990 in
380 935 569 991 haereditatem
583 935 653 1004 sibi3
667 937 722 992 eris
737 935 771 991 de
785 935 847 990 lau·
903 930 982 987 nobis
996 935 1023 985 et
1038 929 1128 999 datus,
1145 928 1207 1001 qnia
1222 931 1300 986 nobis
1315 936 1495 990 necessarius.

47 1024 129 1080 debili
140 1025 243 1096 populo
260 1025 331 1095 ejus,
343 1039 426 1095 quem
437 1023 567 1081 Dominus
575 1023 747 1080 exercituum
761 1025 848 1079 bene·
940 1020 975 1073 ll
987 1018 1046 1071 lam
1061 1016 1095 1073 de
1110 1016 1189 1072 nobis
1204 1025 1267 1073 nato
1291 1025 1319 1074 et
1342 1019 1405 1075 dato
1428 1022 1558 1078 laniamus
1576 1025 1611 1080 ad
1626 1024 1700 1097 quod

49 1115 127 1184 dixit,
152 1113 249 1169 dicens
266 1132 273 1168 z
297 1114 369 1186 Opva
384 1129 522 1170 manuum
537 1130 667 1172 meorum
684 1119 716 1171 tv
732 1130 770 1180 as,
790 1114 850 1169 boe-
905 1115 984 1163 natus
998 1115 1040 1163 est
1054 1115 1082 1162 et
1096 1106 1184 1161 datus.
1202 1107 1314 1162 Utamur
1333 1117 1426 1165 nostro
1441 1111 1467 1164 in
1487 1119 1609 1166 nostram
1629 1113 1701 1169 utili-

50 1204 160 1260 reditas
174 1218 239 1258 meo
262 1202 348 1259 lsrael
363 1201 440 1274 (lsai.
465 1217 528 1270 xix,
550 1205 622 1268 ibt:
649 1202 702 1269 cui,
722 1218 757 1257 ne
780 1200 850 1258 torte
907 1205 999 1264 tatem,
1015 1195 1050 1253 de
1060 1193 1199 1251 Salvatore
1215 1194 1329 1250 salutem
1344 1210 1499 1266 operemur.
1520 1200 1701 1271 Ecoeparvu-

50 1289 135 1346 lsrael
152 1289 290 1346 carnalem
305 1289 449 1357 aemuleris,
465 1290 547 1346 etiarn
561 1289 743 1346 testimonium
757 1289 851 1361 perhi-
906 1286 947 1342 lus
971 1286 997 1340 in
1020 1283 1111 1340 medio
1135 1282 1271 1339 statuitur.
1296 1283 1319 1339 0
1339 1284 1476 1355 parvulus,
1491 1287 1610 1356 parvulis
1635 1287 1701 1360 [lt.,

52 1381 110 1445 bet,
125 1378 222 1436 disens
238 1395 244 1436 :
265 1379 400 1451 Populus,
416 1394 499 1451 qvem
522 1396 580 1436 aon
599 1381 723 1452 oopnvvi,
739 1379 853 1437 servivit
907 1372 1045 1450 paruulus]
1060 1371 1245 1429 desideratus!
1259 1371 1282 1428 0
1295 1389 1361 1430 vere
1374 1374 1512 1444 parvulus,
1527 1375 1577 1432 sed
1591 1376 1703 1446 malitia,

51 1469 136 1534 mibi,
147 1470 179 1524 in
194 1467 297 1525 auditu
311 1469 391 1524 ovrie
400 1467 519 1525 obedivit
533 1468 606 1524 mibi
615 1467 703 1540 (reat.
717 1482 786 1532 xvir,
797 1464 853 1535 45).
908 1480 964 1520 non
973 1463 1105 1533 sapientia
1118 1460 1124 1517 l
1144 1461 1307 1518 Studeamus
1321 1460 1393 1517 effici
1411 1461 1481 1519 siem
1498 1463 1624 1534 parvulus
1634 1465 1703 1535 iste;

89 1559 136 1614 ts.
161 1555 218 1611 Sed
235 1554 377 1611 audiamus
398 1555 463 1628 quid
482 1555 555 1612 idem
574 1555 689 1630 angelus
701 1556 801 1612 sentiat
820 1555 854 1610 de
909 1554 1045 1610 diseamus
1059 1550 1093 1607 ab
1107 1550 1177 1623 ipso,
1194 1549 1258 1622 quia
1273 1548 1345 1606 mitis
1365 1557 1406 1610 est
1428 1560 1455 1606 et
1474 1551 1582 1607 humilia
1597 1552 1705 1610 corde:

45 1645 111 1712 illo,
126 1643 172 1701 eui
196 1645 313 1702 necdum
336 1652 471 1717 concepto
496 1644 549 1701 tale
568 1644 665 1700 indidit
681 1659 791 1700 nomen.
811 1643 856 1698 nit
909 1657 944 1698 ne
958 1656 1073 1715 magnus
1088 1638 1214 1696 videlieet
1224 1640 1296 1695 Dens
1311 1638 1371 1696 sine
1385 1654 1467 1696 nausa
1477 1638 1564 1698 factus
1577 1640 1613 1697 sit
1626 1642 1708 1700 homo

54 1749 175 1806 namque
187 1749 194 1787 :
207 1735 257 1790 llic
272 1734 328 1790 erit
340 1750 471 1807 magnvs,
482 1739 510 1792 et
523 1734 615 1791 Filius
624 1734 765 1790 altissimi
775 1748 855 1789 voco·
909 1746 1018 1802 parvus,
1038 1745 1073 1786 ne
1087 1727 1171 1801 gratis
1185 1734 1317 1796 mortuus,
1333 1743 1368 1783 ne
1386 1726 1415 1782 in
1429 1743 1543 1785 vacuum
1553 1728 1706 1788 crucifixus.

54 1823 143 1879 bitur.
154 1822 230 1878 Bene
244 1836 369 1894 magnus,
385 1822 432 1895 qui
447 1823 538 1880 Filias
554 1822 692 1880 altissimi
705 1820 856 1877 merebitur
872 1793 895 1872 Β
911 1818 1052 1874 Disoamns
1074 1819 1135 1887 ejus
1157 1815 1345 1888 bumilitatem,
1365 1816 1502 1873 imitemur
1523 1817 1697 1875 mansuetudi

54 1909 198 1984 appellari.
214 1911 257 1966 An
272 1926 328 1967 non
342 1926 468 1982 magnvs,
480 1913 565 1982 cvjvs
580 1911 788 1983 magnitudinis
797 1926 857 1968 non
913 1923 986 1979 uem,
1002 1906 1197 1980 amplectamur
1207 1904 1392 1974 dilectionem,
1407 1906 1710 1978 communicemuspas-

56 2005 98 2057 est
112 2001 204 2071 finis?
218 2000 297 2070 (Ptol
311 2015 403 2071 cmiv,
415 2003 454 2072 3.)
469 2001 502 2056 Et
512 2001 574 2074 qvia
583 2016 713 2072 magnvs,
725 1999 774 2066 ait,
784 2001 859 2058 είεαι
914 1997 1046 2064 sionibus,
1056 1997 1178 2053 lavemur
1187 1995 1214 2050 in
1223 1995 1356 2070 sanguine
1367 1997 1436 2066 ejvs.
1454 1997 1545 2068 lpsum
1560 1995 1709 2052 offeramus

56 2092 131 2145 llam
151 2087 365 2159 aoaverttrent.
380 2103 470 2156 exam,
487 2090 543 2158 ll.)
558 2088 640 2144 Plane
663 2103 789 2160 magnus,
813 2088 859 2161 qui
914 2085 1134 2159 propitiationem
1149 2085 1330 2156 propeccatis
1344 2084 1457 2153 nostris;
1469 2084 1597 2156 quoniam
1611 2083 1709 2140 adhoc

58 2185 112 2234 tam
126 2191 257 2250 magnus,
272 2193 354 2251 mam
372 2176 615 2250 mansimusque
635 2176 736 2249 etipse
752 2175 859 2231 Alttssi-
913 2176 974 2248 ipse
988 2180 1069 2230 natus
1091 2182 1118 2231 et
1137 2174 1216 2229 datus
1239 2180 1282 2228 est
1296 2172 1384 2230 nobis.
1401 2174 1493 2245 Ipsum
1507 2172 1591 2229 oeulis
1612 2172 1710 2241 Patris,

57 2282 130 2327 mus.
145 2268 245 2340 Neque
266 2267 338 2323 enirn
357 2265 486 2322 Altissimi
500 2265 584 2320 Filius
602 2263 726 2338 rapinam
740 2265 858 2320 arbitra·
914 2264 1003 2336 ipsum
1017 2263 1164 2320 offeramus
1179 2270 1207 2316 et
1222 2261 1277 2316 suis
1293 2279 1299 2318 :
1316 2260 1379 2333 quia
1390 2269 1417 2317 et
1427 2262 1507 2317 Pater
1520 2261 1631 2334 proprio
1645 2261 1714 2320 Filio

59 2356 133 2412 bitur
148 2372 212 2414 esse
223 2371 254 2411 se
268 2355 401 2427 aeqnalem
415 2354 554 2411 ttltissimo
570 2354 704 2428 (Philipp.
715 2369 746 2422 n,
758 2355 797 2424 s).
813 2352 861 2410 llle
916 2367 1031 2410 sunnon
1045 2351 1178 2424 pepercit,
1190 2348 1239 2405 sed
1250 2365 1299 2420 pro
1315 2351 1393 2406 nobis
1414 2349 1524 2406 tradidit
1537 2350 1612 2406 illum
1623 2351 1714 2423 (Rom.

58 2443 160 2501 merito
170 2443 347 2500 arbitrandus
356 2451 399 2500 εει
408 2443 542 2518 cogitasse
557 2443 689 2514 rapinam,
702 2440 748 2514 qni
758 2457 818 2497 oum
827 2441 861 2497 de
917 2456 975 2509 vni,
988 2443 1047 2511 32),
1060 2438 1157 2510 etipse
1171 2437 1242 2492 lilius
1252 2437 1587 2509 semetipsumexinanivit
1600 2438 1715 2497 sormam

60 2533 148 2590 nihilo
167 2532 195 2589 in
220 2533 371 2609 angelicam
395 2530 509 2588 sormam
531 2530 617 2587 laetus
639 2529 743 2596 inisset,
766 2529 862 2585 laetori
919 2529 991 2585 servi
1006 2528 1142 2600 accipiens
1157 2526 1291 2600 (Philipp.
1309 2542 1339 2595 n,
1351 2529 1390 2597 Ἰ).
1402 2528 1464 2599 lpse
1480 2526 1591 2583 tradidit
1605 2526 1634 2583 in
1646 2544 1717 2599 mor3

61 2638 110 2678 suo
124 2637 158 2679 se
173 2636 347 2695 comparans,
363 2621 503 2692 usurpavit
516 2620 569 2676 sibi
579 2618 651 2692 quod
666 2619 724 2675 Filii
733 2617 864 2675 Altissimi
921 2625 975 2675 tem
989 2617 1107 2672 ammam
1122 2631 1209 2686 suam,
1229 2622 1257 2670 et
1272 2631 1332 2671 curn
1347 2616 1488 2673 sceleratis
1503 2624 1643 2688 reputatus
1657 2625 1716 2687 est3
1809 2665 1813 2673 .

60 2711 205 2784 proprium
216 2715 267 2778 εει,
279 2709 327 2783 qui
340 2709 433 2782 ntique
448 2710 476 2765 in
488 2709 576 2766 torma
586 2708 635 2764 Dei
649 2710 794 2766 aDeonon
810 2707 865 2764 iae·
922 2715 949 2763 et
964 2707 1023 2778 ipsa
1037 2712 1150 2777 peecata
1166 2701 1250 2761 149
1262 2705 1409 2761 multorum
1426 2705 1496 2777 tulit,
1513 2713 1542 2762 ει
1560 2721 1611 2778 pro
1626 2713 1719 2763 trans-

62 2807 115 2867 tns,
141 2799 193 2855 sed
212 2799 322 2870 genitus
336 2806 388 2854 est.
412 2797 564 2855 altissimus
587 2799 659 2854 enim
682 2798 756 2853 Deus
776 2798 864 2864 Pater,
920 2794 1091 2868 gressoribus
1106 2795 1215 2868 rogavit
1236 2802 1266 2850 ut
1289 2810 1345 2850 non
1367 2794 1490 2867 perirent
1506 2796 1570 2866 (Iso.
1588 2811 1644 2865 out,
1662 2800 1720 2869 ta).
1744 2853 1749 2861 ,

63 2889 190 2962 quamvis
199 2888 375 2960 omnipotens
390 2887 434 2953 sit,
444 2903 499 2944 non
514 2887 600 2959 potuit
614 2887 759 2944 tamentel
773 2900 866 2959 aeqna·
920 2885 981 2941 Non
996 2890 1110 2955 possunt
1125 2884 1215 2956 perire
1230 2899 1280 2956 pro
1295 2882 1394 2959 quibus
1409 2883 1490 2939 Filius
1515 2892 1594 2958 rogat
1616 2901 1651 2942 ne
1670 2902 1722 2958 pe-

63 2981 117 3035 lem
132 2978 188 3035 sibi
199 2976 324 3035 condere
339 2984 501 3043 ereaturam,
518 2976 562 3033 vel
575 2976 737 3050 inaequalem
751 2976 867 3049 gignere
921 2978 1010 3046 roanl,
1034 2993 1084 3049 pro
1106 2978 1205 3050 quibus
1224 2978 1307 3034 Pater
1322 2977 1431 3034 tradidit
1447 2976 1543 3034 Filium
1558 2979 1584 3033 io
1605 2985 1724 3038 mortem

64 3063 160 3119 lilium.
193 3063 270 3119 Fecit
297 3061 390 3135 itaque
417 3061 543 3134 angelum
569 3077 708 3133 magnum,
734 3063 784 3118 sed
812 3078 867 3118 non
921 3075 952 3122 ut
965 3067 1066 3124 vivant.
1087 3066 1236 3139 aliqualiter
1249 3081 1315 3141 ergo
1336 3067 1371 3120 ab
1389 3075 1505 3137 utroquo
1529 3067 1723 3139 sperandaest

64 3160 187 3227 qnantns
201 3153 262 3225 ipse
278 3170 285 3213 :
302 3159 331 3208 et
344 3149 409 3209 ideo
423 3166 475 3207 nec
488 3149 657 3208 altissimum.
668 3151 761 3208 solnm
776 3160 867 3208 autem
884 3153 906 3233 c
922 3155 1011 3226 uenia,
1028 3154 1125 3227 quibus
1138 3155 1250 3228 aequalis
1261 3164 1302 3212 εει
1312 3153 1450 3227 inpietate
1463 3153 1659 3223 misericordie,
1674 3171 1725 3228 par

64 3243 255 3318 Unigenitum,
272 3256 355 3314 quem
373 3255 428 3296 non
451 3240 524 3309 lenit,
542 3239 593 3297 sed
614 3239 710 3316 genuit
733 3240 868 3314 Omnipo-
923 3245 952 3299 in
966 3243 1104 3301 voluntate
1128 3245 1332 3317 potentianus
1350 3244 1379 3300 in
1401 3244 1504 3302 deitate
1518 3245 1682 3315 substantia,
1696 3245 1725 3302 in

66 3340 128 3387 tens
151 3331 385 3403 omnipotentem,
408 3329 562 3386 Altissimus
584 3329 753 3396 altissimum,
778 3331 868 3387 AEter·
923 3348 977 3406 qna
999 3350 1069 3390 unus
1092 3349 1154 3390 cum
1173 3333 1213 3390 eis
1237 3333 1353 3406 Spiritus
1367 3339 1482 3389 sanetus
1499 3332 1564 3391 vivit
1585 3340 1614 3391 ει
1627 3340 1728 3408 regnat

67 3437 118 3477 nus
127 3426 316 3488 ooaeterntim3
328 3419 417 3491 ipsum
427 3419 477 3473 sibi
487 3433 538 3489 per
547 3418 639 3475 omnia
646 3418 808 3491 comparari,
818 3434 870 3476 nee
923 3421 998 3479 Deus
1011 3438 1062 3495 per
1075 3423 1167 3480 omnia
1180 3421 1280 3480 εεεειιιε
1293 3421 1465 3482 saeenlorum.
1480 3424 1581 3481 Amen.

66 3510 196 3582 rapinam
212 3507 340 3576 eastimet,
355 3523 406 3564 neo
420 3506 557 3579 injuriam.
578 3506 663 3563 Reate
678 3521 746 3580 ergo
761 3507 805 3565 hio
819 3507 871 3564 erit
1215 3554 1359 3613 nomm
1387 3555 1432 3614 w·

68 3613 197 3671 magnus,
213 3597 261 3669 qni
272 3595 355 3652 Filius
376 3595 507 3654 altissimi
525 3596 675 3654 novabitur.

104 3691 151 3744 t3.
167 3686 226 3743 Sed
240 3700 325 3760 quare
340 3685 383 3741 hio
398 3685 459 3754 erit,
476 3693 504 3742 et
518 3700 573 3742 non
587 3687 678 3757 potius
692 3690 735 3742 εει
746 3699 872 3758 magnus,
1122 3667 1155 3722 Μ
1175 3667 1240 3723 W·
1260 3680 1323 3737 ΜΡ·
1338 3680 1358 3732 ¹,
1380 3680 1410 3721 V·
1434 3667 1530 3722 323⁸·

70 3776 115 3849 qni
136 3781 249 3847 semper
262 3773 404 3848 aequaliter
421 3789 547 3848 magnus,
563 3775 716 3833 nonhabet
733 3788 788 3847 quo
807 3791 872 3831 ore·
964 3783 991 3837 l.
1007 3779 1070 3837 Non
1084 3787 1126 3836 est
1140 3778 1261 3847 dubium,
1286 3777 1420 3852 quidquid
1438 3777 1467 3834 in
1490 3777 1616 3837 madibus
1635 3779 1729 3837 llatris

70 3872 215 3931 aean-me
238 3865 328 3934 major
347 3870 411 3935 post
427 3870 589 3935 conceptum
613 3863 719 3919 futurus
732 3863 777 3931 sit,
793 3879 874 3936 quam
927 3867 1103 3940 proterimus,
1125 3869 1159 3923 ad
1181 3867 1277 3923 Filium
1298 3866 1458 3940 pertinere3
1483 3875 1512 3924 et
1534 3884 1651 3938 rursum,
1667 3885 1729 3926 oum

73 3961 136 4011 ante
154 3952 203 4011 vel
218 3952 266 4019 sit,
280 3951 325 4010 vel
339 3951 444 4010 fueriti
457 3955 501 4009 tln
516 3952 587 4010 torta
602 3958 750 4026 propterea
764 3952 874 4020 dixerit,
929 3956 1025 4013 Filium
1049 3958 1223 4024 honoramus,
1238 3972 1254 4011 a
1277 3956 1364 4029 gloria
1378 3956 1471 4012 Matris
1486 3972 1540 4014 non
1564 3958 1732 4024 resedimus,-

72 4047 137 4114 erit,
153 4043 221 4116 quia
236 4043 282 4115 qui
297 4057 414 4115 magnus
427 4042 503 4099 Deus
517 4051 587 4110 etat,
603 4058 718 4118 magnus
731 4043 811 4099 homo
832 4044 874 4099 lu·
929 4049 1009 4117 Nam,
1025 4048 1048 4104 si
1061 4050 1139 4119 juxta
1152 4049 1338 4115 Salomonem,
1353 4049 1445 4106 Filius
1456 4051 1570 4122 sapiens
1582 4051 1674 4121 plortb
1688 4053 1730 4106 est

73 4143 149 4189 turus
158 4132 300 4188 sillBene
310 4145 388 4203 ergo,
400 4135 450 4189 Hic
459 4132 875 4206 erilmaffltusffltgntlsmttto,
930 4141 1022 4214 petris
1036 4138 1130 4209 [Pron.
1142 4154 1168 4203 x,
1186 4137 1230 4211 ι);
1246 4143 1348 4211 quanto
1359 4137 1446 4208 magis
1460 4138 1608 4211 gloriosum
1622 4146 1665 4195 est
1678 4153 1734 4195 ma·

73 4237 193 4298 magnus
207 4220 314 4290 doctor,
331 4236 448 4296 magnus
467 4222 611 4294 propheta·
627 4221 671 4277 Sic
690 4220 764 4276 enim
779 4221 878 4276 dicitur
933 4236 1002 4284 trem
1017 4227 1102 4298 ipsius
1116 4226 1186 4283 effici
1200 4226 1369 4299 Sapientiael
1383 4227 1438 4282 Sed
1457 4226 1522 4299 quid
1545 4243 1598 4300 ego
1613 4235 1688 4285 tento
1702 4229 1731 4287 in

74 4312 108 4367 de
117 4311 193 4367 eoin
203 4310 353 4385 Evangelio
367 4325 374 4365 ε
388 4312 459 4380 Quin
466 4311 605 4384 propbeta
615 4326 734 4383 magnam
749 4313 878 4368 surrexit
932 4320 992 4389 ejus
1003 4315 1137 4383 laudibus,
1150 4331 1231 4387 quam
1242 4315 1406 4370 laudabilem
1420 4316 1569 4385 praedioant
1578 4318 1729 4390 prophetae.

75 4400 293 4472 losodienses.
308 4416 354 4468 tttt,
370 4400 425 4473 to).
441 4400 608 4456 Etaminori
617 4401 733 4472 quodam
745 4401 877 4474 propbeta
932 4405 1059 4478 perhibet
1091 4403 1219 4475 angelus,
1246 4411 1338 4458 narrat
1367 4405 1558 4480 evangelista?
1580 4407 1643 4463 Non
1666 4423 1732 4480 ergo
1839 4421 1843 4431 '

76 4503 195 4561 magum
209 4487 304 4545 itidem
317 4490 451 4560 propheta
460 4494 593 4546 nentnms
603 4489 784 4561 promittitur:
797 4493 876 4557 Ecce,
934 4496 1026 4562 lando,
1041 4494 1106 4568 quia
1120 4511 1174 4550 non
1188 4495 1290 4563 andeo;
1307 4496 1356 4551 sod
1371 4503 1474 4551 tantum
1489 4497 1590 4569 replico
1605 4500 1732 4567 deuotus,

75 4578 174 4650 inquit,
183 4579 281 4635 εεπίει
288 4579 565 4652 propbetomvpnvs,
576 4583 604 4636 et
614 4579 674 4652 ipse
684 4578 828 4639 renovabit
837 4581 880 4636 le·
934 4586 1008 4659 quod
1022 4585 1231 4658 jamenplicavit
1244 4601 1338 4658 penos
1353 4585 1528 4659 euangelistae
1541 4587 1657 4658 Spiritus
1667 4603 1733 4644 san·

77 4667 218 4724 manunt.
232 4666 265 4720 tn
288 4673 317 4722 tu
337 4666 457 4741 quidem,
473 4682 490 4723 o
509 4667 604 4742 Virgo,
621 4669 762 4740 paruulum
777 4671 878 4743 paries,
935 4685 1003 4732 ntus.
1021 4674 1149 4747 Sequitur
1165 4690 1292 4748 namque,
1307 4683 1334 4731 et
1349 4673 1388 4729 ait
1405 4693 1410 4732 :
1432 4676 1465 4731 Et
1481 4676 1560 4732 davit
1574 4676 1620 4732 illi
1638 4679 1735 4736 Domi-

77 4756 222 4827 parantum
244 4757 361 4825 nutries,
386 4757 528 4829 parvulum
551 4759 664 4815 lactabis
685 4776 691 4815 :
712 4759 761 4816 sed
784 4760 880 4817 videns
935 4783 989 4823 nos
1004 4766 1078 4820 Deus
1093 4765 1184 4822 sedem
1196 4768 1284 4823 David
1294 4765 1387 4838 putris
1395 4767 1452 4821 sni.
1464 4764 1557 4820 Verba
1568 4772 1632 4821 sunt
1641 4766 1733 4838 angeli

76 4845 233 4919 parvulum,
252 4845 343 4920 cogita
357 4861 495 4920 magnum.
512 4849 570 4905 Erit
584 4849 657 4906 enim
672 4865 796 4923 magnus,
817 4848 881 4921 quia
936 4853 970 4909 ad
994 4853 1133 4928 Virginem
1156 4854 1190 4910 de
1214 4854 1347 4925 promisso
1370 4853 1446 4920 Filio,
1463 4855 1645 4925 promittentis
1660 4855 1734 4928 quod

76 4934 341 5010 magnificabiteum
357 4938 430 4994 Deus
443 4938 472 4994 in
486 4947 633 5012 conspeetu
648 4956 752 5012 regum,
769 4940 838 4995 adeo
852 4944 882 4994 ut
935 4941 1036 4999 debeat
1049 4941 1190 5013 possidere
1205 4958 1318 5014 regnum
1335 4944 1430 4999 llavid.
1443 4944 1521 5012 Quod
1531 4943 1566 4999 de
1581 4944 1665 5016 stirpe
1681 4946 1736 5001 Da-

77 5025 198 5083 adorem
208 5040 272 5082 eum
282 5039 379 5083 omnes
392 5040 483 5099 reges,
494 5042 590 5084 omnes
603 5036 701 5102 gentes
714 5029 835 5085 serviant
846 5026 880 5084 ei.
936 5031 979 5087 vid
995 5028 1102 5085 duxerit
1116 5028 1249 5101 originem
1270 5031 1401 5088 Dominus
1414 5033 1502 5100 lesus,
1519 5048 1600 5090 nemo
1619 5032 1734 5090 dubitat.

77 5113 240 5194 Nagnilieet
258 5129 325 5187 ergo
345 5123 373 5170 et
396 5115 486 5171 anima
507 5123 552 5172 tua
575 5118 730 5184 Dominum,
752 5120 814 5190 qnia
837 5118 882 5174 lile
937 5120 1035 5190 Quaero
1054 5128 1156 5185 autem,
1171 5120 1308 5191 quomodo
1322 5119 1429 5178 dederit
1443 5124 1469 5179 ei
1483 5125 1555 5180 Deus
1569 5123 1664 5181 sedem
1679 5125 1736 5180 Da·

79 5209 138 5264 erit
149 5221 287 5278 mugnus,
300 5210 329 5263 et
339 5205 431 5263 Filius
450 5208 590 5263 Altissimi
598 5206 754 5264 vocabitur.
770 5209 884 5279 llagnus
937 5211 981 5268 vid
996 5211 1081 5282 patris
1103 5210 1153 5276 sai,
1169 5224 1230 5265 cum
1254 5209 1312 5280 ipse
1341 5211 1369 5264 in
1390 5212 1541 5270 Jerusalem
1565 5229 1619 5270 non
1636 5227 1738 5285 regna-

80 5297 143 5370 erit,
159 5302 191 5352 et
205 5310 307 5366 magna
320 5293 404 5351 laniet
418 5294 464 5351 tibi
479 5296 525 5369 qui
538 5303 636 5369 potens
649 5306 700 5362 est,
720 5304 748 5351 et
762 5303 884 5352 sanetum
938 5301 1018 5364 verit.
1033 5299 1098 5372 quin
1122 5299 1175 5354 imo
1200 5298 1285 5353 tarbis
1308 5315 1370 5354 eum
1393 5300 1546 5358 volentibus
1573 5302 1740 5362 constituere

80 5403 184 5445 nomen
195 5389 268 5459 ejus.
280 5386 360 5458 Quod
374 5389 446 5445 enim
460 5388 580 5446 sanetius
593 5404 702 5458 nomen,
718 5403 799 5462 quarn
813 5388 886 5460 quod
939 5406 1043 5462 regem,
1060 5404 1115 5445 non
1128 5387 1297 5462 acquieverit
1323 5389 1416 5459 (loon.
1431 5406 1469 5456 vt,
1486 5391 1541 5463 ta),
1556 5391 1606 5448 sed
1629 5400 1657 5448 ει
1675 5400 1741 5450 anta

81 5480 173 5538 Piliae
187 5478 334 5536 ditissimi
354 5478 523 5538 vocabitur?
536 5478 722 5554 llagnifioetur
737 5485 765 5540 ει
777 5494 794 5534 a
807 5477 887 5535 nobis
939 5477 1036 5536 taciem
1050 5477 1128 5536 Pilati
1137 5485 1301 5552 protestatus
1315 5478 1368 5536 sit:
1380 5481 1505 5554 Regnum
1518 5497 1613 5541 meum
1626 5499 1686 5542 nvn
1699 5487 1744 5542 oet

81 5568 208 5644 parrum
220 5562 345 5642 madanti
357 5568 502 5644 bobinus,
518 5565 588 5646 quos
600 5577 631 5630 nt
644 5570 747 5630 laceret
761 5583 885 5644 magnos,
944 5569 978 5627 de
992 5570 1043 5632 loe
1056 5569 1165 5629 mvndo
1178 5569 1272 5642 (loon.
1287 5583 1367 5641 xvtu,
1382 5570 1576 5646 vulnerique
1596 5571 1663 5645 quid
1683 5586 1742 5629 ma-
