3734 5948
117 222 162 285 131
356 223 358 227 ’
582 212 612 272 S.
636 208 803 270 ccultant
822 209 956 274 tbssttls
975 209 1281 274 cltuutttttttsts
1707 206 1761 265 tet

150 353 176 405 rt.
193 349 235 402 du
254 359 319 401 vero
333 343 368 400 de
383 343 569 400 innocentium
581 338 689 398 coronis
707 337 768 411 quis
783 337 906 396 dubitet?
923 354 948 436 g
967 340 1089 398 siderent
1102 346 1129 396 et
1142 338 1286 395 advertant
1305 343 1431 394 nentrum
1445 332 1547 409 negligi
1562 339 1698 405 oportere,
1714 334 1762 390 ubi

116 436 164 493 llle
183 450 233 508 pro
254 433 361 490 Christo
385 431 532 488 trucidatos
560 429 677 486 intentes
702 426 807 483 dubitet
837 427 908 484 inter
964 445 1018 487 non
1033 428 1141 488 videtur
1156 427 1253 483 deesse
1268 425 1391 491 facultas,
1407 421 1561 496 prasertim
1575 438 1637 478 cum
1652 429 1760 479 utrum·

115 535 250 598 martyres
270 523 404 591 coronari,
429 523 475 595 qui
495 527 669 594 regeneratos
685 518 712 572 iu
727 516 833 573 Christo
854 533 909 573 non
963 536 1016 593 quc
1031 519 1090 576 sinc
1104 518 1189 574 altero
1205 516 1263 589 (ubi
1276 524 1367 572 tamen
1383 513 1495 570 facultas
1510 513 1598 585 deest)
1608 529 1663 569 nou
1679 515 1762 569 morlo

116 614 202 672 credit
233 613 304 667 inter
330 610 484 682 adoptionis
511 608 580 664 lilios
605 605 755 661 numerari.
785 605 909 679 Alioquin
963 609 1079 664 salutern
1099 606 1225 664 conferre
1242 605 1339 677 possit,
1348 603 1397 661 sed
1412 602 1494 659 etiarn
1508 601 1690 659 sanctitatem.
1706 602 1763 659 Sed

116 703 226 778 quaudo
247 716 352 758 comtos
371 699 423 754 sibi
437 713 538 770 pueros
561 710 629 768 puer
652 694 696 750 ille
711 694 757 766 qui
771 702 850 749 natus
869 702 911 750 est
964 707 991 755 ec
1015 699 1065 754 buc
1091 713 1201 771 quoque
1225 694 1340 751 firmiter
1363 699 1484 758 teneant,
1501 692 1632 764 prodesse
1651 691 1762 765 quidem

115 793 205 861 nobis,
221 806 275 847 non
299 798 393 846 contra
408 803 467 856 nos,
486 793 599 858 propter
619 801 649 841 se
662 792 799 855 pateretur
812 783 909 853 occidi,
963 802 1032 860 opus
1046 786 1104 843 sine
1121 787 1267 853 voluntate,
1280 800 1335 840 nou
1351 790 1441 839 autem
1457 780 1539 855 [clius
1549 780 1651 855 tamen]
1667 791 1763 837 contra

113 862 189 956 quod
204 881 298 953 ntique
314 879 371 935 solo
386 884 453 932 nutu
460 883 567 947 poterat
581 873 738 946 probibere,
752 873 804 928 nisi
813 873 910 929 melus
963 876 1144 941 voluntatem
1160 882 1189 930 ut
1203 874 1276 929 unde
1291 873 1427 928 salvantur
1452 869 1579 936 infantes,
1595 869 1662 926 inde
1675 870 1764 942 magis

115 969 218 1044 aliquid
239 968 279 1024 eis
301 964 480 1039 provideret?
494 972 533 1032 ut,
557 963 786 1035 quemadmodum
805 961 910 1018 creteris
964 966 1127 1021 damnentur
1151 963 1212 1019 lictc
1237 961 1410 1018 accedentes.
1434 959 1617 1015 Nihilominus
1640 975 1706 1016 sane
1735 959 1763 1014 in

114 1058 262 1114 infantibus
290 1063 353 1109 tunc
385 1052 495 1125 quidem
527 1051 706 1119 circumcisio,
740 1066 813 1106 nriuc
845 1065 910 1106 vero
964 1053 1127 1127 quibusdam
1150 1052 1274 1109 voluntas
1296 1050 1356 1106 sine
1377 1064 1461 1121 opere
1483 1047 1691 1118 sufficiensest,
1707 1062 1762 1105 non

115 1145 266 1217 baptismus
281 1142 340 1198 sine
355 1137 910 1212 ullopropriaevoluntatisususullicitad
964 1150 1054 1199 autern
1074 1150 1168 1199 contra
1195 1156 1273 1212 opus.
1302 1137 1386 1196 Verbi
1409 1153 1500 1206 causa,
1525 1136 1628 1209 rapitur
1652 1137 1712 1211 quis
1735 1136 1763 1191 in

114 1234 240 1302 salutem,
265 1232 304 1288 sic
327 1228 501 1286 nibilominus
525 1243 573 1300 pro
597 1244 630 1284 co
654 1235 810 1299 susceptum
834 1243 910 1283 mar·
965 1233 1036 1288 bona
1045 1226 1367 1305 quidemvoluutate,scd
1378 1226 1496 1283 necdum
1507 1225 1763 1298 perlecta,necdum

114 1323 215 1397 tyrium
238 1320 291 1377 illis
317 1317 454 1375 srtlirccrct
482 1318 516 1374 ad
544 1316 722 1373 sanctitatem.
753 1316 782 1372 Si
811 1316 910 1391 quaeris
964 1320 1063 1377 idonea
1086 1318 1244 1391 martyrium
1267 1317 1424 1373 sustinere:
1451 1315 1512 1388 quis
1535 1314 1572 1370 illi
1596 1316 1695 1372 audeat
1714 1328 1764 1386 pro

114 1427 210 1471 corum
225 1410 295 1482 apud
317 1408 406 1464 Deum
428 1406 537 1475 merita,
553 1413 582 1462 ut
594 1413 801 1473 coronarentur,
818 1421 910 1479 quiere
964 1409 1016 1467 bac
1042 1407 1249 1480 imperfectione
1279 1420 1381 1477 negare
1412 1403 1547 1459 salutent
1578 1403 1659 1461 Forte
1688 1401 1762 1459 enim

114 1506 144 1559 ct
169 1498 240 1572 apud
268 1495 403 1553 Herodem
430 1493 554 1561 crimina,
582 1501 611 1550 ut
634 1492 844 1551 trucidarentur.
869 1497 911 1550 An
964 1505 1110 1571 propterea
1133 1511 1189 1552 nou
1204 1494 1303 1550 sinitur
1317 1494 1345 1549 in
1363 1491 1437 1548 illam
1457 1507 1569 1565 gravem
1584 1493 1762 1549 tentationem

114 1587 288 1647 tortcminor
302 1584 400 1643 Christi
420 1583 519 1656 pietus,
539 1598 621 1656 quum
644 1582 760 1638 Herodis
775 1582 910 1653 impietus,
964 1587 1068 1658 venire,
1084 1602 1119 1643 ue
1141 1584 1251 1642 deluat
1265 1591 1292 1640 et
1313 1582 1468 1639 damnetur.
1482 1580 1617 1637 Nimirum
1631 1581 1655 1638 si
1670 1581 1698 1638 iu
1712 1582 1763 1638 tuac

115 1686 145 1736 ut
158 1678 204 1735 ille
218 1676 328 1749 quidem
343 1673 462 1747 potuerit
482 1671 608 1728 innoxios
622 1672 682 1729 neci
698 1672 774 1739 darc,
790 1671 911 1729 Christus
965 1685 1019 1733 tum
1047 1675 1155 1731 infirma
1180 1673 1318 1730 voluntate
1346 1671 1521 1727 induceretur
1548 1669 1576 1725 in
1601 1684 1672 1739 eam,
1703 1687 1764 1744 qnae

87 1808 93 1819 .
115 1783 170 1824 non
183 1765 302 1840 potuerit
315 1770 426 1836 propter
444 1779 474 1819 se
487 1761 593 1820 occisos
615 1764 772 1819 coronaret
786 1762 826 1818 Sit
845 1778 911 1835 crgo
965 1783 1047 1838 supra
1063 1766 1152 1837 ipsum
1167 1770 1218 1832 est,
1240 1762 1428 1830 tentationem,
1448 1775 1501 1816 noc
1515 1760 1640 1816 voluntas
1655 1760 1764 1816 robora·

116 1857 271 1928 Stephanos
293 1859 396 1924 martyr
418 1852 489 1924 apud
504 1852 639 1917 homines,
661 1852 739 1922 cujus
760 1851 912 1909 voluntaria
965 1844 1056 1925 retur,
1082 1849 1144 1925 quis
1166 1849 1243 1905 illum
1266 1847 1373 1904 dubitet
1391 1847 1574 1917 delectarum,
1589 1854 1762 1919 negaturum,

115 1943 204 2018 passio
220 1942 360 2000 evidenter
373 1939 499 2014 apparuit
512 1939 539 1995 in
553 1955 588 1997 eo
601 1940 643 1999 vel
658 1939 785 2010 maxime,
796 1941 868 2013 quod
885 1940 912 1997 in
965 1952 1002 2013 et,
1019 1941 1042 1998 si
1056 1941 1084 1996 in
1102 1955 1136 1997 eo
1154 1937 1224 1996 niori
1243 1936 1399 2012 contigerit,
1419 1935 1501 1992 etiarn
1523 1934 1694 2008 peritumml
1710 1934 1763 2003 cui

115 2032 175 2107 ipso
193 2030 291 2088 mortis
304 2029 417 2087 articulo
432 2038 486 2085 tam
505 2045 555 2102 pro
570 2029 809 2103 persequentibus,
829 2047 911 2104 quam
964 2034 1042 2093 cuim
1056 2030 1203 2090 erubuerit
1216 2046 1262 2086 mc
1275 2042 1373 2085 corona
1388 2027 1545 2092 nomnibus,
1560 2027 1719 2083 crubescunt
1733 2029 1762 2082 ct

114 2136 165 2195 pro
179 2136 209 2177 se
233 2119 292 2192 ipso
314 2116 524 2176 sollicitudinem
547 2125 656 2188 gereret
668 2117 829 2191 ampliorem
849 2118 911 2175 vin-
964 2138 1012 2196 ego
1022 2137 1096 2189 cum,
1107 2119 1144 2176 ait
1154 2117 1296 2187 Dominus,
1304 2132 1402 2176 corum
1414 2115 1522 2186 onpcltr
1532 2116 1584 2172 Dci
1591 2116 1759 2187 lucente).

115 2215 245 2282 ceretqne
265 2207 294 2263 in
308 2223 343 2264 eo
366 2222 475 2264 sensum
490 2222 630 2280 corporeae
648 2207 784 2280 passionis
798 2207 912 2265 intcmae
964 2212 996 2268 ln
1019 2226 1053 2268 ea
1073 2208 1156 2285 igitur
1177 2204 1337 2280 imperfecta
1350 2203 1499 2274 voluntate,
1515 2203 1544 2258 in
1566 2219 1622 2276 qua
1643 2203 1763 2261 salvatur

114 2295 312 2369 compassionis
339 2294 470 2364 affectum
497 2303 527 2351 ot
553 2295 661 2353 illorum
683 2295 771 2371 magis
797 2296 911 2369 scelera,
966 2300 1037 2374 quis,
1061 2299 1109 2355 ubi
1133 2296 1211 2354 deest
1240 2294 1353 2352 {aculus
1379 2293 1482 2366 operis,
1497 2308 1553 2365 pam
1581 2308 1637 2349 non
1664 2293 1762 2350 salvari

116 2401 199 2460 mam
213 2401 262 2440 sua
274 2383 387 2442 vulnera
400 2384 553 2457 plangeret.
571 2383 612 2441 Sit
629 2386 748 2441 loannes
770 2385 842 2457 apud
865 2403 913 2442 an·
965 2396 1059 2462 posset
1070 2393 1182 2460 propter
1195 2384 1332 2442 delectum
1342 2384 1445 2455 operis,
1454 2382 1498 2439 uel
1512 2398 1580 2455 opas
1589 2383 1762 2441 delectionis.

115 2473 193 2547 gelos
215 2471 296 2530 788
316 2480 429 2544 martyr,
445 2472 557 2547 quibus,
580 2480 708 2545 tauquam
730 2473 913 2544 spiritualibus
966 2479 1041 2534 ldem
1055 2493 1120 2535 vero
1139 2484 1167 2533 et
1185 2475 1214 2531 in
1232 2473 1386 2550 ignorantia
1409 2479 1503 2543 posset
1524 2472 1659 2530 accidere.
1673 2473 1765 2528 AEruu·

4 2566 8 2573 ’
115 2560 258 2632 creaturis,
288 2560 420 2633 spiritulia
449 2560 603 2619 devotionis
624 2563 685 2632 ejus
709 2562 787 2638 signa
813 2565 914 2621 certius
965 2568 1054 2624 lemur
1067 2565 1182 2637 proinde
1196 2564 1365 2629 charitatem,
1383 2569 1410 2618 et
1425 2567 1563 2617 sectemur
1581 2562 1653 2617 bona
1667 2575 1762 2632 opera,

115 2651 300 2709 innotuertmt.
323 2650 459 2707 Caeterum
481 2649 509 2705 bi
532 2658 595 2706 sunt
608 2650 689 2723 plane
715 2656 847 2723 martyres
864 2652 912 2720 tui,
966 2655 1064 2713 tratres
1078 2654 1142 2724 mci,
1158 2669 1210 2711 nec
1223 2651 1397 2720 intimitatis,
1408 2665 1459 2707 nec
1474 2649 1636 2723 ignorantie
1652 2659 1765 2722 peccata

114 2741 200 2808 Dens,
215 2747 244 2797 nt
265 2739 293 2795 in
314 2739 413 2812 quibus
428 2754 479 2795 nec
492 2739 575 2795 homo
594 2755 646 2794 nec
659 2738 773 2811 angelus
786 2741 913 2796 meritum
965 2744 1020 2801 ullo
1035 2744 1117 2819 modo
1132 2741 1371 2815 parvipendentes.
1388 2738 1475 2812 Magis
1499 2747 1589 2795 autem
1608 2739 1715 2796 solliciti
1737 2745 1765 2795 et

115 2828 230 2896 invenit,
245 2827 390 2901 singularis
404 2836 456 2884 tuae
479 2828 657 2900 prerogativa
681 2829 778 2900 gratiae
800 2829 913 2887 criden·
965 2820 1094 2904 timorati,
1109 2848 1223 2908 agamus
1241 2827 1551 2906 gratiusbeniguissimo
1568 2836 1596 2884 ct
1610 2827 1763 2900 largissimo

114 2919 169 2976 tius
187 2918 405 2975 commendetur.
429 2918 470 2973 Ex
486 2932 534 2974 ore
554 2916 697 2973 infantium
711 2927 739 2975 et
757 2918 913 2975 lactentium
967 2922 1111 2994 salvatori,
1135 2921 1182 2995 qui
1204 2923 1330 2977 humane
1351 2917 1445 2975 salutis
1464 2917 1624 2974 occasiones
1647 2927 1701 2974 tam
1718 2933 1765 2974 co-

114 3006 253 3081 periecisti
271 3005 382 3063 laudem
404 3007 492 3079 (Paul.
508 3020 566 3076 vm,
582 3009 617 3077 ³).
637 3007 732 3064 Gloria
753 3008 915 3067 incensitis
966 3012 1044 3085 piosa
1067 3010 1197 3068 charitate
1221 3008 1362 3082 perquirit,
1386 3013 1416 3065 ut
1438 3007 1467 3062 iu
1489 3007 1532 3064 bis
1552 3007 1719 3064 uoluntatem
1738 3014 1766 3062 at

115 3099 181 3167 lico,
197 3096 287 3169 angeli
297 3096 401 3164 dicunt,
412 3101 440 3153 ct
454 3098 486 3153 in
501 3101 579 3154 terra
596 3113 657 3169 pou
673 3096 823 3154 homnibus
836 3100 915 3156 bcnae
929 3050 951 3131 Β
967 3118 1046 3176 opus,
1070 3101 1097 3156 iu
1121 3100 1163 3155 his
1191 3099 1249 3155 sine
1268 3113 1353 3171 opere
1375 3097 1552 3164 voluntatem,
1567 3096 1595 3152 in
1618 3096 1660 3152 bis
1683 3096 1765 3152 ctiam

115 3188 275 3245 uoluntatis
290 3188 365 3254 (Lac.
382 3200 412 3253 rt,
429 3184 483 3257 tt).
503 3186 601 3260 llagua
614 3183 737 3259 quidem,
752 3187 811 3260 sed,
826 3188 915 3245 audeo
968 3193 1027 3249 sinc
1052 3191 1190 3249 voluntate
1215 3203 1287 3261 opus
1310 3186 1404 3244 salutis
1426 3185 1550 3244 invenire
1574 3187 1690 3254 letetur,
1719 3184 1766 3258 qui

116 3275 218 3345 dicere,
246 3273 363 3329 necdum
392 3273 514 3345 perlecta
538 3273 607 3344 lans,
636 3274 725 3330 donec
751 3275 843 3332 veniat
869 3276 916 3350 qui
968 3281 1025 3342 uult
1043 3296 1139 3338 omues
1153 3278 1277 3336 homines
1301 3277 1390 3335 salvos
1413 3275 1483 3345 liert,
1507 3275 1583 3333 etad
1597 3274 1767 3350 agnitionem

117 3363 189 3419 dicat
206 3382 212 3421 t
230 3364 321 3420 Sinite
339 3364 471 3437 paruulos
495 3363 531 3419 nd
550 3379 595 3420 mc
608 3366 714 3435 uenire,
730 3365 798 3439 quio
813 3367 917 3424 tatium
970 3372 1011 3428 sui
1025 3369 1129 3429 venire.
1145 3369 1209 3425 llaec
1223 3376 1265 3425 est
1284 3367 1359 3424 enim
1371 3365 1426 3424 vita
1445 3373 1558 3435 aeoerna,
1574 3373 1602 3421 ut
1616 3379 1768 3437 cognosca-

117 3451 561 3526 crtrcynunrctetorumlllcttb.
576 3467 632 3522 xix,
649 3455 710 3526 tt),
726 3461 815 3527 etpax
829 3453 917 3512 homi·
969 3477 1031 3518 mus
1059 3462 1168 3516 Putrem
1191 3474 1285 3516 verum
1308 3457 1407 3524 Deum,
1423 3462 1450 3512 et
1472 3469 1554 3527 quem
1579 3453 1652 3508 misit
1672 3454 1766 3510 lesum

117 3542 208 3612 nibus,
239 3540 322 3598 etium
348 3540 407 3596 sinc
439 3540 581 3598 uoluntatis
613 3558 664 3598 usu
691 3541 719 3597 in
747 3554 917 3603 sacramento
970 3550 1107 3609 Christum
1135 3549 1229 3620 (loon.
1259 3563 1328 3617 xvtt,
1354 3548 1393 3619 3),
1419 3544 1465 3619 qni
1492 3559 1563 3600 unus
1576 3559 1640 3600 curn
1664 3557 1698 3600 co
1719 3559 1768 3600 ve·

115 3631 237 3706 Pietatis·
971 3659 1018 3698 rus
1040 3646 1083 3698 est
1105 3641 1179 3697 Deus
1205 3637 1394 3712 superomnia
1416 3634 1577 3694 benedictus
1605 3633 1633 3690 in
1656 3632 1766 3692 meula.

151 3725 180 3779 3.
210 3719 390 3778 considerent
411 3720 469 3776 baee
490 3720 536 3794 qui
560 3721 595 3778 de
617 3737 703 3795 opere
729 3731 756 3780 ct
777 3725 919 3784 uoluntate
971 3735 1070 3790 nmen.

118 3809 296 3869 contentiosis
318 3805 407 3868 solent
433 3808 662 3882 disputationibus
679 3812 824 3888 corrixari;
849 3831 918 3875 con-

673 3978 714 4043 ru
737 3941 1036 4054 cracuucts'ronu
1059 3981 1210 4048 nentur.

439 4075 558 4135 stulto
577 4077 596 4134 l.
932 4106 955 4183 ὓ
972 4086 1056 4146 multo
1070 4084 1171 4143 certitu
1186 4085 1284 4157 probat
1297 4083 1384 4140 Patris
1406 4082 1541 4153 divinitas,
1558 4083 1702 4159 integritas
1714 4097 1770 4138 ma-

120 4193 918 4277 cctectiuucmuuycticuuPostquumcuucmnunrunt
972 4177 1030 4234 ’ἠδ’
1051 4176 1179 4233 summm
1194 4173 1324 4232 ⁸³⁰⁶¹d⁰⁸
1343 4180 1393 4274 ‘ft‘
1411 4190 1496 4249 quem
1516 4191 1568 4232 ¹¹⁰⁰
1581 4189 1664 4246 mim
1679 4179 1768 4245 pm·

155 4278 214 4334 dics
228 4279 300 4345 octo,
317 4278 350 4332 ut
365 4276 618 4334 circumcideretur
630 4279 716 4346 Puer,
731 4283 861 4337 uocatum
875 4284 918 4340 cst
971 4282 1023 4322 ¹¹0⁰
1042 4281 1126 4337 ⁸⁰9⁰?
1139 4272 1227 4321 mille
1246 4264 1498 4334 wssiimlssissdssmi
1518 4263 1711 4336 Pf⁰l>¹¹0i³i¹¹m
1726 4268 1770 4317 θῦῑ

156 4363 261 4404 nornen
275 4351 338 4420 cjnr
356 4346 445 4404 lctus.
464 4366 476 4400 t
491 4346 569 4418 (Luc.
586 4361 616 4417 tt,
632 4348 688 4419 2¹).
971 4354 1000 4410 in
1013 4354 1076 4426 lege
1089 4353 1191 4426 (teuit.
1206 4369 1262 4423 xxi,
1280 4354 1324 4426 tt)
1338 4353 1429 4426 potius
1443 4369 1524 4427 quam
1538 4353 1705 4409 mandatum.
1721 4352 1770 4411 Est

158 4440 183 4490 l.
200 4434 360 4491 Audivimus
375 4434 469 4507 paucis
490 4450 651 4509 expressum
665 4453 795 4510 maguum
808 4439 918 4512 pietatis
971 4443 1046 4502 enim
1060 4443 1110 4499 tibi
1132 4445 1212 4501 r’ater
1226 4443 1261 4500 ab
1274 4450 1387 4512 aetemo,
1412 4444 1462 4500 scd
1485 4444 1558 4501 licus
1572 4451 1625 4509 est,
1643 4440 1730 4500 189
1741 4443 1771 4500 in

120 4530 340 4581 sacramentum.-
353 4524 504 4583 audivimus
514 4540 663 4598 congruam
673 4525 819 4585 lectionem
829 4528 918 4586 Verbo
972 4549 1053 4608 quem
1066 4541 1208 4605 peccatum
1222 4548 1277 4590 non
1291 4533 1372 4602 cadit,
1383 4535 1431 4590 Est
1446 4541 1474 4590 ct
1487 4539 1620 4590 materen
1634 4542 1768 4607 tempore,

121 4612 277 4671 abbreviato
295 4614 370 4686 quod
390 4614 454 4671 iecit
477 4614 610 4672 Dominus
630 4626 713 4689 super
735 4624 847 4673 terram.
862 4619 919 4675 db·
971 4625 1021 4681 sed
1035 4623 1128 4698 virgo;
1144 4639 1196 4679 uec
1212 4638 1310 4695 parcre
1333 4623 1421 4696 potuit
1443 4622 1611 4696 incorruptio
1630 4631 1772 4696 corrupte·

122 4703 272 4761 breviatum
303 4703 377 4760 cuim
409 4704 438 4759 in
471 4719 563 4775 carne,
596 4705 712 4776 amplius
744 4707 920 4767 abbreviatur
970 4713 1036 4769 lam.
1060 4712 1148 4784 Super
1166 4713 1225 4769 baec
1245 4716 1337 4771 omnia
1360 4712 1562 4771 circumciditur
1580 4714 1660 4780 Puer,
1675 4715 1770 4786 tignus

121 4800 247 4865 suscepta
279 4792 361 4848 etiam
393 4791 483 4850 carnis
514 4792 730 4852 circumcisione.
769 4796 919 4854 Niceratus
971 4787 1033 4859 sinc
1046 4801 1152 4858 macula
1168 4817 1176 4857 s
1192 4801 1244 4857 etsi
1271 4816 1327 4858 non
1341 4803 1426 4876 eguit,
1446 4810 1538 4860 nmen
1552 4802 1637 4861 uoluit
1655 4801 1772 4859 circnm-

122 4880 202 4953 paulo
218 4881 308 4936 minus
331 4882 365 4937 ab
380 4880 486 4955 angelis
499 4881 549 4939 Dei
572 4881 665 4953 Filius,
680 4885 827 4941 humanam
841 4894 920 4943 natu·
972 4890 1036 4948 cidi.
1050 4891 1109 4947 Nec
1123 4889 1268 4967 vestigium
1288 4892 1400 4965 quidem
1413 4891 1498 4948 ullum
1511 4891 1632 4949 vulneris
1654 4891 1771 4961 babens,

123 4986 182 5026 ram
197 4969 298 5039 induit;
313 4971 363 5025 sod
377 4971 435 5041 jam
448 4987 500 5028 nco
514 4970 604 5043 ipsum
619 4987 752 5045 respuens
767 4976 919 5034 remedium
973 4980 1143 5053 alligaturam
1158 4996 1213 5038 non
1227 4983 1328 5059 refugit
1342 4981 1473 5041 volueris.
1488 4982 1549 5039 Non
1564 4982 1604 5038 sic
1617 4981 1703 5054 impii,
1715 4996 1770 5038 non

58 5080 67 5091 ’
123 5061 249 5116 humanae
263 5059 462 5133 {cormptionis
491 5062 572 5136 plane
599 5063 684 5120 molto
712 5063 862 5123 minoratus
884 5069 920 5124 ab
973 5070 1029 5140 sic;
1044 5085 1100 5128 non
1115 5071 1155 5128 sic
1169 5071 1225 5145 agit
1238 5070 1404 5144 perversitas
1417 5071 1543 5129 clationis
1556 5072 1772 5129 humanteEru·

102 5150 173 5206 ‘eis
203 5148 293 5205 llabcs
315 5148 401 5222 igitur
414 5151 458 5207 hic
482 5167 610 5228 magnum
632 5151 697 5210 iidci
715 5152 919 5228 documentum,
973 5161 1110 5218 bescitnus
1131 5161 1274 5219 uulnerum
1296 5162 1452 5236 ligaturam,
1481 5163 1529 5235 qui
1554 5163 1591 5220 de
1615 5160 1774 5220 vulneribus

124 5240 209 5296 habes
235 5246 263 5295 et
290 5237 466 5297 manifestum
498 5243 655 5299 humilitatis
682 5247 848 5320 exemplum.
877 5247 920 5304 nd
974 5250 1113 5308 interdum
1132 5253 1214 5310 ctiam
1236 5251 1393 5325 gloriamur.
1415 5252 1505 5323 Quem
1519 5268 1601 5311 nemo
1621 5259 1711 5326 potest
1724 5268 1772 5308 ar·

125 5329 191 5402 quid
204 5326 277 5386 enim
291 5328 341 5385 tibi
355 5327 524 5389 circumcisio
538 5333 703 5406 necessaria,
719 5336 766 5410 qni
780 5344 922 5410 peccatum
974 5356 1059 5415 gnere
1073 5341 1109 5399 de
1121 5349 1246 5415 peccato,
1260 5340 1320 5416 ipso
1343 5341 1448 5413 peccati
1468 5343 1630 5415 remedium,
1647 5351 1676 5400 et
1693 5358 1773 5400 vere-

125 5431 182 5477 non
209 5416 370 5477 commisisti
392 5435 444 5476 nec
470 5422 649 5480 contraxisti?
677 5422 756 5494 Quod
778 5424 837 5500 ipse
864 5442 922 5484 non
974 5432 1094 5488 cundum
1118 5431 1221 5504 pariter
1239 5438 1266 5487 et
1284 5439 1437 5506 austerum,
1452 5433 1512 5490 sinc
1535 5433 1589 5489 uda
1608 5432 1772 5490 necessitate

125 5507 235 5581 rmum,
263 5517 330 5567 otas
355 5508 525 5581 manifestae
560 5512 633 5586 quod
660 5529 715 5572 non
742 5515 921 5590 contraxeris,
973 5519 1108 5595 msccpiu
1127 5536 1180 5580 nec
1194 5519 1294 5595 repulit
1307 5522 1424 5582 cultram
1434 5521 1586 5598 lapideum,
1601 5522 1630 5579 in
1643 5521 1772 5599 qoosole
