3734 5948
101 211 155 266 {87
556 207 783 267 &8811le
800 202 944 262 assatis
961 196 1294 258 culae-vautlttsts
1699 196 1755 249 tas

101 332 149 390 Μ
162 330 269 405 *Equus
284 339 383 405 lulum
393 333 422 390 lu
435 333 542 407 liumus
557 333 585 390 5¹
597 331 722 407 ieiuniis,
745 329 775 387 5¹¹
801 328 896 386 ¹⁰P⁰l0
911 346 937 425 st
953 342 1045 402 Simile
1059 357 1126 416 erga
1148 354 1210 399 esse
1232 352 1347 398 necasse
1369 346 1411 396 est
1430 333 1564 410 quidquid
1583 332 1715 391 tondatur
1727 335 1757 391 ln

102 427 131 480 et
144 421 250 479 ceteris
264 422 427 494 hugsmodi,
447 431 494 480 ant
513 423 594 480 etiam
618 423 763 480 maltorum
779 421 823 495 (nt
845 419 898 476 sibi
953 433 1022 505 ipsa,
1037 430 1104 503 Quis
1118 429 1190 488 enim
1209 443 1292 501 super
1314 426 1411 500 fragile
1424 424 1632 482 mouumentum
1652 423 1754 481 stabile

101 510 221 581 lidelul)
235 511 342 568 (filiun
358 514 514 570 mmmmm
527 513 610 584 ¹⁰u8⁰
633 520 756 584 ‘timpum
778 510 898 583 mquid·
952 521 1046 578 credat
1059 518 1225 576 edificium?
1237 516 1240 521 '
1253 515 1407 572 Periculosa
1429 512 1561 569 habitatio
1587 528 1682 570 eoram
1706 511 1759 584 qui

102 599 156 668 ιιιις
171 599 240 655 etin
255 603 297 656 liis
311 601 460 669 conlidens,
478 602 616 659 remissior
629 610 671 657 est
684 602 711 656 iu
726 600 823 657 timore
836 597 897 666 Dei,
951 612 980 667 in
995 609 1169 667 memissuis
1193 615 1321 679 sperarim
1349 603 1512 676 periculosa,
1541 602 1604 674 qnia
1634 602 1757 658 ruinosa.

104 687 182 744 facile
195 691 252 760 lam
275 690 309 745 ad
333 691 484 748 θῑῑῡδῑῑᾶῑθδ
503 700 531 747 θῑ
552 689 721 746 <ullusulius
747 690 900 761 u0l¹¹¹⁰5⁰³³
951 701 1053 757 Eorum
1068 715 1134 756 voro
1148 697 1195 771 qni
1208 695 1428 755 consideratione
1448 691 1565 764 proprie
1590 689 1759 747 infirmitatis

103 777 222 851 quadam
251 779 396 836 securitate
422 780 548 843 declinat,
579 786 739 844 uuuuuul’ul,
770 778 897 844 dulmbilr
952 788 1142 863 desperatione
1156 785 1332 857 dejiciantur,
1349 768 1480 838 habitatio
1494 779 1641 847 estanxia,
1657 787 1686 836 et
1710 795 1760 836 eas

103 866 299 940 diludiuutquu·
317 868 368 938 Qui
383 867 514 939 profectu.
530 867 701 924 uihubituuel
715 867 743 922 iu
765 866 901 938 udjuluuiu
952 877 1141 935 intormentis
1167 875 1282 931 diximus
1311 870 1443 927 habitare.
1465 869 1592 939 Quandiu
1621 869 1695 926 enim
1724 877 1755 925 et

104 953 328 1024 llei,attenderet
342 954 901 1026 utiquesihiettimeretoliendere‚quem
954 982 1049 1040 poenas
1065 964 1211 1033 sustinent,
1235 961 1373 1033 inquibus
1396 965 1476 1014 „0010
1498 966 1525 1014 er
1540 958 1584 1013 die
1606 965 1760 1014 comm-un.

105 1042 158 1099 ⁸lbi
170 1051 350 1112 cognosceret
364 1043 453 1099 udhuu
467 1051 522 1098 “uu
537 1044 721 1100 uuuuuuufium
732 1059 803 1100 usuu·
814 1044 901 1099 Tuulu
954 1058 1011 1119 tnr;
1028 1062 1056 1110 ct
1071 1054 1111 1110 eis
1124 1067 1232 1127 quoque
1247 1066 1316 1124 quas
1339 1048 1460 1105 nondam
1484 1047 1617 1111 sentiunt,
1639 1046 1760 1119 amplius

106 1130 240 1202 siquidem
255 1132 370 1203 amulius
383 1133 478 1189 liuere
502 1133 598 1198 Duum·
622 1141 652 1188 θῑ
669 1132 755 1204 magis
771 1131 902 1188 uulliuiluu
954 1142 1119 1208 cruciantur,
1142 1150 1172 1196 ut
1195 1155 1250 1196 non
1272 1136 1389 1195 sufficiat
1413 1135 1469 1192 diei
1489 1133 1592 1191 malitia
1619 1151 1679 1204 sua,
1707 1137 1758 1191 sed

76 1228 80 1234 ⁴
106 1236 167 1277 0⁵⁸0
181 1220 325 1288 dubuerat,
341 1232 441 1294 quanto
456 1224 560 1293 muitum
575 1224 635 1292 etuu
650 1237 762 1278 munera
775 1222 902 1292 jamuel·
956 1232 1144 1304 opprimuntur
1160 1228 1202 1283 liis
1216 1242 1324 1299 quoqne
1338 1241 1399 1298 quae
1412 1223 1528 1280 fortasse
1548 1239 1688 1296 nunqnam
1703 1239 1759 1279 ex-

105 1311 188 1382 cepit.
203 1313 299 1386 Neque
311 1314 383 1369 enim
398 1330 458 1386 quae
473 1315 604 1369 habemus
617 1315 651 1368 ab
666 1328 710 1383 eo,
726 1327 836 1369 seruare
857 1320 904 1368 aut
957 1317 1184 1392 perientur:quae
1199 1322 1345 1381 tormenta,
1356 1312 1417 1386 quis
1426 1311 1550 1368 iniamus
1559 1311 1760 1368 intolerabilior

105 1410 202 1459 tenere
217 1419 360 1474 possumus
373 1404 431 1459 sine
446 1418 490 1460 eo.
504 1404 581 1459 Nunc
595 1419 660 1460 vero
676 1404 759 1476 (quod
777 1420 832 1459 non
846 1404 904 1459 sine
958 1414 1050 1482 potest
1074 1405 1245 1477 excogitari?
1270 1401 1419 1474 prmaeium
1434 1400 1497 1473 qnia
1515 1406 1543 1457 et
1569 1407 1644 1456 tanto
1665 1400 1761 1456 labore

107 1490 202 1547 dolore
215 1490 350 1563 loquimur
364 1501 410 1547 aut
439 1491 572 1562 videmus)
601 1499 665 1548 sunt
694 1492 776 1564 aliqui
805 1492 850 1564 qui
877 1492 905 1548 in
958 1502 1127 1571 premuntur,
1144 1502 1172 1550 et
1185 1493 1304 1551 aoelestis
1319 1491 1397 1562 panis
1411 1506 1465 1547 non
1481 1496 1668 1545 sustentantur
1686 1490 1760 1545 cdu-

107 1579 293 1641 conversione
306 1580 384 1637 initio
406 1579 472 1636 satis
500 1580 617 1641 timorati
644 1588 673 1636 et
698 1580 804 1637 solliciti
831 1589 904 1643 sunt,
958 1587 1005 1645 lio.
1020 1586 1054 1645 lli
1068 1591 1132 1641 mot
1145 1584 1191 1656 qui
1204 1583 1232 1639 in
1246 1581 1381 1657 adjutorio
1394 1579 1525 1639 altissimi
1539 1594 1595 1636 non
1623 1579 1760 1647 habitant,

108 1666 197 1724 donec
210 1660 315 1723 initium
329 1666 439 1740 aliquod
452 1668 669 1725 conversationis
683 1667 777 1741 latias,
792 1683 907 1724 conver·
922 1649 944 1729 Β
960 1675 1023 1746 quia
1050 1672 1208 1744 desperant.
1231 1670 1339 1728 Priores
1361 1678 1451 1728 autem
1475 1667 1576 1725 idcirco
1604 1683 1659 1724 non
1687 1684 1763 1739 quae-

108 1755 202 1830 sionis]
217 1756 388 1830 acceperint;
404 1763 506 1813 etcum
528 1756 613 1814 malta
641 1757 728 1829 magis
749 1756 907 1814 desiderare
960 1771 1033 1831 runt,
1049 1762 1111 1835 quia
1124 1774 1297 1833 nequaquam
1326 1757 1377 1814 sibi
1402 1756 1467 1813 illud
1486 1756 1673 1814 necessarium
1694 1771 1761 1812 sen-

109 1844 270 1910 dehaerant,
279 1844 450 1916 juxtaillud:
466 1846 907 1916 Quieduatmaadltuccrarieot
960 1852 1041 1909 aiunt.
1057 1849 1179 1906 Extremi
1193 1863 1259 1904 vero
1273 1855 1421 1920 propterea
1442 1844 1525 1921 longe
1547 1853 1621 1910 suut,
1640 1843 1704 1916 quia
1726 1858 1763 1900 eo

109 1932 209 2004 (Eucti.
225 1948 307 2004 xxiv,
323 1936 386 2005 29);
402 1935 534 2008 incipiunt
547 1934 587 1991 sic
600 1949 684 2007 agere
698 1949 730 1990 ac
751 1934 774 1989 si
795 1934 905 1991 dicant:
960 1939 1041 1997 modo
1055 1946 1180 2011 quoerunt
1194 1936 1321 1993 auxilinm
1336 1936 1394 2003 Dei,
1410 1950 1464 2008 quo
1479 1932 1604 1991 obtinere
1626 1948 1681 1989 non
1696 1948 1764 2005 pos-

109 2021 211 2096 thuid
238 2023 263 2079 ei
291 2022 441 2080 serviamus
460 2024 540 2095 ultra,
564 2022 673 2095 qnando
693 2023 749 2092 iam
776 2021 908 2079 habemus
960 2039 1033 2087 sant.
1048 2027 1104 2085 Soli
1119 2026 1233 2084 enimin
1258 2024 1392 2096 adjutorio
1407 2022 1537 2080 altissimi
1552 2021 1685 2090 habitant,
1713 2020 1762 2097 qui

109 2111 184 2183 qood
198 2111 309 2167 datarus
324 2113 389 2167 est?
402 2111 426 2169 0
440 2112 463 2168 si
475 2112 559 2169 scires
572 2127 654 2185 quam
667 2127 763 2185 pumat
778 2110 906 2183 estquod
960 2118 989 2175 id
1012 2119 1098 2175 solum
1126 2117 1250 2173 obtinere
1277 2114 1445 2182 desiderant,
1473 2110 1502 2168 id
1524 2111 1612 2169 solum
1634 2111 1762 2167 amittere

110 2198 207 2265 habes,
220 2206 249 2254 Θῑ
261 2199 313 2256 hou
327 2199 415 2271 ituum
431 2215 513 2272 (tuum
525 2201 580 2257 uilu
594 2202 705 2273 perdes,
721 2200 809 2257 uiuuu
819 2216 908 2257 uuuuu·
960 2208 1110 2279 trepidant,
1127 2205 1221 2261 sedula
1234 2203 1306 2260 circa
1320 2202 1385 2259 iilud
1401 2208 1429 2258 et
1444 2201 1557 2258 solliu'ta
1576 2199 1762 2277 congitatione

110 2289 180 2347 verit
194 2288 239 2346 ille
253 2289 300 2362 qni
313 2288 405 2345 dedit!
421 2290 485 2347 llaec
499 2290 571 2346 enim
581 2291 635 2347 duo
653 2297 716 2347 sunt
740 2306 802 2363 quae
828 2288 907 2347 vulda
961 2303 1113 2360 uersantes,
1128 2294 1189 2366 quae
1204 2303 1245 2348 est
1259 2291 1354 2363 utique
1367 2287 1456 2363 pietas
1470 2288 1557 2345 cultus
1580 2285 1640 2344 Dei.
1665 2286 1764 2341 Beatus

111 2378 238 2435 sollicitos
252 2386 280 2434 et
297 2377 437 2449 subjectos
450 2380 507 2435 Deo
521 2395 572 2437 nos
593 2379 710 2436 reddere
728 2386 850 2451 possunt,
879 2386 909 2435 ut
962 2386 1043 2463 plane
1056 2383 1102 2455 qni
1125 2383 1164 2438 sia
1177 2380 1281 2436 habitat
1295 2379 1323 2435 in
1337 2377 1472 2448 adjutorio
1491 2375 1631 2441 altissimi,
1647 2373 1713 2448 quia
1733 2373 1762 2429 in

111 2482 166 2522 uuu
183 2465 266 2522 uuuuu
280 2464 315 2523 du
333 2466 376 2522 hu
388 2467 433 2538 (tui
449 2476 594 2538 propterea
609 2484 664 2522 uuu
679 2468 802 2523 hubitant
814 2467 842 2522 iu
856 2469 907 2523 ad·
962 2473 1131 2546 protectione
1146 2469 1196 2526 liei
1209 2469 1270 2526 coeli
1285 2466 1506 2525 commorabitur.
1532 2465 1602 2537 Quid
1617 2463 1642 2520 ei
1661 2478 1763 2520 nocere

109 2555 212 2627 jutorio
227 2554 367 2623 Altissimi,
383 2555 445 2628 quia
461 2571 515 2612 nou
530 2564 656 2626 reputant
668 2555 734 2612 illud
750 2556 800 2612 sihi
813 2573 909 2614 ueces-
962 2562 1064 2635 poterit
1078 2576 1173 2617 eorum
1187 2575 1248 2631 quae
1263 2559 1313 2614 sub
1328 2554 1397 2613 caelo
1408 2564 1482 2625 sunt,
1497 2571 1580 2628 quem
1602 2554 1676 2611 Deus
1701 2550 1764 2608 coelt

111 2644 213 2700 sadum
229 2659 307 2710 888θὶ
323 2649 351 2699 ul
365 2643 392 2699 hl
405 2651 469 2699 suut
484 2643 531 2716 qui
546 2658 601 2700 uuu
616 2651 728 2716 uuuruul
741 2643 768 2698 iu
783 2645 907 2702 Dumium
962 2660 1109 2726 protegere
1124 2657 1152 2705 et
1170 2663 1333 2706 conservare
1356 2644 1494 2703 voluerit?
1516 2646 1599 2701 Porro
1622 2644 1672 2699 sub
1693 2640 1765 2698 ooelo

148 2736 175 2788 2.
191 2733 364 2789 Suntautem
379 2732 467 2789 etalii
481 2733 527 2804 qui
542 2740 569 2788 at
583 2732 744 2804 desperant;
761 2732 788 2787 lii
806 2733 910 2790 scilicet
962 2747 1025 2796 sunt
1048 2753 1217 2812 quaeeunque
1241 2751 1343 2793 nocere
1369 2739 1492 2806 possunt.
1523 2732 1580 2789 Sub
1607 2731 1677 2788 coelo
1699 2738 1766 2788 sunl

113 2821 159 2894 qui
174 2822 378 2878 considerantes
391 2821 602 2878 imbecillitatem
615 2821 762 2893 propriam,
782 2820 910 2879 deficiunt
962 2844 1051 2885 aereae
1068 2833 1229 2900 potestates,
1257 2825 1308 2881 sub
1326 2823 1395 2881 coelo
1418 2838 1539 2896 presens
1563 2821 1691 2878 seculum
1715 2836 1765 2876 no·

113 2908 202 2970 m
215 2920 243 2968 el
257 2911 407 2968 uhruuuiur
420 2927 436 2967 u
450 2910 670 2985 pusillanimitate
689 2910 809 2982 Suillius,
831 2910 909 2966 hubi·
963 2933 1053 2990 quam,
1068 2923 1096 2972 et
1109 2930 1173 2972 earo
1196 2913 1326 2970 adversas
1339 2911 1462 2984 spiritum
1480 2909 1689 2983 concupiscens.

112 3009 203 3059 tentes
217 3001 244 3058 in
258 3017 341 3059 carne
354 3018 412 3073 sua,
426 3009 455 3058 et
475 3001 546 3058 circa
568 2999 751 3057 inllmiitatem
774 2959 947 3074 propriamc
1000 3009 1026 3062 l.
1055 3004 1163 3075 Optime
1177 3003 1259 3074 igitur
1272 3001 1373 3058 dictam
1388 3008 1449 3056 est:
1481 3001 1514 3058 la
1527 3000 1700 3073 protectione
1715 2999 1767 3055 Dei

112 3106 223 3164 sumile?
240 3090 348 3157 luitulfi,
376 3099 407 3147 ul
432 3089 525 3147 omnia
547 3105 607 3162 que
630 3089 777 3161 uniuntur,
802 3104 910 3145 curuum
963 3096 1026 3155 celi
1039 3093 1271 3158 commoraturum
1292 3099 1322 3147 ut
1344 3089 1409 3145 nihil
1432 3104 1527 3145 eornm
1545 3104 1607 3160 quae
1630 3085 1681 3142 sub
1694 3086 1765 3144 coelo

113 3193 275 3238 enumerare
289 3178 376 3252 parati
390 3178 453 3235 sint.
470 3179 522 3236 Ubi
545 3177 619 3234 enim
639 3176 801 3245 intenderis,
828 3178 910 3250 inge·
963 3191 1026 3240 cunt
1039 3183 1136 3239 timere
1146 3181 1239 3253 possit,
1252 3175 1585 3251 quisquisprotectionem
1595 3172 1765 3246 ejmnaoere

113 3269 188 3324 nium
202 3267 284 3325 valet.
299 3267 329 3322 tn
344 3267 478 3338 adiutorio
505 3274 596 3322 autem
620 3267 671 3322 uei
695 3283 750 3323 non
778 3268 909 3339 habitant,
963 3273 1108 3340 memorie
1122 3270 1179 3327 sivo
1194 3270 1231 3324 ita
1245 3269 1348 3324 aiaton
1363 3265 1408 3335 sit,
1424 3274 1454 3323 nt
1467 3265 1501 3320 aa
1516 3278 1625 3321 versum
1641 3277 1764 3334 sequen-

114 3372 204 3429 nequc
218 3363 352 3412 noverunt
366 3355 441 3422 iliud,
458 3354 592 3437 quodnoc
621 3371 764 3427 assurgere
793 3354 909 3427 valeant,
964 3368 1019 3418 tem
1033 3360 1119 3419 oratio
1133 3357 1305 3430 dependeat:
1324 3357 1378 3427 Qui
1393 3355 1548 3411 actitatio
1562 3351 1765 3421 adiutoriorii·

113 3454 145 3502 nt
170 3445 315 3518 aliqnando
343 3445 464 3521 cogitent
489 3442 565 3499 illud.
595 3443 663 3499 Sunt
685 3450 776 3499 autem
799 3443 843 3497 alii
865 3444 911 3515 qui
965 3451 1078 3515 tissimi,
1089 3450 1121 3513 ia
1130 3449 1301 3522 protectione
1310 3446 1361 3502 Dei
1369 3446 1434 3501 aoeli
1448 3439 1676 3506 commorabitur,
1692 3438 1768 3498 dieat

114 3543 227 3605 sperant
241 3533 351 3607 quidem
365 3533 393 3590 in
405 3533 532 3604 Domino,
547 3531 596 3588 sed
609 3530 727 3600 frustra3
746 3533 810 3606 quia
823 3532 862 3589 sic
875 3533 911 3589 de
964 3538 1080 3595 Domino
1115 3536 1262 3607 susceptor
1271 3549 1351 3589 meua
1360 3550 1388 3591 aa
1397 3538 1442 3600 tu,·
1453 3539 1481 3587 et
1492 3529 1527 3585 ait
1536 3525 1723 3602 quoddicitur,
1734 3528 1768 3582 ia

115 3621 301 3680 misericordia
316 3621 376 3693 ojus
389 3621 440 3677 sibi
453 3621 521 3692 ipsis
534 3620 720 3687 blandiuntur,
731 3629 761 3678 nt
770 3622 913 3693 apeccatis
962 3628 1137 3702 protectione
1151 3627 1202 3683 Dei
1211 3626 1276 3680 ceti
1284 3622 1513 3693 commorabitur,
1524 3618 1655 3692 expositio
1664 3633 1769 3689 praece-

114 3712 171 3771 suis
185 3728 240 3770 non
255 3711 446 3769 emendentur.
463 3712 537 3767 llana
550 3717 593 3766 est
606 3710 717 3767 omnino
733 3726 797 3782 spes
812 3711 873 3781 ista,
884 3720 912 3767 et
965 3715 1055 3772 dentis
1075 3715 1175 3786 partis:
1207 3715 1261 3783 Qui
1276 3711 1383 3770 dabitat
1397 3713 1429 3768 iu
1443 3711 1585 3783 adjutoria
1608 3707 1765 3765 ditissimi:

115 3805 174 3860 haea
188 3802 335 3870 confundit,
351 3800 472 3874 eoquod
490 3800 608 3857 chamas
635 3798 714 3855 desit·
740 3799 841 3855 Contra
863 3803 913 3856 ltus
965 3817 1012 3861 ant
1026 3805 1112 3878 magis
1125 3803 1227 3860 addere
1242 3799 1376 3867 videatur,
1392 3808 1422 3856 ot
1437 3815 1492 3856 non
1506 3800 1593 3855 solnm
1603 3794 1769 3867 adjutorium

115 3893 262 3965 propheta:
278 3889 559 3963 domitoremque,
571 3890 767 3964 paipecaulia
779 3905 827 3961 spa
838 3891 910 3960 (25);
966 3894 1181 3966 adoperandum
1196 3892 1306 3956 bonum,
1321 3884 1371 3946 's'ed
1386 3888 1590 3962 protectionem
1605 3900 1715 3959 quoque
1733 3884 1767 3940 ad

117 3988 145 4038 et
159 3980 247 4036 alius:
263 3979 473 4053 Beaeplaaitum
488 3982 530 4036 ast
545 3980 663 4036 Domino
678 3994 763 4052 super
779 3979 913 4035 timentes
966 3980 1137 4038 liberandum
1149 3994 1165 4035 a
1178 3978 1250 4035 mulo
1264 3978 1362 4036 doceat
1375 3989 1438 4034 csse
1451 3974 1636 4050 quaerendam.
1656 3975 1770 4029 atvero

117 4087 191 4138 mm,
204 4073 273 4130 etia
283 4071 322 4126 eis
341 4071 389 4144 qui
407 4072 524 4143 sperant
537 4083 624 4141 super
641 4067 834 4125 misericordia
853 4070 914 4139 cius
967 4068 1113 4143 diligenter
1126 4066 1238 4124 attende
1254 4065 1327 4140 quod
1341 4069 1374 4122 ia
1386 4066 1558 4139 protectione
1571 4062 1647 4129 dicit,
1664 4076 1730 4133 non,
1741 4061 1768 4116 in

118 4163 208 4233 (Ptuu
223 4174 319 4225 cmvi,
334 4159 391 4230 11)·
409 4157 547 4227 Dicturus,
567 4158 615 4231 (Μ’
627 4159 755 4229 uerunt.
772 4155 915 4227 uiguuulut
968 4158 1120 4232 praesentia.
1137 4156 1260 4229 Angelus
1273 4156 1300 4211 iu
1314 4153 1458 4227 praesentia
1478 4154 1537 4223 ejus
1560 4150 1689 4217 exsultat3
1715 4164 1768 4223 ega

118 4250 256 4325 praemisit,
262 4249 488 4321 supertimeates
498 4262 574 4303 aum.
585 4246 695 4302 Frustra
704 4245 838 4318 siquidem
852 4260 914 4316 spe·
929 4266 953 4344 υ
969 4248 1071 4304 uanam
1085 4245 1186 4316 possim
1199 4244 1227 4299 in
1242 4244 1303 4315 ejas
1314 4243 1484 4314 protectione
1495 4238 1604 4295 morari.
1617 4238 1771 4294 lllebeatas

119 4335 643 4414 rat,quicantemptusuogratiamase
659 4333 776 4406 repellit,
793 4340 821 4390 et
838 4349 914 4405 spem
938 4368 941 4374 -
969 4338 995 4393 in
1009 4334 1173 4407 praesentia;
1189 4346 1241 4405 ego
1256 4331 1359 4388 uiuam
1386 4330 1415 4386 in
1433 4327 1588 4400 pretatione
1612 4328 1663 4383 sim
1683 4344 1767 4384 sccu-

119 4442 319 4500 snamprorsns
333 4433 454 4484 evacuat.
970 4440 1027 4480 rus.
1041 4423 1174 4488 Beicoeti,
1190 4419 1287 4492 inquit.
1311 4418 1383 4474 Licet
1406 4416 1480 4473 enim
1502 4414 1603 4487 ubique
1631 4429 1692 4470 esse
1714 4428 1771 4470 non

156 4523 182 4576 3.
202 4517 295 4575 Nullus
310 4531 377 4591 ergo
392 4515 488 4572 horum
502 4513 582 4571 trium
596 4512 699 4569 habitat
723 4512 752 4568 in
780 4511 917 4580 adjutorio
969 4512 1117 4578 dubitetur,
1130 4508 1270 4565 sictamen
1284 4504 1312 4561 in
1323 4506 1392 4563 coeio
1403 4510 1456 4570 est,
1470 4511 1500 4560 ιιι
1515 4503 1548 4558 ad
1573 4504 1633 4573 ejus
1654 4513 1769 4574 compa·

119 4607 259 4667 ditissimi.
274 4606 379 4663 Primus
398 4605 471 4662 enim
492 4603 596 4661 habitat
618 4602 646 4658 in
661 4601 764 4658 meatis
778 4601 845 4666 suis,
869 4616 917 4657 se·
970 4601 1103 4657 rationem
1117 4614 1169 4655 nec
1183 4613 1244 4654 esse
1259 4594 1383 4653 videatur
1396 4594 1424 4650 in
1440 4593 1529 4650 terris.
1551 4589 1639 4650 880
1657 4592 1772 4662 Propter

120 4697 225 4756 cundus
240 4697 269 4753 in
284 4696 383 4769 poenis,
399 4693 494 4752 tertius
508 4693 628 4750 invitiis.
645 4690 786 4746 immunda
808 4688 917 4745 habita·
970 4691 1043 4765 quod
1059 4698 1087 4747 ot
1107 4694 1216 4746 orantes
1242 4686 1373 4743 dicimus:
1400 4688 1487 4742 Pater
1500 4689 1604 4753 noster,
1624 4681 1674 4754 qui
1692 4695 1720 4736 cs
1741 4681 1773 4735 ia

120 4788 158 4844 tio
174 4787 254 4854 tertii,
269 4786 349 4842 anxia
362 4783 485 4854 secundi,
510 4782 590 4839 stulta
615 4789 642 4838 et
656 4778 809 4853 periculosa
826 4778 916 4851 primi.
970 4779 1047 4837 culix
1062 4778 1172 4851 (llattlr.
1187 4791 1227 4845 m,
1243 4775 1283 4846 9).
1299 4774 1373 4831 Sicut
1387 4772 1461 4829 enim
1475 4772 1575 4840 anima,
1590 4784 1651 4827 cum
1665 4765 1694 4822 in
1713 4773 1772 4823 toto

120 4875 191 4945 Quid
205 4875 278 4932 enim
292 4874 399 4931 stultius
413 4887 494 4947 quam
509 4871 631 4927 hahitare
648 4869 676 4925 in
698 4869 779 4926 domo
801 4868 846 4925 vix
867 4868 916 4924 ad·
971 4881 1080 4939 quoque
1094 4865 1128 4920 ait
1141 4879 1267 4936 corpore,
1282 4861 1459 4920 excellentius
1481 4868 1572 4915 tainen
1595 4866 1623 4913 et
1647 4854 1770 4929 singula-

121 4965 175 5019 lruc
201 4961 350 5018 inchoarat
378 4963 587 5019 consummasse
611 4966 638 5015 te
661 4957 766 5030 putas?
797 4958 834 5014 Αι
857 4971 918 5014 aum
972 4957 1082 5012 rinsest
1095 4953 1236 5026 incapite,
1249 4951 1278 5009 in
1292 4967 1348 5026 quo
1369 4957 1431 5007 sunt
1457 4962 1554 5004 omnes
1575 4960 1672 5001 sensas
1696 4942 1772 5013 (nam

122 5051 349 5109 consummaverit
362 5051 454 5115 homo,
470 5059 534 5106 tunc
550 5047 644 5121 incipit
666 5048 763 5121 (ficati.
780 5060 863 5111 xviri,
880 5049 917 5116 d).
971 5045 1001 5100 in
1015 5042 1120 5100 ceteris
1135 5042 1260 5098 omnibus
1270 5039 1400 5097 membris
1422 5037 1466 5093 vix
1486 5050 1569 5091 unum
1593 5039 1704 5089 exercet
1725 5044 1772 5087 so·

124 5142 247 5214 Denique
262 5138 370 5195 ruinosa
385 5147 427 5195 est
441 5138 550 5194 omnino
564 5138 622 5195 haec
644 5137 783 5204 hahitatio,
809 5144 836 5193 et
859 5151 920 5208 que
972 5134 1038 5201 lum,
1052 5131 1153 5190 scilicet
1167 5140 1279 5196 tactum,
1295 5129 1367 5186 ande
1382 5134 1514 5199 qnantum
1529 5122 1563 5180 ad
1580 5137 1642 5179 eum
1661 5117 1773 5174 madum

23 5276 26 5283 .
123 5228 268 5291 sustentari
282 5226 369 5300 magis
382 5226 562 5297 opusnabeat
576 5231 605 5281 et
619 5223 715 5294 fulciri,
740 5239 820 5298 qnam
841 5222 920 5279 inha-
972 5238 1027 5296 quo
1042 5223 1069 5278 in
1083 5221 1173 5294 capite
1191 5227 1244 5288 est,
1259 5226 1358 5274 caetera
1372 5215 1493 5272 membra
1508 5213 1615 5271 videtur
1638 5207 1773 5283 quodam-

125 5321 214 5378 bitari.
230 5320 328 5375 Nonne
343 5314 395 5372 vita
409 5330 531 5388 praesens
546 5313 649 5389 fragilis
667 5324 710 5375 est
737 5322 766 5372 ct
792 5313 920 5371 incerta?
973 5311 1055 5376 modo
1076 5324 1132 5369 non
1160 5314 1215 5365 tam
1241 5305 1394 5365 inhabitare
1417 5320 1500 5379 quum
1527 5299 1654 5378 regere),
1683 5296 1720 5353 ita
1748 5294 1772 5351 si

125 5499 185 5574 (ti)
198 5498 334 5556 incertum
348 5493 410 5567 quis
427 5492 479 5551 iata
493 5494 636 5568 propbeta,
652 5492 704 5553 aiei
727 5492 765 5552 xit
780 5491 926 5564 iamiar,
938 5491 984 5567 qai
1000 5488 1089 5547 simite
1102 5485 1226 5551 hebetia
1239 5498 1301 5559 cap.
1318 5497 1385 5553 xvir,
1401 5488 1429 5548 a,
