3734 5948
162 197 210 251 ott

161 320 295 380 estimato
309 327 352 377 est
374 317 483 374 afflictio
506 318 594 375 exitus
616 335 720 391 eorum,
737 328 764 378 et
784 322 823 380 sic
846 325 958 399 quidem

161 411 213 469 visi
227 417 289 467 suut
303 409 387 465 oculis
400 406 586 479 insipientium
603 410 687 465 mori:
711 412 779 470 ltili
801 418 906 485 eutem,
923 417 959 471 ait

162 500 309 572 Propheta,
321 500 406 555 nimia
415 499 548 555 ltonorott'
557 503 960 572 rnoteoutcttot,oeae-nimo

163 590 340 661 confortatus
350 595 389 644 est
395 589 691 661 principoloseorum.
700 590 818 661 Fratres,
827 595 905 650 amici
912 596 960 651 Dei

162 681 230 737 mori
250 679 375 736 videntur
389 678 474 734 oculis
488 679 687 750 insipientium
702 682 750 737 sad
765 683 792 738 iu
808 685 894 740 oculis
913 702 959 741 sa-

162 769 292 842 pientium
314 767 470 838 judicantur
493 768 582 836 potius
601 768 767 827 obdormire.
784 774 910 846 Denique
933 783 961 830 et

161 859 281 916 Lazarus
294 858 456 926 dormiebat,
468 856 531 928 quia
545 856 648 914 amicus
663 870 722 917 arat
734 862 823 932 [foen.
840 878 881 933 xv,
895 866 938 934 ll)
953 883 958 921 :

162 956 190 1006 et
205 965 266 1005 cum
281 946 388 1002 dederit
402 946 507 1001 dilectis
531 946 586 1001 suis
611 964 746 1018 somnum,
763 967 826 1007 ecce
846 952 961 1008 haeredi-

164 1046 204 1094 tas
219 1037 325 1093 Domini
337 1033 425 1106 (Psoi.
441 1050 542 1100 cxxvi,
558 1039 585 1101 2,
600 1039 636 1106 3).

199 1135 227 1187 6.
245 1131 416 1202 Studeamus,
434 1131 540 1197 fratres,
556 1132 649 1188 vivere
673 1129 727 1187 vita
747 1132 892 1199 justorum,
912 1131 961 1187 sed

162 1231 250 1291 morte
273 1236 369 1277 eorum
388 1221 456 1278 mori
480 1223 564 1277 multo
587 1220 673 1292 magis
697 1219 893 1276 desideremus.
910 1222 961 1278 Sa-

162 1311 264 1383 pientia
288 1311 361 1365 enim
383 1313 517 1380 justorum
540 1293 687 1366 novissimi
709 1309 829 1382 praefert,
845 1309 886 1366 ibi
912 1326 963 1366 nos

161 1399 296 1470 judicans,
312 1398 359 1454 urbi
374 1413 424 1455 nos
438 1398 584 1455 invenerit.
594 1398 712 1455 Omnino
722 1415 837 1455 necesse
848 1409 891 1455 est
902 1400 963 1457 vitae

163 1489 309 1562 praesentis
321 1488 402 1545 finem
420 1489 517 1544 futurae
534 1488 672 1545 cohaerere
694 1486 839 1559 principio,
851 1505 903 1545 nec
926 1490 963 1545 ibi

163 1577 312 1635 tolerabilis
326 1577 513 1633 dissimilitudo
533 1584 584 1633 est.
600 1577 674 1633 Sicut
697 1577 769 1633 euim
785 1578 806 1633 si
822 1577 885 1651 quis
909 1578 963 1634 duo

624 192 652 250 s.
669 193 1011 260 remurmuremus
1026 190 1353 271 nuuuamuuius'rs

1763 230 1814 288 tra
1852 202 1860 251 ¹

976 341 999 422 fl
1015 331 1134 403 quodam
1147 341 1358 408 superorientis
1382 345 1537 416 praeseutia*
1551 355 1726 422 respuentes.
1741 354 1815 413 lteatl
1854 336 1860 377 ¹

1015 421 1061 492 qui
1075 423 1220 482 novissima
1234 430 1388 501 provident,
1400 433 1427 490 iu
1443 439 1650 496 mausuetudine
1664 442 1815 516 suscipien-
1858 455 1860 463 ’

1015 516 1055 565 tes
1082 511 1192 572 insitum
1219 519 1341 588 verbum,
1357 525 1431 595 quod
1461 541 1556 583 eorum
1580 528 1687 587 salvare
1710 532 1815 591 animas

1015 607 1115 671 potest,
1125 611 1152 658 et
1167 605 1267 676 pietate
1281 612 1370 668 cordis
1385 613 1419 669 ad
1435 615 1552 672 futuram
1568 618 1684 676 tendunt
1699 620 1817 679 haeredi·

1015 693 1106 745 tatem.
1137 694 1213 750 Reati
1236 699 1283 770 qui
1307 701 1449 772 pristinum
1471 705 1656 779 intelligentes
1680 725 1815 778 errorem,

1014 779 1118 836 crebris
1141 782 1232 840 lavant
1249 787 1375 860 lacrymis
1399 792 1500 849 lectum
1524 812 1612 854 suum.
1639 797 1724 855 Vides
1749 800 1815 874 quid

1015 876 1089 939 optat
1105 871 1144 927 vir
1159 880 1279 942 sanctus,
1290 880 1354 950 quid
1368 881 1491 938 obtinere
1506 885 1580 957 cupit
1591 887 1639 953 eis,
1651 904 1702 959 pro
1716 888 1817 962 quihus

1015 956 1098 1012 orat?
1117 963 1238 1030 Utinam,
1254 965 1350 1037 iuquit,
1364 977 1504 1043 separent,
1520 979 1547 1031 el
1561 974 1773 1048 intelliperent,
1783 994 1818 1034 oc

1015 1051 1168 1107 nouissima
1181 1056 1359 1125 providerent
1371 1059 1430 1116 ihc
1439 1061 1461 1116 si
1476 1061 1645 1119 manifestius
1656 1065 1732 1121 dicat
1741 1083 1749 1121 ι
1759 1065 1820 1122 Uti·

1015 1152 1078 1192 nam
1094 1147 1167 1195 esset
1180 1141 1209 1196 in
1224 1143 1264 1198 eis
1279 1145 1388 1215 spiritus
1402 1149 1552 1219 sapientiae,
1568 1159 1595 1207 et
1616 1152 1817 1226 intelligentia,

1015 1234 1097 1297 atque
1121 1230 1241 1288 consilii!
1269 1234 1375 1291 Utinam
1400 1238 1458 1295 haec
1475 1239 1504 1294 in
1527 1240 1606 1296 nobis
1630 1239 1817 1314 inveniantur,

1017 1314 1125 1383 fratres,
1155 1328 1185 1374 ut
1207 1322 1328 1378 suaviter
1350 1327 1442 1381 omnia
1465 1336 1557 1383 nostra
1581 1345 1631 1401 per
1653 1329 1818 1401 sapientiam

1017 1404 1203 1481 disponamus,
1219 1417 1248 1465 ut
1261 1410 1400 1470 intellectu
1415 1416 1554 1487 praeterita
1570 1424 1684 1490 peccata
1698 1419 1819 1477 damne-

1016 1509 1087 1564 mus,
1102 1504 1131 1551 ut
1144 1498 1334 1569 provideamus
1349 1503 1438 1560 futura
1453 1506 1580 1564 consilio!
1594 1507 1703 1564 Utinam
1724 1508 1817 1582 sapiass

1017 1597 1077 1636 mus
1090 1585 1124 1638 ad
1141 1586 1282 1657 praesentis
1297 1589 1359 1645 vita
1373 1593 1588 1650 moderationem
1598 1595 1604 1649 l
1616 1595 1721 1651 utinam
1736 1595 1821 1654 intet-

164 1667 225 1734 sibi,
242 1675 271 1723 ut
285 1666 323 1722 ita
333 1667 457 1732 dixerim,
472 1665 603 1722 cinctoria
616 1682 750 1723 consuere
769 1675 816 1722 aut
833 1667 964 1740 colligare
979 1657 1002 1736 Β
1016 1668 1131 1742 ligamus
1144 1674 1179 1728 ad
1194 1678 1338 1747 praeteritae
1361 1682 1573 1742 correctionem!
1591 1683 1695 1740 utinam
1719 1685 1820 1744 devota

163 1756 290 1823 voluerit,
302 1756 391 1811 miuus
406 1757 440 1811 de
452 1755 565 1828 reliquis
575 1757 698 1828 partibus
708 1771 815 1826 curans,
830 1760 889 1828 ipsa
903 1774 964 1830 quae

165 1846 217 1902 sibi
245 1845 396 1916 copulanda
422 1850 484 1899 sunt
510 1845 607 1915 capita,
628 1844 798 1900 uniformiter
820 1853 908 1916 parat,
930 1862 964 1902 ne

165 1934 343 1991 dissideauta
365 1950 396 1989 se
419 1934 500 2005 ipsis;
517 1933 553 1988 ita
577 1934 638 1990 dico
656 1934 743 2000 vobis,
767 1934 964 2006 quantumlibet

165 2023 299 2079 exstiterit
322 2023 494 2079 conversatio
515 2023 673 2094 spiritualis,
699 2023 723 2078 si
745 2024 861 2079 carnalis
884 2023 965 2080 fucrit

166 2112 363 2169 consummatio
379 2120 480 2180 nostra,
496 2112 562 2169 vitae
575 2112 611 2167 illi
626 2112 758 2184 spirituali
781 2112 890 2185 penitus
909 2129 963 2170 non

165 2204 295 2268 cotuaeret,
311 2217 439 2258 neccaro
455 2211 482 2257 et
495 2202 606 2276 sanguis
627 2218 742 2272 regnum
766 2202 815 2258 Dei
837 2211 966 2273 poterunt

65 2337 67 2343 .
166 2291 317 2363 possidere.
339 2293 405 2362 Fili,
425 2291 462 2345 ait
485 2291 609 2361 Sapiens,
633 2307 791 2350 munerare
814 2293 964 2350 novissime

168 2384 229 2449 leo,
245 2385 274 2437 et
287 2396 343 2437 non
356 2383 481 2453 peccabis
496 2382 594 2452 (aceti.
611 2397 658 2446 vu,
675 2380 731 2452 to).
744 2381 876 2436 Nimirum
892 2381 964 2454 quod

168 2471 227 2526 haec
240 2469 356 2525 maxime
377 2469 527 2526 recordatio
543 2469 623 2525 faciat
636 2470 806 2538 timoratum,
823 2471 904 2526 timor
918 2486 965 2526 ex·

111 2587 115 2594 ·
165 2560 249 2632 pellat
264 2566 415 2630 peccatum,
434 2558 630 2634 negligentiam
644 2574 700 2614 non
715 2559 848 2617 admittat.

203 2653 230 2704 7.
248 2648 314 2705 lliuc
333 2657 361 2704 et
384 2649 493 2719 lloyses
518 2648 553 2703 de
577 2646 758 2718 quibusdam:
779 2650 902 2718 Utinam,
917 2647 964 2721 ait,

168 2742 309 2812 superent,
317 2743 344 2793 et
355 2739 597 2808 irraellt'perentmc
608 2738 760 2793 novitsimu
768 2738 967 2811 providerent!

168 2827 264 2898 (Dent.
276 2840 370 2895 axau,
386 2830 444 2897 29.)
459 2827 488 2880 ln
502 2825 600 2897 quibus
614 2825 707 2897 ntique
721 2825 812 2881 verbis
828 2826 878 2881 tria
892 2828 971 2897 quae·'

1018 1759 1045 1814 in
1060 1761 1146 1816 Deum
1158 1762 1210 1819 sude
1222 1767 1421 1838 provideamus,
1433 1780 1463 1827 ut
1473 1771 1581 1829 felicem
1591 1773 1819 1846 habeamus,ipso

1018 1849 1175 1922 miserante,
1191 1860 1465 1916 consummationeml
1482 1862 1531 1919 llic
1545 1862 1617 1919 enim
1640 1871 1683 1920 est
1705 1862 1818 1919 funicu-

1018 1935 1060 1993 lus
1075 1939 1181 2013 triplex,
1197 1959 1251 2015 quo
1266 1948 1398 2004 trahimur
1412 1951 1446 2006 ad
1461 1951 1574 2009 salutem
1587 1973 1595 2020 ;
1610 1951 1738 2010 ordinata
1751 1967 1820 2010 oon·

1018 2028 1146 2101 versatio,
1162 2040 1263 2088 rectum
1277 2036 1419 2105 judicium,
1439 2036 1508 2095 fides
1523 2039 1631 2096 devota.

1330 2125 1448 2184 SEltth
1462 2127 1508 2183 lll.

1018 2218 1057 2274 De
1071 2217 1188 2275 lectione
1198 2215 1263 2271 libri
1272 2215 1425 2288 sapientia
1434 2235 1463 2271 :r
1476 2219 1510 2274 lli
1518 2217 1652 2275 semiviri
1660 2217 1821 2277 macroce-

1202 2287 1266 2344 dt'oe.
1283 2305 1298 2338 ιι
1314 2288 1401 2357 (dccl.
1418 2302 1494 2357 xurv,
1512 2292 1556 2356 to,
1574 2291 1631 2361 ll.)

1056 2379 1081 2431 l.
1093 2376 1200 2442 Merito,
1214 2375 1323 2443 fratres,
1339 2375 1468 2447 apostolis
1482 2378 1582 2434 sanctis
1591 2377 1716 2435 attribuit
1730 2385 1820 2436 mater

1018 2467 1147 2533 Ecclesia,
1160 2467 1232 2539 quod
1253 2465 1282 2520 iu
1297 2465 1444 2537 Sapientia
1458 2465 1533 2522 libris
1551 2467 1670 2542 legitur:
1693 2470 1729 2526 lli
1747 2473 1819 2526 sont

1018 2557 1074 2612 uiri
1084 2554 1291 2621 etdericordioe,
1306 2570 1428 2626 quorum
1434 2556 1560 2627 justitie
1574 2555 1742 2614 obliuionem
1759 2572 1819 2614 non

1024 2648 1210 2718 occeperunt:
1223 2661 1289 2701 cam
1304 2645 1411 2702 semine
1436 2660 1533 2700 eorum
1551 2649 1720 2718 permeent
1734 2645 1817 2703 beno.

1020 2734 1089 2789 Sunt
1104 2734 1177 2788 euim
1192 2733 1219 2788 hi
1234 2733 1315 2806 plane
1328 2732 1378 2789 viri
1393 2733 1595 2800 misericordiae,
1610 2734 1668 2790 sive
1682 2733 1745 2808 quia
1764 2735 1818 2790 mi·

1020 2822 1195 2880 sericordiam
1210 2821 1360 2889 consecuti,
1375 2823 1432 2879 sive
1448 2823 1511 2896 quia
1525 2823 1711 2881 misericordia
1732 2823 1818 2895 pleni,

168 2916 231 2971 dam
250 2916 328 2972 nohis
350 2916 430 2971 rideo
453 2913 654 2979 commendari;
675 2913 846 2987 sapientiam,
861 2914 964 2972 intelli·
1020 2929 1069 2969 seu
1087 2914 1150 2985 quia
1164 2913 1375 2968 misericorditer
1393 2913 1480 2968 abeo
1495 2913 1574 2970 uobis
1588 2913 1680 2969 donati
1693 2921 1769 2970 suut.
1785 2913 1821 2968 Et

169 3003 299 3080 gentiam,
323 3004 530 3077 providentiam.
559 3002 684 3059 Arbitror
705 3019 772 3060 sane
801 3003 887 3060 trihus
919 3020 966 3061 eas
983 2979 1004 3059 Β
1020 3003 1081 3060 vide
1109 3019 1190 3075 quarn
1213 3001 1426 3058 misericordiam
1450 3002 1590 3058 consecuti
1609 3008 1681 3059 sunt.
1703 3002 1821 3058 Paulum

92 3162 101 3171 ι
169 3097 299 3172 assignari
315 3111 397 3167 posse
417 3093 593 3165 temporibus,
611 3100 640 3149 ut
662 3094 822 3151 aeternitatis
842 3094 966 3166 quaedam
1019 3093 1158 3164 interroga
1173 3093 1207 3148 de
1222 3108 1252 3148 se
1266 3091 1336 3163 ipso,
1352 3091 1395 3147 vel
1417 3091 1503 3163 magis
1526 3097 1624 3162 sponte
1644 3089 1821 3148 confitentem

168 3188 258 3255 imago
273 3184 417 3240 reformari
430 3185 554 3240 videatur
568 3185 595 3239 in
609 3184 699 3251 nohis,
716 3185 861 3257 prasentia
875 3185 969 3241 mode·
1019 3183 1149 3239 ausculta.
1169 3184 1221 3252 Qoi
1239 3184 1286 3253 soi
1299 3182 1485 3254 blaephemas,
1501 3185 1528 3239 et
1542 3185 1711 3254 perseeutor,
1723 3186 1752 3241 et
1762 3183 1820 3239 iai·

169 3273 292 3330 rantibus
306 3289 356 3344 per
370 3273 541 3344 sapientiam,
555 3274 691 3344 preterita
700 3289 752 3344 per
760 3274 967 3348 intelligentiam
1020 3289 1107 3347 qous,·
1118 3272 1166 3329 sed
1179 3272 1403 3328 misericordiam
1418 3276 1584 3328 consecutos
1600 3287 1663 3328 sam
1678 3270 1705 3343 (l
1718 3273 1786 3329 lim.
1799 3287 1819 3342 ι·,

169 3362 391 3434 dijudicantibus,
405 3362 551 3416 novissima
562 3361 767 3433 providentibus
777 3360 811 3416 ad
822 3361 966 3419 cantelam.
1022 3364 1078 3431 l3).
1095 3361 1162 3431 Quis
1171 3361 1245 3415 enim
1260 3375 1315 3416 noo
1330 3359 1433 3416 audivit
1448 3367 1548 3434 quanta
1562 3359 1632 3415 mala
1647 3359 1746 3416 fecerit
1757 3376 1820 3417 sau·

169 3453 233 3508 llaec
261 3467 359 3523 nempe
383 3449 529 3522 spiritualis
553 3457 595 3505 est
620 3449 742 3506 exercitii
771 3465 886 3516 summa,
910 3451 969 3506 haec
1020 3451 1070 3507 ctis
1084 3451 1112 3505 iu
1127 3451 1301 3506 Jerusalem?
1315 3466 1366 3505 nec
1389 3450 1475 3505 solum
1496 3449 1524 3505 iu
1546 3449 1709 3516 Jerusalem,
1725 3451 1775 3506 sed
1793 3458 1821 3506 et

169 3541 250 3597 studii
265 3539 426 3614 spiritualis,
443 3546 473 3595 ut
484 3538 807 3610 sapienterdisponamus
823 3538 969 3612 praesentia
1021 3557 1071 3610 per
1095 3547 1176 3596 totam
1200 3539 1322 3595 Iudaeam
1344 3539 1458 3594 insaniae
1483 3538 1620 3595 ferebatur
1644 3538 1770 3607 habenis,
1791 3549 1821 3596 ut

170 3639 273 3695 nostra,
292 3629 473 3706 recogitemus
487 3628 515 3684 in
534 3627 713 3685 amaritudine
737 3629 835 3685 animae
855 3635 967 3694 nostra,
1022 3629 1122 3686 Christi
1139 3630 1260 3684 membra
1274 3628 1389 3683 laniaret
1401 3628 1429 3683 iu
1446 3627 1533 3684 terris.
1551 3628 1675 3698 Denique
1690 3625 1821 3683 bacfrrria

170 3721 316 3794 praeterita,
329 3720 416 3777 futura
426 3736 535 3792 quoque
545 3716 633 3777 993
644 3717 756 3775 sollicite
767 3718 968 3790 provideamus.
1019 3726 1115 3778 vectus
1127 3719 1193 3786 ibat,
1206 3718 1255 3774 sed
1271 3726 1424 3790 praeveutus
1438 3732 1453 3770 a
1469 3716 1564 3793 gratia
1578 3724 1629 3772 est.
1638 3716 1696 3772 lbat
1710 3717 1818 3789 spirans

171 3814 272 3879 Sobria,
285 3815 312 3869 et
323 3812 654 3883 ostenderemus
671 3812 703 3866 in
724 3811 773 3866 hoc
796 3810 910 3876 secolo,
932 3807 969 3863 ait
1021 3809 1153 3865 minarum
1168 3815 1196 3864 et
1208 3807 1290 3863 credis
1304 3806 1332 3861 iu
1351 3805 1499 3878 discipulos
1520 3803 1639 3870 Domini,
1650 3811 1677 3858 et
1699 3803 1821 3876 discipu·

171 3899 317 3972 Apostolus
335 3901 403 3970 (itt.
427 3914 458 3964 ιι,
477 3901 541 3972 tat:
561 3898 687 3956 videlicet
714 3898 742 3954 iu
772 3898 900 3971 prasenti
928 3913 968 3953 so·
1020 3899 1062 3954 lus
1076 3897 1182 3955 Domini
1199 3897 1284 3952 factus
1297 3903 1347 3962 est,
1363 3895 1406 3951 cui
1430 3893 1621 3951 ostenderetur
1639 3899 1742 3965 quauta
1757 3908 1821 3948 cum
1844 3927 1850 3935 -

171 3990 272 4046 brictas
290 3986 469 4044 observetur:
485 3996 513 4043 ut
526 3990 597 4059 justa
616 3989 801 4046 satisfactione
820 3988 967 4061 praeterita,
1021 3994 1161 4058 oporteret
1184 4002 1233 4057 pro
1252 3985 1361 4042 nomine
1383 3985 1468 4056 ipsius
1491 3984 1555 4055 pati.
1569 3984 1629 4038 lbat
1651 3983 1742 4038 dirum
1765 3990 1821 4039 toto

171 4093 232 4150 quae
247 4076 326 4135 uobis
347 4077 405 4132 sine
426 4076 514 4132 fructu
537 4077 629 4133 salutis
654 4079 820 4149 praeteriere,
844 4088 969 4150 tempora
1021 4093 1136 4150 corpore
1156 4076 1229 4132 virus
1248 4075 1387 4147 exhalans,
1403 4081 1431 4131 et
1445 4073 1533 4130 subito
1556 4073 1584 4127 iu
1608 4072 1751 4128 electionis
1773 4088 1821 4128 vas

171 4167 351 4236 redimantur;
376 4173 406 4221 ut
427 4166 536 4237 pietatis
560 4166 685 4238 clypeum
709 4166 912 4223 imminentibus
933 4169 967 4224 da
1022 4175 1141 4224 mutatus
1164 4175 1215 4232 cst,
1246 4173 1275 4220 ut
1296 4166 1352 4236 iam
1380 4180 1427 4221 cor
1449 4163 1520 4218 illius
1544 4167 1681 4219 eructaret
1706 4163 1822 4220 verbum

170 4257 260 4314 futuro
274 4257 401 4329 periculis
418 4271 598 4330 opponamus.
615 4255 677 4311 Sela
699 4263 741 4311 est
755 4254 828 4312 euim
850 4272 911 4327 quae
933 4258 966 4312 ad
982 4274 1006 4355 Β
1022 4257 1135 4326 bonum,
1145 4256 1257 4311 verbum
1274 4255 1357 4325 pium,
1373 4262 1401 4309 et
1414 4252 1536 4309 diceret:
1551 4253 1678 4319 Domine,
1694 4253 1764 4325 qnid
1777 4270 1822 4311 me

171 4347 262 4404 omnia
276 4347 347 4403 valet
362 4347 458 4418 pietas,
475 4345 562 4402 cultus
575 4344 679 4401 scilicet
693 4344 742 4399 Dei
756 4344 865 4400 humihs
880 4353 906 4400 et
921 4345 968 4401 dc·
1023 4344 1260 4417 olefacerefldct.
1272 4344 1325 4415 tv.)
1335 4340 1822 4416 Haecutique,haecmutatiodeuterae

170 4443 267 4495 votus:
283 4450 333 4492 nec
348 4435 425 4492 aliter
435 4435 513 4492 nobis
529 4442 570 4491 est
584 4433 727 4505 providere
743 4433 899 4502 novissima,
916 4435 968 4491 nisi

171 4536 200 4582 ut
215 4525 351 4594 universa,
368 4542 428 4597 quae
447 4524 525 4582 nobis
540 4523 681 4579 imminere
696 4523 822 4581 videntur
837 4524 967 4596 pericula,

171 4615 265 4671 sedula
280 4614 420 4671 nobiscum
436 4614 598 4687 cogitatione
617 4619 767 4682 versantes,
784 4613 919 4670 discamus
933 4614 968 4669 de

171 4712 263 4762 nostra
277 4705 388 4762 omnino
401 4703 543 4773 industria,
555 4703 640 4778 magis
654 4712 746 4759 autem
760 4703 795 4760 de
809 4705 909 4760 nostris
920 4703 969 4759 dif-

171 4795 256 4852 fidere
272 4795 385 4862 meritis,
400 4802 428 4850 et
450 4794 499 4851 soli
517 4794 616 4850 divinae
638 4809 688 4849 nos
709 4794 871 4866 protectioni
892 4809 968 4851 com·

170 4888 279 4944 mittere
293 4887 338 4959 pio
349 4886 466 4959 quodam
480 4885 581 4941 mentis
596 4883 706 4952 affectu,
723 4890 750 4941 et
764 4882 865 4940 aflectu
884 4884 968 4958 [alios

171 4975 246 5034 deest
265 4982 293 5032 et
316 4974 437 5049 effectu]
458 4976 511 5049 pia
529 4974 687 5031 intentionis
710 4974 739 5029 in
767 4973 865 5045 ipsum,
891 4975 969 5047 cuius

170 5065 418 5136 datumoptimum,
435 5067 580 5122 etdouum
600 5063 755 5138 perfectum
777 5072 820 5120 cst
842 5079 968 5121 consum·

173 5151 253 5211 matio
268 5151 342 5226 felix,
358 5163 386 5210 et
400 5171 473 5213 mors
486 5155 598 5229 pretios.

208 5249 235 5302 8.
250 5244 341 5302 Habes
357 5244 383 5300 iu
398 5247 547 5321 Evangelio
561 5246 612 5302 tria
626 5246 684 5302 baec
699 5244 767 5319 ipsa,
785 5243 831 5300 tihi
842 5259 968 5301 sermone

170 5335 278 5394 Dominl
291 5336 498 5392 commendata:
514 5337 604 5407 Beati,
620 5335 717 5409 inquit,
732 5351 881 5410 pauperes,
897 5335 969 5393 heeft

170 5427 267 5493 mites,
288 5423 362 5483 leoli
384 5425 435 5499 qui
459 5425 554 5497 tepent
577 5426 687 5496 (datto.
704 5440 732 5491 v,
749 5425 813 5497 bb).
828 5422 903 5480 Beati
924 5423 970 5496 qui

170 5512 262 5571 futura
292 5513 413 5586 sapiunt,
441 5528 499 5585 pra·
517 5512 653 5572 desiderio
675 5511 828 5572 emesenus
859 5512 969 5572 interno

1022 4428 1138 4492 Excelsi.
1150 4434 1245 4491 llerito
1255 4433 1370 4505 proinde
1385 4433 1548 4505 loquebatur
1559 4449 1566 4487 ε
1577 4431 1681 4489 fidelia
1689 4448 1782 4491 sermo
1792 4435 1820 4491 et

1021 4526 1100 4584 omrai
1110 4522 1534 4600 acceptieoedipnus,qnooiem
1545 4521 1822 4581 Dominaelesutuoe·

1022 4617 1231 4688 nitpeccntores
1241 4612 1331 4669 salnes
1341 4614 1436 4683 secere
1449 4627 1569 4685 quoram
1577 4612 1690 4684 primus
1702 4624 1820 4681 epotum

1022 4706 1048 4775 (l
1064 4707 1131 4762 lim.
1148 4719 1168 4770 1,
1185 4701 1240 4773 15).
1251 4702 1308 4757 lloc
1321 4698 1703 4774 ergoapudbcatumPaulum
1714 4696 1821 4754 fiducie

1022 4800 1049 4849 et
1063 4790 1255 4848 consolationis
1268 4791 1393 4864 accipite,
1406 4790 1512 4857 fratres,
1524 4797 1553 4846 ut
1564 4789 1599 4845 ad
1609 4789 1752 4846 bominum
1763 4789 1821 4859 janu

1022 4877 1821 4953 conversosuonnimiscrucietpraeteritomm‚couscientia

1021 4972 1196 5038 delictorum3
1213 4970 1261 5026 sed
1272 4977 1376 5027 tantum
1390 4969 1513 5026 humiliet
1526 4984 1584 5039 vos,
1596 4967 1664 5025 sicut
1677 4975 1707 5023 et
1719 4967 1820 5039 ipsum.

1022 5067 1078 5136 Epo
1090 5060 1267 5134 som,iuquit,
1276 5062 1414 5117 minimos
1424 5058 1678 5133 apostolernm‚qttl
1687 5073 1746 5116 nott
1754 5072 1820 5114 mm

1022 5154 1124 5227 dipnos
1138 5153 1233 5210 uocari
1241 5151 1394 5222 apostolos,
1407 5154 1472 5221 polo
1483 5152 1646 5222 persecutos
1656 5162 1719 5204 anm
1729 5147 1822 5204 Eccle-

1022 5246 1095 5301 siam
1110 5242 1159 5298 Dei
1172 5240 1199 5311 (l
1212 5242 1273 5298 Cor.
1287 5253 1339 5304 xv,
1355 5239 1394 5310 9).
1410 5238 1449 5293 lta
1464 5247 1491 5294 et
1506 5253 1557 5294 nos
1577 5234 1751 5293 humiliemur
1769 5235 1823 5292 sub

1022 5332 1126 5405 potenti
1141 5345 1221 5386 mauu
1235 5327 1296 5393 Dei,
1307 5335 1335 5384 et
1349 5326 1475 5384 fiduciam
1485 5327 1644 5394 habeamus,
1653 5322 1743 5384 m
1758 5323 1823 5398 quia

1023 5433 1050 5481 et
1065 5438 1115 5478 nos
1130 5417 1341 5477 misericordiam
1356 5418 1494 5477 consecuti
1504 5433 1607 5486 sumus,
1619 5415 1703 5473 abluti
1716 5428 1822 5482 morus,

1023 5511 1184 5571 sanctificati
1207 5523 1310 5568 sumus.
1325 5510 1360 5567 Et
1382 5509 1435 5568 hoe
1458 5505 1570 5582 quidem
1596 5505 1724 5566 omnbus
1740 5503 1823 5566 nohis
