3734 5948
106 211 163 271 ιιι
606 214 611 221 ·
842 208 1033 269 sasamon.
1125 170 1129 177 ’
1698 214 1752 277 ιιι

105 336 237 396 coutinuo
248 333 352 409 egregii
363 331 446 390 curia
464 332 621 389 cnrisnsns
635 333 735 392 milites
753 335 900 406 prevalere
919 343 983 430 get
996 334 1164 402 abominans,
1181 349 1235 390 non
1250 336 1373 409 suscipit,
1392 352 1447 393 aon
1470 340 1652 412 recognoscit.
1669 341 1752 401 Novit

106 424 232 484 ridentes
245 430 360 479 astutam
376 423 478 479 inimici
493 422 631 490 malitiam,
651 422 773 492 spiritum
793 438 901 479 resum-
957 422 1029 479 iilam
1061 422 1208 495 Sapientiae
1234 423 1360 480 manibus
1387 434 1551 494 contextam,
1580 429 1688 486 tinctam
1724 437 1751 487 ct

106 522 230 586 pserunt,
244 527 317 567 arma
330 510 391 567 fidei
414 511 602 582 corripuerunt
616 527 624 564 ι
639 517 666 566 et
682 511 781 566 maium
795 525 833 566 cx
855 526 900 568 se·
955 517 1085 567 sacratam
1104 511 1176 584 Agni
1195 511 1338 584 sanguine,
1354 528 1369 567 a
1384 511 1492 584 Spouao
1512 515 1563 571 sibi
1583 517 1750 588 derelictam,

106 601 231 674 metipsis
254 599 368 655 viriliter
389 600 551 665 auferentes,
568 598 720 655 Alexander
734 613 795 657 com
810 599 901 656 multia
955 597 1046 654 sfiliis
1060 599 1205 656 sublatam.
1220 599 1307 656 Aliam
1321 601 1419 671 nescit,
1434 603 1480 658 sed
1494 602 1584 672 abiicit
1597 613 1625 660 et
1638 607 1751 678 respuit.

106 690 222 760 Arium;
246 688 413 763 Augustinus
434 687 610 743 ilanicbteum
640 687 791 760 multosque
813 686 898 755 alics;
955 684 1020 741 ldeo
1047 686 1185 757 abjicitur,
1210 687 1357 757 respuitur,
1378 690 1547 762 conspuitur,
1571 699 1597 747 et
1626 693 1752 751 omnibus

105 778 286 848 Hieronymus
325 775 497 846 Epicureum
536 775 715 843 lucinianum,
758 775 901 848 ctamriqne
954 774 1102 846 opprobrio
1116 774 1238 832 babetur.

105 872 217 922 estem
230 864 364 920 haeresam
380 870 407 919 et
430 864 603 919 schismatum
617 869 708 934 pestes
722 863 900 933 pervadentes
990 864 1017 917 7.
1038 863 1101 919 lloec
1120 873 1184 919 sant
1197 870 1297 930 nostra,
1313 865 1370 921 baec
1384 875 1448 922 sam
1462 867 1589 924 Ecclesiae
1602 869 1752 939 periculosa

104 954 148 1012 uel
176 951 281 1009 fortiter
298 951 509 1017 trucidaverunt,
530 951 573 1007 sel
601 951 748 1023 pmdsntcr
767 966 784 1007 a
803 951 901 1008 castris
954 956 1076 1020 tempora
1101 969 1108 1008 :
1134 951 1281 1024 inquibus
1304 952 1332 1007 iu
1357 969 1423 1023 pace
1448 953 1515 1010 iacta
1537 968 1578 1011 est
1601 958 1752 1017 amaritudo

106 1042 294 1114 propulerunt,
311 1054 459 1113 pacemque
474 1039 602 1097 Ecclesiae
617 1050 643 1095 ct
661 1040 790 1112 geladiam
815 1040 898 1097 resti-
953 1038 1013 1108 ejus
1027 1038 1197 1094 amarissima
1211 1041 1276 1111 (bc.
1288 1055 1412 1107 xxxam,
1425 1043 1480 1099 ttl.
1494 1042 1547 1100 Sed
1562 1043 1613 1101 tria
1625 1060 1667 1103 raa
1680 1047 1753 1103 abis

104 1139 225 1188 tnerunt.
954 1136 1017 1184 runt
1032 1141 1039 1181 :
1053 1127 1141 1183 adbuc
1155 1134 1237 1186 restat
1251 1145 1333 1185 unum
1348 1145 1401 1199 ιιι,
1417 1131 1520 1188 scilicet
1537 1132 1650 1208 augelus
1671 1134 1751 1192 Sata·

141 1221 169 1273 o.
183 1217 237 1273 Sed
252 1218 315 1286 beu,
331 1215 400 1273 beai
416 1231 465 1273 nec
480 1231 553 1272 more
568 1215 702 1290 flactibus,
714 1231 765 1274 nec
781 1217 832 1274 ista
845 1217 901 1275 rita
952 1230 1006 1282 nse,
1022 1214 1049 1271 iu
1069 1216 1198 1289 angelum
1217 1218 1286 1275 locis
1309 1234 1339 1275 se
1362 1218 1611 1294 transfiguraturus,
1627 1237 1753 1280 sessurus

104 1322 196 1363 carere
218 1311 307 1377 potest
339 1304 551 1376 tentationibus3
577 1320 627 1361 nec
653 1313 824 1376 potestesse
846 1321 899 1379 pax
952 1303 980 1359 in
1000 1305 1100 1377 templo
1119 1305 1177 1374 Dei,
1200 1314 1228 1362 et
1245 1315 1404 1364 ostensurus
1422 1323 1453 1364 sa
1471 1315 1598 1381 tanquam
1617 1311 1651 1366 sit
1669 1312 1752 1368 Deus.

104 1394 183 1450 tirma
201 1401 227 1450 et
252 1393 348 1463 solida,
364 1393 414 1449 nisi
439 1392 465 1448 in
486 1394 598 1466 regione
621 1408 681 1451 sua.
702 1392 804 1450 Videas
828 1395 899 1452 enim
952 1389 1005 1461 Qut
1023 1393 1081 1463 jam
1101 1393 1230 1465 mysteria
1248 1393 1396 1466 iniquitatis
1414 1403 1543 1469 operatur
1560 1397 1600 1469 (li
1616 1399 1705 1456 litem.
1721 1413 1753 1466 tt,

103 1491 242 1554 peccator,
261 1490 288 1537 et
301 1482 391 1538 invide
405 1482 538 1547 irascitur,
563 1482 689 1539 dentibus
712 1481 802 1539 iremit
815 1490 843 1541 et
856 1490 899 1540 ta·
954 1479 1043 1554 uto),
1058 1482 1218 1553 praenuntiis
1236 1483 1296 1554 ejus
1313 1486 1368 1555 jam
1391 1484 1514 1558 undique
1536 1486 1663 1546 licclssiae
1686 1504 1754 1563 sng-

105 1571 204 1636 beseit,
218 1580 246 1625 et
265 1585 336 1627 nova
358 1586 456 1642 parans
471 1570 541 1626 bella
563 1571 597 1626 ad
621 1571 769 1644 spiritualia
792 1572 901 1629 malitiae
953 1568 1114 1642 gillsutibus
1129 1587 1137 1627 ε
1154 1573 1223 1630 Ecce
1237 1573 1291 1639 lttc,
1307 1576 1337 1631 et
1350 1588 1412 1631 ecce
1432 1574 1494 1632 t'tlt'c
1509 1574 1589 1646 (bac.
1603 1590 1679 1648 xtra,
1694 1577 1753 1648 23).

104 1674 179 1714 arma
211 1674 240 1714 se
277 1658 425 1726 convertit3
457 1673 666 1731 convocansque
695 1659 738 1715 sui
770 1661 902 1718 exercitas
917 1629 938 1706 Β
954 1657 1018 1724 Sed,
1034 1673 1051 1714 o
1066 1659 1172 1731 Sponsa
1185 1659 1297 1727 Christi,
1311 1660 1367 1717 noli
1381 1663 1500 1732 credere,
1516 1664 1571 1720 noli
1591 1664 1665 1721 exire
1680 1681 1687 1721 τ
1704 1663 1752 1720 sed

104 1747 235 1818 egregios
249 1746 309 1801 illos
323 1748 416 1813 duces,
433 1747 560 1816 spiritum
575 1747 676 1805 scilicet
692 1748 899 1816 Fornicationis,
953 1745 1057 1803 sustine
1085 1745 1222 1818 Sponsum
1250 1752 1336 1817 tuum,
1361 1749 1406 1821 qui
1431 1759 1456 1806 te
1478 1766 1533 1808 non
1558 1750 1680 1823 despicit,
1703 1767 1753 1809 nec

103 1833 227 1904 spiritum
240 1833 326 1903 Gulae,
348 1834 469 1905 spiritum
485 1834 611 1893 Avaritiae
635 1855 641 1894 :
663 1835 780 1906 Videtis,
801 1837 900 1910 iuquit,
954 1833 1122 1890 obliviscitur
1141 1834 1170 1889 iu
1192 1833 1391 1892 tribulatione:
1409 1838 1456 1893 sed
1478 1846 1573 1912 quarta
1592 1839 1686 1914 vigilia
1703 1856 1753 1898 vs·

104 1924 170 1995 quia
192 1923 257 1979 nibil
285 1923 451 1995 proficimus,
468 1933 495 1980 st
516 1925 574 1995 iam
597 1932 671 1981 totas
699 1926 818 1982 mundns
840 1931 902 1997 post
953 1920 1008 1977 niet
1022 1920 1057 1976 ad
1072 1928 1098 1978 te
1112 1921 1253 1979 ambulans
1268 1939 1351 1996 super
1366 1939 1441 1981 mare
1453 1926 1565 1996 (battis.
1581 1941 1640 1994 xrs,
1651 1929 1709 1997 Ab).
1720 1930 1755 1984 Et

103 2011 180 2081 ipsos
193 2012 557 2084 soiitsmmnnccxpariri
571 2013 672 2070 babent
691 2013 765 2071 sires
782 2023 900 2079 nostras,
953 2009 1027 2080 veni,
1055 2010 1186 2079 Dominet
1208 2012 1272 2072 veni
1293 2013 1328 2069 ad
1352 2012 1522 2071 liberandum
1548 2030 1619 2083 eam,
1640 2015 1754 2073 Domini·

104 2101 150 2170 qui
160 2100 311 2173 gloriantur
320 2102 414 2172 seiam
424 2101 551 2174 effugisse
559 2102 602 2159 vel
612 2102 727 2160 clusime
735 2110 806 2160 artes
815 2119 898 2162 meas.
956 2099 1031 2154 Deus
1042 2098 1185 2168 virtutum,
1196 2101 1244 2174 qui
1254 2100 1324 2159 titis
1334 2107 1363 2156 tt
1377 2116 1475 2176 regom
1488 2118 1539 2175 pet·
1551 2101 1642 2160 omnia
1655 2105 1754 2159 saecula

102 2190 186 2259 Dixit,
215 2200 244 2247 et
267 2192 363 2249 castris
384 2209 433 2251 eos
461 2193 589 2251 Ecclesiae
608 2192 764 2259 immittens,
784 2201 812 2249 et
834 2192 899 2249 dor·
953 2187 1125 2244 secutorum.
1141 2188 1239 2246 Amen·

104 2279 219 2336 inientes
234 2295 330 2336 omnes
344 2289 371 2338 et
384 2281 476 2338 ebrios
494 2290 575 2338 nocte
598 2279 738 2337 inveniens
756 2280 815 2352 (qni
827 2281 900 2337 enbn
1234 2276 1419 2335 Ptutooaa
1438 2277 1471 2335 V.

102 2366 253 2441 dormiunt,
282 2378 308 2425 et
335 2369 381 2442 qui
400 2369 467 2426 ebrii
498 2376 571 2438 sunt,
601 2376 678 2425 nocte
709 2367 848 2426 dormiunt
874 2377 902 2426 st
1147 2366 1266 2437 Defide,
1280 2381 1338 2440 spe,
1354 2369 1384 2424 et
1404 2367 1554 2426 cltort'tntc.

102 2463 183 2511 nocte
195 2455 263 2511 ebrii
285 2456 359 2527 sunt)
386 2458 412 2526 (i
437 2457 527 2513 Tbess.
553 2469 583 2522 ι,
605 2457 647 2522 tt,
661 2455 788 2512 motione
811 2456 901 2513 omnia
991 2459 1018 2511 t.
1033 2454 1093 2511 ilex
1106 2454 1206 2510 nobilis
1219 2462 1248 2512 et
1263 2462 1363 2526 potens
1376 2463 1431 2512 tras
1445 2454 1538 2511 babuit
1551 2453 1630 2524 illias,
1644 2455 1749 2527 licem,

101 2544 231 2598 turbarit.
254 2544 315 2599 iiox
337 2545 411 2599 enim
433 2560 530 2602 omnes
547 2560 578 2600 se
595 2544 670 2617 ipsos
692 2552 824 2617 amantes,
839 2561 900 2618 que
954 2543 1038 2615 Spem
1061 2548 1088 2598 et
1106 2541 1280 2601 charitatem.
1303 2542 1352 2600 llis
1375 2542 1510 2617 delegarit
1532 2541 1667 2601 dmmtem
1688 2545 1750 2600 exi·

101 2646 153 2686 sua
175 2639 237 2686 sunt
254 2639 419 2704 querentes,
435 2648 490 2689 non
505 2648 566 2704 quae
580 2633 646 2690 lesu
659 2631 769 2702 Christi,
783 2633 899 2690 baeredi—
957 2631 1049 2701 mism,
1074 2632 1220 2688 bumanam
1242 2631 1381 2688 Animam.
1406 2631 1437 2687 ln
1460 2646 1515 2704 qua
1537 2645 1600 2688 aum
1622 2637 1676 2689 tres
1697 2631 1752 2688 siut

101 2725 157 2773 tate
179 2716 231 2772 sibi
254 2716 458 2778 vindicatemnt
475 2720 658 2777 sanctuarium
672 2721 732 2791 Dei,
746 2729 773 2777 et
796 2721 900 2793 pollue·
955 2734 1042 2787 arces,
1070 2718 1286 2789 Rationabilitts,
1317 2717 1576 2792 concupiscibilitas,
1604 2718 1753 2776 lratciblii·

102 2812 166 2862 runt
184 2805 389 2864 tabernaculum
412 2808 531 2864 nominis
554 2809 899 2882 eius(l>sal.nxxr11,'l):
955 2815 1007 2876 tas,
1032 2805 1179 2879 unicuique
1202 2821 1279 2862 sutm
1308 2806 1470 2864 contradidit
1494 2823 1500 2864 :
1524 2804 1600 2863 ticet
1626 2807 1752 2878 primani,

101 2909 157 2950 non
170 2894 227 2950 Deo
240 2894 268 2949 in
282 2910 325 2963 eo,
342 2897 391 2953 sed
409 2896 596 2956 voluntatibus
608 2903 634 2954 et
647 2898 831 2970 uoluptatibus
846 2898 904 2956 suis
919 2895 942 2975 Β
956 2893 1020 2967 Spei
1047 2894 1206 2959 secundam,
1235 2893 1365 2952 charitati
1392 2895 1512 2952 tertiam.
1541 2893 1754 2953 llaticnabilitati

101 2983 258 3051 servientes,
275 2999 388 3056 quaeqm
406 2987 464 3042 Deo
488 2986 577 3044 oblata
598 2986 639 3043 rel
654 2994 768 3056 sacram,
788 2986 818 3043 in
831 3002 896 3044 suos
955 2982 1288 3055 praetermisissemus
1309 2982 1376 3040 iides
1394 2997 1448 3040 non
1462 2982 1544 3040 babet
1556 2983 1693 3051 meritum,
1709 2984 1754 3042 cni

101 3086 167 3126 usus
178 3078 324 3128 sertemes.
340 3073 481 3132 Facientes
494 3076 565 3132 enim
589 3074 641 3132 sibi
653 3075 688 3131 de
702 3074 856 3132 nominibus
867 3082 897 3132 et
956 3073 1072 3126 bumana
1086 3070 1154 3127 ratio
1174 3072 1278 3141 praebet
1298 3071 1524 3143 experimentum.
1543 3070 1751 3143 concnpbciot·

102 3157 199 3216 officiis
221 3161 362 3233 religionis
388 3163 500 3219 nomina
521 3171 549 3219 et
573 3163 745 3221 auctoritates
768 3163 899 3234 arantis,
954 3158 1021 3215 limi
1035 3159 1112 3229 Spes,
1129 3158 1192 3232 (luia
1206 3158 1398 3229 ⁰⁰¹¹⁰¹¹lli⁸⁶‘³¹'e
1414 3173 1464 3215 ⁰⁰³
1478 3172 1534 3215 ΜΕ
1549 3157 1615 3215 litet
1632 3174 1693 3232 (tote
1706 3159 1750 3220 vi-

103 3246 226 3303 elationis
240 3256 267 3303 et
282 3248 418 3319 sanitatis,
430 3249 547 3308 tunicam
563 3250 636 3305 iliam
648 3250 788 3307 charitatis
800 3250 896 3306 incon·
956 3245 1062 3314 ‹tenns,
1073 3246 1120 3303 sed
1135 3261 1196 3320 qnae
1209 3260 1367 3318 speramus;
1378 3254 1406 3303 et
1413 3262 1476 3320 spes
1490 3261 1552 3321 que
1565 3247 1685 3316 ridetur,
1696 3261 1751 3305 oon

102 3334 209 3390 sutilem
228 3336 347 3409 desuper
360 3345 460 3394 textam
477 3353 524 3410 per
547 3346 634 3395 totum
654 3337 746 3411 (toan.
767 3354 824 3413 xix,
839 3339 896 3412 2³),
953 3341 993 3391 est
1015 3350 1090 3407 spes.
1117 3333 1297 3392 irascibilitati
1321 3334 1454 3406 Charitas,
1467 3334 1558 3393 femor
1574 3335 1678 3394 scilicet
1697 3337 1753 3392 ler-

104 3438 322 3496 pnrpureumque
346 3425 412 3481 illud
432 3425 496 3482 fidei
511 3426 620 3498 pallium
635 3426 756 3500 pretioso
770 3427 901 3501 sanguiue
953 3424 1024 3492 tori,
1039 3430 1069 3480 ut
1092 3422 1184 3481 ferror
1206 3422 1313 3479 virtutis
1336 3422 1436 3483 lectori
1459 3429 1563 3481 nature
1585 3423 1751 3495 domioetur,

104 3513 226 3579 tinctum,
243 3512 342 3583 quibus
356 3514 505 3570 nuditatem
519 3529 630 3586 sponsae
650 3516 773 3587 Sponsas
787 3528 900 3589 operue-
952 3513 1008 3569 imo
1024 3513 1115 3570 fervor
1128 3513 1259 3571 naturalis
1277 3513 1381 3570 attollet
1395 3524 1425 3571 sc
1438 3513 1466 3569 in
1484 3512 1619 3570 terrorem
1631 3514 1750 3571 uirtutis.

103 3608 317 3673 rat=caeteraqnc
345 3600 486 3674 religionis
508 3610 674 3672 ornamenta,
700 3603 844 3660 reluctanti
872 3613 900 3661 et
953 3602 1086 3676 lngreasae
1108 3601 1173 3667 illae,
1198 3617 1368 3674 unaqueque
1391 3616 1442 3674 pm
1465 3616 1548 3673 posse
1571 3616 1623 3658 suo
1637 3602 1749 3659 domam
1802 3634 1807 3643 ·

104 3689 260 3745 reclamanti
287 3688 416 3745 Ecclesia
445 3691 619 3747 detrauemnt
642 3707 650 3745 ι
673 3706 786 3763 eamque
811 3691 899 3748 deca·
954 3705 1031 3744 suam
1053 3689 1160 3746 ordinat
1182 3698 1209 3767 et
1231 3697 1367 3760 pmcnrat.
1390 3687 1541 3744 Custodem
1563 3704 1631 3764 ergo
1652 3687 1751 3746 domus

104 3776 209 3845 dantes,
223 3777 573 3850 necsetestientes,qnam
587 3779 725 3836 custodire
738 3779 899 3849 debuerant,
954 3792 1011 3834 suaa
1034 3776 1063 3832 in
1085 3776 1303 3833 Rationabilitate
1325 3775 1405 3831 Fides
1427 3773 1503 3846 ponit
1524 3775 1706 3846 tradentium,
1721 3782 1751 3832 ut

104 3864 207 3919 nudam
221 3864 398 3938 reliquerunt,
414 3873 441 3922 et
454 3867 489 3922 de
503 3873 574 3923 stata
601 3865 701 3939 quietis
722 3881 782 3923 eam
805 3873 900 3924 entur-
954 3879 1035 3921 sunm
1048 3866 1094 3936 ius
1107 3866 1135 3921 in
1149 3879 1182 3922 ea
1196 3864 1248 3920 sibi
1262 3871 1414 3934 conservet,
1430 3864 1604 3921 strationem
1618 3865 1669 3922 sub
1683 3865 1752 3939 legi·

105 3954 210 4025 bantes,
237 3961 366 4024 quantum
396 3953 423 4009 in
452 3953 520 4028 ipsis
547 3964 598 4024 est,
619 3955 653 4011 de
676 3956 779 4012 mundo
805 3954 900 4030 lugere
954 3954 1006 4010 bus
1025 3952 1088 4010 lidei
1104 3959 1131 4011 et
1145 3952 1218 4009 intra
1238 3951 1370 4010 terminos
1384 3968 1400 4008 a
1413 3951 1467 4010 lida
1492 3952 1596 4025 positos
1617 3953 1751 4012 cohibeat.

105 4041 304 4110 compulerunt.
953 4043 988 4100 lit
1015 4049 1104 4099 autem
1133 4039 1291 4100 fiducialiter
1311 4041 1340 4098 in
1359 4041 1442 4099 domo
1467 4050 1569 4114 ageret,
1596 4041 1701 4100 addidit
1716 4044 1753 4099 *et

143 4131 170 4186 6.
195 4129 249 4185 Sed
271 4131 318 4186 iila
345 4133 475 4202 clamans,
499 4132 619 4204 plorans,
638 4139 666 4188 et
687 4132 788 4189 nudata
809 4131 900 4204 turpi-
954 4130 1152 4188 obedientiam.
1176 4132 1212 4189 Ut
1233 4129 1392 4189 Obedientia
1414 4145 1572 4204 processum
1599 4130 1701 4204 operis,
1725 4140 1754 4188 et

106 4214 210 4280 tudine,
232 4214 341 4274 ΝΜ
359 4228 387 4275 et
411 4219 588 4293 discoopertis
613 4219 730 4289 natibus,
745 4219 834 4277 omnia
851 4235 901 4279 oc·
916 4179 1126 4276 ntolerantiam
1144 4221 1257 4277 baberet
1278 4219 1390 4289 laboris,
1407 4217 1527 4275 subdidit
1541 4226 1569 4274 et
1583 4216 1750 4278 Patientiam.

107 4302 180 4359 culta
203 4312 230 4358 et
253 4305 378 4376 pudenda
402 4324 451 4366 sna
475 4308 541 4366 risui
564 4309 685 4367 omnium
701 4307 805 4366 deiiens
816 4322 902 4380 espo-
956 4308 992 4365 Ut
1004 4315 1094 4367 antem
1112 4308 1191 4365 etiam
1211 4306 1364 4365 interiorem
1382 4313 1490 4364 actuum
1507 4304 1550 4363 tel
1565 4320 1695 4364 sensnum
1709 4306 1752 4362 ia-

107 4392 169 4459 sita,
183 4398 243 4449 orat
256 4391 327 4449 tilios
339 4396 410 4452 uteri
425 4397 478 4463 sui,
492 4413 542 4456 nec
561 4398 740 4465 miserentur,
764 4398 901 4464 obsecrat,
955 4396 1058 4454 millam
1077 4412 1173 4471 regere
1191 4398 1260 4454 bene
1277 4403 1369 4469 posset
1387 4403 1414 4451 et
1433 4394 1604 4466 dispensare,
1619 4393 1705 4468 ipsam
1725 4394 1751 4451 ei

106 4489 135 4538 et
164 4482 300 4538 irridetur.
316 4483 349 4538 iit
375 4490 488 4557 utraque
514 4500 594 4543 mma
622 4487 687 4544 totis
704 4487 807 4546 uiribus
834 4501 900 4559 pan·
954 4486 1190 4559 Dispensationem
1218 4482 1331 4542 suffecit.
1359 4483 1396 4541 Ut
1413 4481 1560 4539 secundnm
1588 4481 1752 4557 Apostolum

107 4570 212 4626 nicolas
231 4569 362 4641 quosdam
382 4570 520 4629 canonice
542 4574 585 4630 sei
612 4573 772 4631 monasticae
794 4574 902 4647 religio·
958 4575 1069 4632 honeste
1083 4583 1110 4630 et
1124 4572 1275 4631 secundum
1289 4571 1412 4630 ordinem
1430 4569 1522 4628 omnia
1535 4569 1631 4629 flarent
1643 4572 1673 4646 (i
1689 4573 1755 4648 Gor,
1863 4643 1864 4647 Ἰ

107 4656 161 4722 nis,
190 4660 235 4728 qui
259 4659 304 4716 vix
334 4675 433 4714 manus
453 4659 637 4730 diripientium
664 4662 825 4737 effugerant,
850 4661 904 4719 cir·
956 4677 1017 4733 xri,
1033 4662 1089 4735 to),
1105 4660 1208 4718 addidit
1228 4660 1308 4716 etiam
1326 4666 1353 4717 et
1375 4658 1513 4718 Ordinem.
1536 4660 1577 4716 Ne
1600 4656 1754 4719 maledictio

109 4761 140 4803 ca
154 4761 200 4802 cor
224 4754 251 4801 st
274 4746 371 4803 vitales
390 4747 450 4802 illas
468 4756 560 4819 partes
581 4749 745 4825 astringens,
769 4751 821 4806 hos
847 4750 903 4805 sal·
957 4751 1071 4806 intraret
1093 4750 1204 4805 domum
1230 4747 1387 4818 (maledicta
1410 4745 1499 4802 omnis
1520 4746 1618 4803 domus
1640 4745 1755 4803 indisci-

109 4842 162 4889 tem
177 4835 274 4890 dimitti
290 4835 341 4892 sibi
354 4844 489 4908 precatur,
501 4850 554 4893 nec
567 4836 685 4894 auditur.
695 4839 730 4894 Et
742 4838 817 4909 ipsos
831 4839 903 4896 enim
958 4837 1081 4910 plinata),
1096 4836 1235 4896 custodem
1249 4836 1277 4891 in
1291 4845 1370 4908 porta
1383 4835 1475 4906 posuit
1487 4833 1675 4906 Disciplinam.

109 4923 152 4977 sui
170 4924 219 4993 iiii,
236 4939 290 4980 non
304 4927 443 4994 custodes,
459 4925 508 4982 sed
522 4926 650 4994 latrones,
665 4927 784 4997 diripere
797 4941 903 4984 consu·
993 4932 1020 4983 t.
1043 4928 1111 4999 Spes
1134 4933 1220 4983 autem
1245 4925 1273 4981 in
1297 4922 1566 4997 Concupiscibiiltate
1588 4922 1680 4980 domui
1699 4938 1756 4980 sum

109 5019 171 5076 tur;
195 5020 226 5068 ut
247 5017 289 5069 vel
319 5013 467 5069 nuditatem
485 5030 563 5070 sunm
591 5029 645 5070 non
674 5013 774 5082 ferens,
790 5016 825 5072 de
850 5018 905 5073 boo
957 5016 1134 5074 Sobrietatem
1150 5015 1279 5089 praefecit,
1294 5023 1324 5071 ut
1336 5018 1382 5086 jus
1395 5027 1475 5069 suum
1488 5011 1516 5067 in
1530 5026 1562 5067 ea
1576 5010 1628 5068 sibi
1642 5026 1753 5069 conser-

109 5101 210 5156 muudo
224 5101 320 5173 fugiat.
332 5103 374 5159 vel
383 5102 455 5159 inter
464 5118 513 5159 eos
527 5102 554 5157 in
569 5100 673 5175 frigore
687 5103 796 5160 matitia
810 5118 903 5161 eornm
956 5114 1041 5172 naret,
1057 5112 1084 5161 et
1099 5104 1259 5176 principales
1282 5103 1343 5176 ejus
1364 5101 1417 5157 sibi
1435 5114 1543 5172 semper
1562 5100 1666 5160 servire
1679 5116 1753 5158 com·

111 5189 251 5245 moriatur.
273 5190 419 5264 Fingentes
442 5199 532 5248 tanim
553 5205 747 5265 nonnunquam
771 5209 801 5250 se
827 5193 905 5252 miso.
958 5196 1080 5267 pelleret.
1103 5193 1139 5250 Ut
1152 5203 1241 5249 autem
1261 5191 1418 5249 inferiorem
1441 5189 1610 5246 voluntatum
1632 5191 1752 5248 ettalu-

109 5277 173 5346 reri,
187 5286 289 5336 vestem
305 5280 338 5337 de
356 5281 530 5338 simulatione
553 5283 683 5339 virtutum
703 5289 731 5338 ct
752 5281 905 5340 dissimula·
958 5289 1061 5356 ptatum
1080 5278 1210 5337 iatniliam
1228 5280 1344 5338 discrete
1363 5293 1457 5354 regere
1475 5275 1626 5346 sufficeret,
1646 5275 1709 5350 ipsa
1727 5278 1754 5336 ei

111 5367 187 5423 tione
201 5367 346 5437 Vitiomm,
361 5386 442 5426 manu
466 5369 625 5442 Hypocrisia
638 5370 776 5444 utrimque
794 5378 905 5430 contex-
958 5370 1080 5428 subdidit
1101 5366 1307 5427 Discrctionem.
1331 5367 1382 5424 Cui
1403 5367 1485 5423 etiam
1506 5373 1600 5423 contra
1622 5367 1754 5440 concupi·

113 5465 167 5512 um
181 5458 302 5515 tendere
323 5457 362 5514 illi
389 5467 529 5518 conantur.
551 5457 638 5529 Quam
656 5459 702 5516 illa
721 5459 861 5518 detestans
878 5477 894 5519 e
959 5458 1090 5519 scentiam
1108 5456 1199 5516 carnis
1220 5456 1325 5513 addidit
1345 5454 1545 5514 continentiam
1565 5464 1663 5513 contra
1683 5468 1753 5514 oon-
